{"path_per_floor":["M","M","?","$","M","R","M","M","T","R","$","R","M","M","R","B",null,"M","?","M","$","?","R","?","$","T","M","?"],"character_chosen":"THE_SILENT","items_purchased":["Deadly Poison","Dagger Spray","Ginger"],"gold_per_floor":[118,130,205,108,127,127,140,150,220,220,121,121,133,144,144,242,242,252,352,364,19,19,19,19,19,45,55,55,55],"floor_reached":29,"campfire_rested":0,"playtime":974,"current_hp_per_floor":[70,70,59,59,59,59,59,64,64,64,64,64,54,47,47,29,75,69,69,44,44,44,44,44,44,44,24,24,0],"items_purged":["Defend_G","Strike_G","Strike_G"],"gold":55,"score":215,"play_id":"366e4395-2f4f-4512-9965-c72020c91a51","local_time":"20180518215729","is_prod":false,"is_daily":false,"chose_seed":false,"is_ascension_mode":false,"campfire_upgraded":5,"timestamp":1526691449,"campfire_choices":[{"data":"Noxious Fumes","floor":6,"key":"SMITH"},{"data":"Bullet Time","floor":10,"key":"SMITH"},{"data":"Cloak And Dagger","floor":12,"key":"SMITH"},{"data":"Deadly Poison","floor":15,"key":"SMITH"},{"data":"Acrobatics","floor":23,"key":"SMITH"}],"path_taken":["M","M","?","$","M","R","M","M","T","R","$","R","?","M","R","BOSS","M","?","?","$","?","R","?","$","T","M","?","M"],"build_version":"2018-05-17","seed_source_timestamp":25564377281932,"purchased_purges":3,"victory":false,"master_deck":["Defend_G","Defend_G","Defend_G","Defend_G","Strike_G","Strike_G","Strike_G","Survivor","Neutralize","Cloak And Dagger+1","Noxious Fumes+1","Deadly Poison+1","Sucker Punch","Bullet Time+1","Dagger Spray","Corpse Explosion","Backstab","Acrobatics+1","Underhanded Strike","Corpse Explosion","Dagger Throw+1","Dagger Throw","Parasite","Tactician","Burst"],"max_hp_per_floor":[70,70,70,70,70,70,70,75,75,75,75,75,75,75,75,75,75,75,75,75,75,75,75,75,75,75,75,75,75],"relics":["Ring of the Snake","The Courier","Orrery","Ginger","Blood Vial"],"card_choices":[{"not_picked":["Riddle With Holes","Malaise"],"picked":"Cloak And Dagger","floor":1},{"not_picked":["Reflex","Bouncing Flask"],"picked":"Noxious Fumes","floor":2},{"not_picked":["Acrobatics","Prepared"],"picked":"Sucker Punch","floor":5},{"not_picked":["Flying Knee","Outmaneuver","PiercingWail"],"picked":"SKIP","floor":7},{"not_picked":["Acrobatics","Skewer"],"picked":"Bullet Time","floor":8},{"not_picked":["Cloak And Dagger","Dagger Throw","Riddle With Holes"],"picked":"SKIP","floor":13},{"not_picked":["Prepared","Dagger Spray","Slice"],"picked":"SKIP","floor":14},{"not_picked":["Grand Finale","Storm of Steel"],"picked":"Corpse Explosion","floor":16},{"not_picked":["Poisoned Stab","Dodge and Roll"],"picked":"Backstab","floor":17},{"not_picked":["Prepared","Concentrate"],"picked":"Acrobatics","floor":17},{"not_picked":["Acrobatics","Distraction"],"picked":"Underhanded Strike","floor":17},{"not_picked":["Flying Knee","Crippling Poison"],"picked":"Corpse Explosion","floor":17},{"not_picked":["PiercingWail","Underhanded Strike+1"],"picked":"Dagger Throw+1","floor":18},{"not_picked":["Setup+1","Cloak And Dagger"],"picked":"Dagger Throw","floor":20},{"not_picked":["Backflip+1","Flying Knee","Deflect+1"],"picked":"SKIP","floor":27}],"player_experience":798579,"potions_floor_usage":[8,16,20],"damage_taken":[{"damage":0,"enemies":"2 Louse","floor":1,"turns":3},{"damage":0,"enemies":"Jaw Worm","floor":2,"turns":6},{"damage":0,"enemies":"Cultist","floor":5,"turns":3},{"damage":0,"enemies":"Gremlin Gang","floor":7,"turns":6},{"damage":0,"enemies":"Exordium Wildlife","floor":8,"turns":4},{"damage":10,"enemies":"Lots of Slimes","floor":13,"turns":3},{"damage":7,"enemies":"2 Fungi Beasts","floor":14,"turns":3},{"damage":18,"enemies":"Hexaghost","floor":16,"turns":10},{"damage":6,"enemies":"3 Byrds","floor":18,"turns":5},{"damage":25,"enemies":"Spheric Guardian","floor":20,"turns":4},{"damage":22,"enemies":"Snecko","floor":27,"turns":5},{"damage":30,"enemies":"Slaver and Parasite","floor":29,"turns":3}],"relics_obtained":[{"floor":9,"key":"The Courier"},{"floor":26,"key":"Blood Vial"}],"event_choices":[{"event_name":"World of Goop","player_choice":"Gather Gold","floor":3,"damage_taken":0},{"event_name":"Golden Shrine","player_choice":"Pray","floor":19,"damage_taken":0},{"event_name":"Match and Keep!","player_choice":"2 cards matched","floor":22,"damage_taken":0},{"event_name":"The Library","player_choice":"Read","floor":24,"damage_taken":0},{"event_name":"Ghosts","player_choice":"Ignored","floor":28,"damage_taken":0}],"boss_relics":[{"not_picked":["Tiny House","Lizard Tail"],"picked":"Orrery"}],"potions_floor_spawned":[5,7,16],"seed_played":"3559725944763111101","killed_by":"Slaver and Parasite","ascension_level":0,"potions_obtained":[{"floor":5,"key":"Swift Potion"},{"floor":7,"key":"Fruit Juice"},{"floor":16,"key":"Fire Potion"}],"is_trial":false}