{"path_per_floor":["M","?","?","$","M","R","$","R","T","E","?","?","$","M","R","B",null,"M","T","M","M","?","R","?","R","T","M","?","M","M","M","R"],"character_chosen":"IRONCLAD","items_purchased":["Paper Frog"],"gold_per_floor":[110,285,285,35,52,52,52,52,105,140,140,215,140,150,150,254,254,272,272,289,308,233,233,233,233,256,270,270,282,297,310,310],"floor_reached":33,"campfire_rested":2,"playtime":778,"current_hp_per_floor":[80,80,80,80,80,80,80,80,80,78,62,51,51,57,57,29,80,55,55,51,38,38,62,62,62,62,66,66,50,41,22,46],"items_purged":["Defend_R"],"gold":310,"score":244,"play_id":"9be0d423-f1c1-42dd-8264-cf15dc7d41ff","local_time":"20180318112806","is_prod":false,"is_daily":false,"is_ascension_mode":false,"campfire_upgraded":4,"timestamp":1521383286,"path_taken":["M","?","?","$","M","R","?","R","T","E","?","?","$","M","R","BOSS","M","?","M","M","?","R","?","R","T","?","?","M","M","M","R","BOSS"],"build_version":"2018-03-15v3","purchased_purges":2,"victory":false,"master_deck":["Strike_R","Strike_R","Strike_R+1","Strike_R+1","Strike_R+1","Defend_R","Defend_R+1","Bash+1","Flex+1","Rampage"],"max_hp_per_floor":[80,80,80,80,80,80,80,80,80,80,80,80,80,80,80,80,80,80,80,80,80,80,80,80,80,80,80,80,80,80,80,80],"relics":["Burning Blood","Orichalcum","Paper Frog","Bag of Marbles","Ancient Tea Set","Black Star","Sundial","Prayer Wheel","Bronze Scales","Spirit Poop"],"card_choices":[{"not_picked":["Perfected Strike","Immolate"],"picked":"Flex"},{"not_picked":["Shockwave","Evolve"],"picked":"Rampage"}],"player_experience":589632,"potions_floor_usage":[27,31,33,33],"damage_taken":[{"damage":4,"enemies":"Small Slimes","floor":1,"turns":3},{"damage":0,"enemies":"2 Louse","floor":5,"turns":3},{"damage":8,"enemies":"Gremlin Nob","floor":10,"turns":3},{"damage":0,"enemies":"Jaw Worm","floor":14,"turns":1},{"damage":34,"enemies":"Slime Boss","floor":16,"turns":9},{"damage":31,"enemies":"3 Byrds","floor":18,"turns":7},{"damage":10,"enemies":"Shell Parasite","floor":20,"turns":3},{"damage":19,"enemies":"Centurion and Healer","floor":21,"turns":6},{"damage":2,"enemies":"Snecko","floor":27,"turns":3},{"damage":22,"enemies":"Sentry and Sphere","floor":29,"turns":5},{"damage":15,"enemies":"Snake Plant","floor":30,"turns":2},{"damage":25,"enemies":"Cultist and Chosen","floor":31,"turns":4},{"damage":33,"enemies":"Collector","floor":33,"turns":5}],"event_choices":[{"event_name":"Liars Game","player_choice":"agreed","floor":2,"damage_taken":0},{"event_name":"Living Wall","player_choice":"Forget","floor":3,"damage_taken":0},{"event_name":"Shining Light","player_choice":"Entered Light","floor":11,"damage_taken":0},{"event_name":"World of Goop","player_choice":"Gather Gold","floor":12,"damage_taken":0},{"event_name":"Beggar","player_choice":"Gave Gold","floor":22,"damage_taken":0},{"event_name":"The Mausoleum","player_choice":"Yes","floor":24,"damage_taken":0},{"event_name":"Bonfire Elementals","player_choice":"CURSE","floor":28,"damage_taken":0}],"boss_relics":[{"not_picked":["Snecko Eye","Ectoplasm"],"picked":"Black Star"}],"potions_floor_spawned":[5,10,21,27,29,30],"seed_played":"-2248377053614840800","killed_by":"Collector","ascension_level":0,"is_trial":false}