{"path_per_floor":["M","$","?","?","M","R","M","?","T","M","M","$","?","M","R","B",null,"M","M","$","M","?","R","M","R","T","M","M","?","M","$","R"],"character_chosen":"IRONCLAD","items_purchased":[],"gold_per_floor":[114,39,114,114,132,132,147,147,147,158,177,77,77,93,93,195,195,207,217,92,112,112,112,126,126,177,192,206,206,217,67,67],"floor_reached":33,"campfire_rested":3,"playtime":556,"current_hp_per_floor":[71,71,60,46,52,52,58,58,58,62,68,68,73,66,66,47,77,73,69,69,35,35,58,43,66,66,52,58,58,43,43,77],"items_purged":["Defend_R","Defend_R","Strike_R","Strike_R"],"gold":67,"score":241,"play_id":"0976b8dc-a053-4368-96e2-be1853e54761","local_time":"20180318182738","is_prod":false,"is_daily":false,"is_ascension_mode":false,"campfire_upgraded":2,"timestamp":1521408458,"path_taken":["M","$","?","?","M","R","?","?","T","M","M","$","?","M","R","BOSS","M","M","$","M","?","R","M","R","T","M","M","?","M","$","R","BOSS"],"build_version":"2018-03-15v3","purchased_purges":4,"victory":false,"master_deck":["Strike_R+1","Strike_R+1","Bash+1","Clash+1"],"max_hp_per_floor":[72,72,72,72,72,72,72,72,72,72,72,72,77,77,77,77,77,77,77,77,77,77,77,77,77,77,77,77,77,77,77,77],"relics":["Burning Blood","Red Skull","Sozu","Regal Pillow"],"card_choices":[{"not_picked":["Pommel Strike","True Grit"],"picked":"Clash"}],"player_experience":612218,"potions_floor_usage":[16,16,33],"damage_taken":[{"damage":7,"enemies":"2 Louse","floor":1,"turns":2},{"damage":0,"enemies":"Cultist","floor":5,"turns":2},{"damage":0,"enemies":"Small Slimes","floor":7,"turns":2},{"damage":2,"enemies":"Looter","floor":10,"turns":2},{"damage":0,"enemies":"Large Slime","floor":11,"turns":3},{"damage":13,"enemies":"Exordium Thugs","floor":14,"turns":2},{"damage":25,"enemies":"Slime Boss","floor":16,"turns":5},{"damage":10,"enemies":"Spheric Guardian","floor":18,"turns":3},{"damage":10,"enemies":"Shell Parasite","floor":19,"turns":2},{"damage":40,"enemies":"Sentry and Sphere","floor":21,"turns":5},{"damage":21,"enemies":"Snake Plant","floor":24,"turns":2},{"damage":20,"enemies":"Centurion and Healer","floor":27,"turns":3},{"damage":0,"enemies":"Snecko","floor":28,"turns":2},{"damage":21,"enemies":"Snake Plant","floor":30,"turns":2},{"damage":89,"enemies":"Champ","floor":33,"turns":6}],"event_choices":[{"event_name":"World of Goop","player_choice":"Gather Gold","floor":3,"damage_taken":0},{"event_name":"Shining Light","player_choice":"Entered Light","floor":4,"damage_taken":0},{"event_name":"Accursed Blacksmith","player_choice":"Forge","floor":8,"damage_taken":0},{"event_name":"Big Fish","player_choice":"Donut","floor":13,"damage_taken":0},{"event_name":"Back to Basics","player_choice":"Elegance","floor":22,"damage_taken":0},{"event_name":"The Woman in Blue","player_choice":"Bought 0 Potions","floor":29,"damage_taken":0}],"boss_relics":[{"not_picked":["Philosopher\u0027s Stone","Tiny House"],"picked":"Sozu"}],"potions_floor_spawned":[7,10,14,18,30],"seed_played":"-9131981150277354100","killed_by":"Champ","ascension_level":0,"is_trial":false}