{"gold_per_floor":[117,129,149,74,149,149,175,187,224,249,261,286,298,330,342,452,464,494,506,518,564,586,598],"floor_reached":23,"playtime":1299,"items_purged":["Strike_R"],"score":229,"play_id":"e0aa4017-2d9b-46be-981a-80471025d624","local_time":"20190127225803","is_ascension_mode":true,"campfire_choices":[{"data":"Pommel Strike","floor":6,"key":"SMITH"},{"data":"Inflame","floor":8,"key":"SMITH"},{"data":"Warcry","floor":11,"key":"SMITH"},{"data":"Armaments","floor":13,"key":"SMITH"},{"floor":15,"key":"REST"}],"neow_cost":"NONE","seed_source_timestamp":553696771902379,"circlet_count":0,"master_deck":["Strike_R+1","Strike_R+1","Strike_R+1","Strike_R+1","Defend_R+1","Defend_R+1","Defend_R+1","Defend_R+1","Bash","Inflame+1","Headbutt","Pommel Strike+1","Sword Boomerang","Warcry+1","Armaments+1","Fire Breathing","Demon Form","Iron Wave","RitualDagger","Metallicize","Headbutt"],"relics":["Black Blood","MawBank","Centennial Puzzle","Red Mask"],"potions_floor_usage":[16,18,21,23],"damage_taken":[{"damage":10,"enemies":"Cultist","floor":1,"turns":5},{"damage":13,"enemies":"Jaw Worm","floor":2,"turns":5},{"damage":6,"enemies":"2 Louse","floor":3,"turns":3},{"damage":40,"enemies":"3 Sentries","floor":7,"turns":7},{"damage":18,"enemies":"Large Slime","floor":10,"turns":4},{"damage":3,"enemies":"3 Louse","floor":12,"turns":3},{"damage":0,"enemies":"Looter","floor":14,"turns":3},{"damage":30,"enemies":"Hexaghost","floor":16,"turns":8},{"damage":26,"enemies":"Spheric Guardian","floor":18,"turns":5},{"damage":27,"enemies":"Masked Bandits","floor":21,"turns":4},{"damage":8,"enemies":"Chosen","floor":22,"turns":4},{"damage":52,"enemies":"Book of Stabbing","floor":23,"turns":6}],"seed_played":"8850478227846915558","potions_obtained":[{"floor":2,"key":"Block Potion"},{"floor":3,"key":"Strength Potion"},{"floor":7,"key":"AttackPotion"},{"floor":10,"key":"Explosive Potion"},{"floor":18,"key":"SteroidPotion"},{"floor":22,"key":"Dexterity Potion"}],"is_trial":false,"path_per_floor":["M","M","M","$","?","R","E","R","T","M","R","M","R","M","R","B",null,"M","?","?","?","M","E"],"character_chosen":"IRONCLAD","items_purchased":[],"campfire_rested":1,"item_purchase_floors":[],"current_hp_per_floor":[84,77,77,77,66,66,32,32,32,20,20,23,23,29,55,31,88,72,66,66,49,51,0],"gold":598,"neow_bonus":"TEN_PERCENT_HP_BONUS","is_prod":false,"is_daily":false,"chose_seed":false,"campfire_upgraded":4,"win_rate":0,"timestamp":1548658683,"path_taken":["M","?","M","$","?","R","E","R","T","M","R","M","R","M","R","BOSS","M","?","?","?","M","E"],"build_version":"2019-01-23","purchased_purges":1,"victory":false,"max_hp_per_floor":[88,88,88,88,88,88,88,88,88,88,88,88,88,88,88,88,88,88,88,88,88,88,88],"card_choices":[{"not_picked":["Shrug It Off","Cleave"],"picked":"Inflame","floor":1},{"not_picked":["Sentinel","Rage"],"picked":"Headbutt","floor":2},{"not_picked":["Bloodletting","Cleave"],"picked":"Pommel Strike","floor":3},{"not_picked":["Entrench","Flex"],"picked":"Sword Boomerang","floor":7},{"not_picked":["Headbutt","Clothesline"],"picked":"Warcry","floor":10},{"not_picked":["Shockwave","Uppercut"],"picked":"Armaments","floor":12},{"not_picked":["Armaments","Searing Blow"],"picked":"Fire Breathing","floor":14},{"not_picked":["Immolate","Fiend Fire"],"picked":"Demon Form","floor":16},{"not_picked":["Clash","Shockwave"],"picked":"Iron Wave","floor":18},{"not_picked":["Havoc","Cleave"],"picked":"Metallicize","floor":21},{"not_picked":["Clothesline","Spot Weakness"],"picked":"Headbutt","floor":22}],"player_experience":185535,"relics_obtained":[{"floor":7,"key":"MawBank"},{"floor":9,"key":"Centennial Puzzle"},{"floor":21,"key":"Red Mask"}],"event_choices":[{"damage_healed":0,"gold_gain":75,"player_choice":"Gather Gold","damage_taken":11,"max_hp_gain":0,"max_hp_loss":0,"event_name":"World of Goop","floor":5,"gold_loss":0},{"damage_healed":0,"gold_gain":0,"player_choice":"Joined the Cult","damage_taken":6,"max_hp_gain":0,"max_hp_loss":0,"event_name":"Nest","floor":19,"gold_loss":0,"cards_obtained":["RitualDagger"]},{"damage_healed":0,"gold_gain":0,"player_choice":"Simplicity","damage_taken":0,"max_hp_gain":0,"max_hp_loss":0,"event_name":"Back to Basics","floor":20,"gold_loss":0,"cards_upgraded":["Strike_R","Strike_R","Strike_R","Strike_R","Defend_R","Defend_R","Defend_R","Defend_R"]},{"damage_healed":0,"gold_gain":0,"player_choice":"Fought Bandits","damage_taken":0,"max_hp_gain":0,"max_hp_loss":0,"event_name":"Masked Bandits","floor":21,"gold_loss":0}],"is_beta":false,"boss_relics":[{"not_picked":["Astrolabe","Lizard Tail"],"picked":"Black Blood"}],"items_purged_floors":[4],"is_endless":false,"potions_floor_spawned":[2,3,7,10,18,22],"killed_by":"Book of Stabbing","ascension_level":4}