{"gold_per_floor":[115,115,130,55,75,100,100,100,100,113,113,143,156,56,56,153,153,153,108,108,108,108,108,108,108,108,108,34,34,34,34,34,34,34,34,34,34,34,34,34,0,0,0,0,0,0,0,0],"floor_reached":48,"playtime":2137,"items_purged":["Strike_B","Strike_B"],"score":540,"play_id":"c839a253-4d93-4a5d-8644-32f59ec55965","local_time":"20180721235903","is_ascension_mode":true,"campfire_choices":[{"data":"Zap","floor":7.0,"key":"SMITH"},{"data":"Rainbow","floor":11.0,"key":"SMITH"},{"floor":15.0,"key":"REST"},{"data":"Defragment","floor":23,"key":"SMITH"},{"data":"Dualcast","floor":25,"key":"SMITH"},{"data":"RitualDagger","floor":27,"key":"SMITH"},{"data":"Capacitor","floor":32,"key":"SMITH"},{"floor":40,"key":"REST"},{"data":"1","floor":47,"key":"LIFT"}],"neow_cost":"TEN_PERCENT_HP_LOSS","seed_source_timestamp":0,"circlet_count":0,"master_deck":["Defend_B","Defend_B","Defend_B","Defend_B","Zap+1","Dualcast+1","Rainbow+1","Sweeping Beam","Electrodynamics","Self Repair","Defragment+1","Sunder+1","RitualDagger+1","Rebound","Force Field","Capacitor+1","Coolheaded","Bite","Bite","Bite","Bite","Bite","Amplify","Barrage+1","Madness","Madness","Tempest","Capacitor+1","Glacier"],"special_seed":0,"relics":["Cracked Core","Meat on the Bone","Dodecahedron","Mummified Hand","Potion Belt","Ectoplasm","Mango","Fusion Hammer","Blood Vial","Girya","Red Mask"],"potions_floor_usage":[24,24,33,33,44,48],"damage_taken":[{"damage":4.0,"enemies":"2 Louse","floor":1.0,"turns":2.0},{"damage":6.0,"enemies":"Small Slimes","floor":3.0,"turns":3.0},{"damage":0.0,"enemies":"Cultist","floor":5.0,"turns":3.0},{"damage":23.0,"enemies":"3 Sentries","floor":6.0,"turns":6.0},{"damage":18.0,"enemies":"Exordium Thugs","floor":10.0,"turns":3.0},{"damage":16.0,"enemies":"Gremlin Nob","floor":12.0,"turns":3.0},{"damage":9.0,"enemies":"Red Slaver","floor":13.0,"turns":3.0},{"damage":33.0,"enemies":"Hexaghost","floor":16.0,"turns":9.0},{"damage":21.0,"enemies":"Shell Parasite","floor":18.0,"turns":6.0},{"damage":11.0,"enemies":"2 Thieves","floor":19.0,"turns":4.0},{"damage":3,"enemies":"3 Cultists","floor":21,"turns":3},{"damage":0,"enemies":"Snake Plant","floor":24,"turns":2},{"damage":54,"enemies":"Slaver and Parasite","floor":29,"turns":6},{"damage":0,"enemies":"3 Cultists","floor":31,"turns":3},{"damage":21,"enemies":"Champ","floor":33,"turns":9},{"damage":26,"enemies":"3 Shapes","floor":35,"turns":4},{"damage":22,"enemies":"Orb Walker","floor":36,"turns":3},{"damage":35,"enemies":"Maw","floor":42,"turns":7},{"damage":48,"enemies":"2 Orb Walkers","floor":44,"turns":5},{"damage":45,"enemies":"Spire Growth","floor":48,"turns":3}],"seed_played":"-274290458633929823","potions_obtained":[{"floor":1.0,"key":"Poison Potion"},{"floor":6.0,"key":"FocusPotion"},{"floor":10.0,"key":"Energy Potion"},{"floor":13.0,"key":"Ancient Potion"},{"floor":16.0,"key":"Energy Potion"},{"floor":18.0,"key":"Block Potion"},{"floor":21,"key":"Ancient Potion"},{"floor":31,"key":"Swift Potion"},{"floor":35,"key":"Explosive Potion"},{"floor":42,"key":"Explosive Potion"},{"floor":44,"key":"Explosive Potion"}],"is_trial":false,"path_per_floor":["M","?","M","$","M","E","R","T","T","M","R","E","M","$","R","B",null,"M","M","?","M","?","R","M","R","T","R","$","M","?","M","R","B",null,"M","M","?","?","$","R","$","M","T","E","$","?","R"],"character_chosen":"DEFECT","items_purchased":["Capacitor","Tempest"],"campfire_rested":2,"item_purchase_floors":[28,41],"current_hp_per_floor":[64,64,58,58,58,35,35,35,35,29,29,32,42,42,62,55,68,61,57,51,55,55,55,62,62,76,76,76,41,41,56,56,57,57,46,47,40,35,35,52,52,47,47,30,30,30,30,0],"gold":0,"neow_bonus":"THREE_RARE_CARDS","is_prod":false,"is_daily":false,"chose_seed":false,"campfire_upgraded":6,"win_rate":0,"timestamp":1532228343,"path_taken":["M","?","M","$","?","E","R","?","T","?","R","E","?","$","R","BOSS","M","?","?","M","?","R","?","R","T","R","$","M","?","M","R","BOSS","M","M","?","?","?","R","$","M","T","E","$","?","R","M"],"build_version":"2018-07-19","purchased_purges":2,"victory":false,"max_hp_per_floor":[68,68,68,68,68,68,68,68,68,68,68,68,68,68,68,68,68,68,68,68,68,68,68,68,68,82,82,82,82,57,57,57,57,57,57,57,57,57,57,57,57,57,57,57,57,57,57,57],"card_choices":[{"not_picked":["Meteor Strike","Amplify"],"picked":"Rainbow","floor":0.0},{"not_picked":["Steam Power","Stack","Go for the Eyes"],"picked":"SKIP","floor":1.0},{"not_picked":["Skim","Doom and Gloom"],"picked":"Sweeping Beam","floor":3.0},{"not_picked":["Lockon","Force Field","Leap"],"picked":"SKIP","floor":5.0},{"not_picked":["Coolheaded","Go for the Eyes"],"picked":"Electrodynamics","floor":6.0},{"not_picked":["Glacier","Lockon"],"picked":"Self Repair","floor":10.0},{"not_picked":["Barrage","Coolheaded"],"picked":"Defragment","floor":12.0},{"not_picked":["Blizzard","Rebound"],"picked":"Amplify","floor":13.0},{"not_picked":["Beam Cell","Coolheaded"],"picked":"Sunder+1","floor":18.0},{"not_picked":["Sunder","Stack","Reprogram+1"],"picked":"SKIP","floor":19.0},{"not_picked":["Recycle","Ball Lightning"],"picked":"Rebound","floor":21},{"not_picked":["Hologram+1","Melter"],"picked":"Force Field","floor":24},{"not_picked":["Gash","Reprogram"],"picked":"Coolheaded","floor":29},{"not_picked":["Compile Driver","Hyperbeam","Capacitor"],"picked":"SKIP","floor":31},{"not_picked":["Meteor Strike","Hyperbeam"],"picked":"Amplify","floor":33},{"not_picked":["Conserve Battery","Sweeping Beam"],"picked":"Barrage+1","floor":35},{"not_picked":["BootSequence","Undo","Reprogram+1"],"picked":"SKIP","floor":36},{"not_picked":["Lockon","Compile Driver+1"],"picked":"Capacitor+1","floor":42},{"not_picked":["Leap+1","Rip and Tear"],"picked":"Glacier","floor":44}],"player_experience":830403,"relics_obtained":[{"floor":6.0,"key":"Meat on the Bone"},{"floor":8.0,"key":"Dodecahedron"},{"floor":9.0,"key":"Mummified Hand"},{"floor":12.0,"key":"Potion Belt"},{"floor":26,"key":"Mango"},{"floor":43,"key":"Blood Vial"},{"floor":44,"key":"Girya"}],"event_choices":[{"event_name":"Liars Game","player_choice":"disagreed","floor":2.0,"damage_taken":0.0},{"event_name":"Nest","player_choice":"Joined the Cult","floor":20,"damage_taken":0},{"event_name":"NoteForYourself","player_choice":"Took Card","floor":22,"damage_taken":0},{"event_name":"Vampires","player_choice":"Became a vampire","floor":30,"damage_taken":0},{"event_name":"Winding Halls","player_choice":"Embrace Madness","floor":37,"damage_taken":0},{"event_name":"Wheel of Change","player_choice":"Damage","floor":38,"damage_taken":0},{"event_name":"Tomb of Lord Red Mask","player_choice":"Paid","floor":46,"damage_taken":0}],"is_beta":true,"boss_relics":[{"not_picked":["Coffee Dripper","Tiny House"],"picked":"Ectoplasm"},{"not_picked":["Pandora\u0027s Box","Cursed Key"],"picked":"Fusion Hammer"}],"items_purged_floors":[4,14],"is_endless":false,"potions_floor_spawned":[1,6,10,13,16,18,21,31,35,42,44],"killed_by":"Spire Growth","ascension_level":2}