{"gold_per_floor":[110,124,143,161,236,236,264,264,264,264,279,299,299,86,86,160,160,178,93,93,107,119,119,138,138,138,138,151,162,162,23,23,23],"floor_reached":33,"playtime":1323,"items_purged":["Strike_G","Survivor"],"score":548,"play_id":"5f73e0d6-b01d-40a5-a1d2-21bf76ee5e7b","local_time":"20190314125409","is_ascension_mode":true,"campfire_choices":[{"data":"Neutralize","floor":6.0,"key":"SMITH"},{"data":"Caltrops","floor":8.0,"key":"SMITH"},{"floor":15.0,"key":"REST"},{"data":"Burst","floor":23,"key":"SMITH"},{"data":"Corpse Explosion","floor":25,"key":"SMITH"},{"data":"Dodge and Roll","floor":27,"key":"SMITH"},{"floor":32,"key":"REST"}],"neow_cost":"NONE","seed_source_timestamp":48235503910416,"circlet_count":0,"master_deck":["AscendersBane","Defend_G+1","Defend_G+1","Defend_G+1","Defend_G+1","Defend_G+1","Strike_G+1","Strike_G+1","Strike_G+1","Strike_G+1","Neutralize+1","Corpse Explosion+1","Well Laid Plans","Well Laid Plans","Deadly Poison","Caltrops+1","Backstab","Dodge and Roll+1","Burst+1","Cloak And Dagger+1","Crippling Poison","Escape Plan"],"special_seed":0,"relics":["Ring of the Snake","Omamori","Mercury Hourglass","Bottled Flame","Turnip","Sozu","Meat on the Bone","Smiling Mask","MutagenicStrength"],"potions_floor_usage":[],"damage_taken":[{"damage":0.0,"enemies":"Small Slimes","floor":1.0,"turns":2.0},{"damage":2.0,"enemies":"Jaw Worm","floor":2.0,"turns":5.0},{"damage":7.0,"enemies":"2 Louse","floor":3.0,"turns":3.0},{"damage":0.0,"enemies":"2 Fungi Beasts","floor":4.0,"turns":3.0},{"damage":22.0,"enemies":"Lagavulin","floor":7.0,"turns":8.0},{"damage":3.0,"enemies":"Looter","floor":11.0,"turns":3.0},{"damage":9.0,"enemies":"Large Slime","floor":12.0,"turns":6.0},{"damage":9.0,"enemies":"The Guardian","floor":16.0,"turns":9.0},{"damage":20.0,"enemies":"3 Byrds","floor":18.0,"turns":2.0},{"damage":2.0,"enemies":"Shell Parasite","floor":21.0,"turns":5.0},{"damage":0,"enemies":"3 Cultists","floor":22,"turns":2},{"damage":14,"enemies":"Snecko","floor":24,"turns":8},{"damage":22,"enemies":"Shelled Parasite and Fungi","floor":28,"turns":5},{"damage":14,"enemies":"Snake Plant","floor":29,"turns":3},{"damage":59,"enemies":"Champ","floor":33,"turns":12}],"seed_played":"5865509840733358004","potions_obtained":[{"floor":1.0,"key":"GhostInAJar"},{"floor":11.0,"key":"Strength Potion"},{"floor":12.0,"key":"Swift Potion"}],"is_trial":false,"path_per_floor":["M","M","M","M","?","R","E","R","T","T","M","M","?","$","R","B",null,"M","?","?","M","M","R","M","R","T","R","M","M","?","$","R","B"],"character_chosen":"THE_SILENT","items_purchased":["Dodge and Roll","EssenceOfSteel","Escape Plan"],"campfire_rested":2,"item_purchase_floors":[14,14,31],"current_hp_per_floor":[59,57,50,50,39,39,17,17,17,17,14,5,5,5,24,15,53,33,33,33,43,43,43,41,41,41,41,31,29,29,29,48,0],"gold":23,"neow_bonus":"ONE_RANDOM_RARE_CARD","is_prod":false,"is_daily":false,"chose_seed":false,"campfire_upgraded":5,"win_rate":0,"timestamp":1552564449,"path_taken":["M","M","M","M","?","R","E","R","T","?","M","M","?","$","R","BOSS","M","?","?","M","?","R","M","R","T","R","M","M","?","$","R","BOSS"],"build_version":"2019-01-23","purchased_purges":2,"victory":false,"max_hp_per_floor":[66,66,66,66,66,66,66,66,66,66,66,66,66,66,66,66,66,66,66,66,66,66,66,66,66,66,66,66,66,66,66,66,66],"card_choices":[{"not_picked":["Infinite Blades","Escape Plan"],"picked":"Well Laid Plans","floor":1.0},{"not_picked":["Quick Slash","All Out Attack"],"picked":"Well Laid Plans","floor":2.0},{"not_picked":["Distraction","Cloak And Dagger"],"picked":"Deadly Poison","floor":3.0},{"not_picked":["Accuracy","Bouncing Flask"],"picked":"Caltrops","floor":4.0},{"not_picked":["A Thousand Cuts","Deflect"],"picked":"Backstab","floor":7.0},{"not_picked":["Slice","Deflect","Backstab"],"picked":"SKIP","floor":11.0},{"not_picked":["Expertise","Cloak And Dagger","Quick Slash"],"picked":"SKIP","floor":12.0},{"not_picked":["Envenom","Venomology"],"picked":"Burst","floor":16.0},{"not_picked":["Crippling Poison","Sucker Punch"],"picked":"Cloak And Dagger+1","floor":18.0},{"not_picked":["Concentrate","Infinite Blades","Outmaneuver"],"picked":"SKIP","floor":21.0},{"not_picked":["Underhanded Strike","Sucker Punch","Poisoned Stab"],"picked":"SKIP","floor":22},{"not_picked":["Calculated Gamble","Riddle With Holes","Caltrops"],"picked":"SKIP","floor":24},{"not_picked":["PiercingWail","Blade Dance+1"],"picked":"Crippling Poison","floor":28},{"not_picked":["Concentrate","Backstab","Prepared+1"],"picked":"SKIP","floor":29}],"player_experience":1010368,"relics_obtained":[{"floor":7.0,"key":"Omamori"},{"floor":9.0,"key":"Mercury Hourglass"},{"floor":10.0,"key":"Bottled Flame"},{"floor":26,"key":"Smiling Mask"}],"event_choices":[{"damage_healed":0.0,"max_hp_gain":0.0,"max_hp_loss":0.0,"gold_gain":75.0,"event_name":"World of Goop","player_choice":"Gather Gold","floor":5.0,"gold_loss":0.0,"damage_taken":11.0},{"damage_healed":0.0,"max_hp_gain":0.0,"max_hp_loss":0.0,"gold_gain":0.0,"event_name":"Big Fish","player_choice":"Box","floor":13.0,"gold_loss":0.0,"damage_taken":0.0,"relics_obtained":["Turnip"],"cards_obtained":["Regret"]},{"damage_healed":0.0,"max_hp_gain":0.0,"max_hp_loss":0.0,"gold_gain":0.0,"event_name":"Addict","player_choice":"Obtained Relic","floor":19.0,"gold_loss":85.0,"damage_taken":0.0,"relics_obtained":["Meat on the Bone"]},{"damage_healed":0.0,"max_hp_gain":0.0,"max_hp_loss":0.0,"gold_gain":0.0,"event_name":"Back to Basics","player_choice":"Simplicity","floor":20.0,"gold_loss":0.0,"damage_taken":0.0,"cards_upgraded":["Defend_G","Defend_G","Defend_G","Defend_G","Defend_G","Strike_G","Strike_G","Strike_G","Strike_G"]},{"damage_healed":0,"gold_gain":0,"player_choice":"Inject Mutagens","damage_taken":0,"relics_obtained":["MutagenicStrength"],"max_hp_gain":0,"max_hp_loss":0,"event_name":"Drug Dealer","floor":30,"gold_loss":0}],"is_beta":false,"boss_relics":[{"not_picked":["WristBlade","Runic Dome"],"picked":"Sozu"}],"items_purged_floors":[14,31],"is_endless":false,"potions_floor_spawned":[1,11,12,18,22,24,29],"killed_by":"Champ","ascension_level":20}