{"gold_per_floor":[110,110,128,29,49,114,114,64,64,78,78,78,91,110,110,110],"floor_reached":16,"playtime":969,"items_purged":["Regret"],"score":102,"play_id":"a9e5eaf0-645d-4dd8-bed6-e55e19893d33","local_time":"20180721231441","is_ascension_mode":false,"campfire_choices":[{"floor":7,"key":"REST"},{"data":"Neutralize","floor":15,"key":"SMITH"}],"neow_cost":"NONE","seed_source_timestamp":119481634009902,"circlet_count":0,"master_deck":["Defend_G","Defend_G","Defend_G","Defend_G","Strike_G","Strike_G","Strike_G","Survivor","Neutralize+1","Caltrops","Skewer","Dagger Spray","Outmaneuver","Malaise","Endless Agony","Slice","Bullet Time"],"relics":["Ring of the Snake","Dodecahedron","Tiny Chest","Torii","Mummified Hand"],"potions_floor_usage":[16],"damage_taken":[{"damage":2,"enemies":"Jaw Worm","floor":1,"turns":7},{"damage":5,"enemies":"Small Slimes","floor":3,"turns":5},{"damage":1,"enemies":"Cultist","floor":5,"turns":3},{"damage":52,"enemies":"Lagavulin","floor":6,"turns":9},{"damage":7,"enemies":"Blue Slaver","floor":10,"turns":5},{"damage":1,"enemies":"Exordium Wildlife","floor":13,"turns":3},{"damage":1,"enemies":"3 Louse","floor":14,"turns":2},{"damage":23,"enemies":"Hexaghost","floor":16,"turns":11}],"seed_played":"3843308163252427220","potions_obtained":[{"floor":10,"key":"PowerPotion"},{"floor":14,"key":"Dexterity Potion"}],"is_trial":false,"path_per_floor":["M","?","M","$","M","E","R","?","T","M","?","T","M","M","R"],"character_chosen":"THE_SILENT","items_purchased":["Dagger Spray"],"campfire_rested":1,"item_purchase_floors":[4],"current_hp_per_floor":[68,68,63,63,62,10,31,31,31,24,24,24,23,22,22,0],"gold":110,"neow_bonus":"REMOVE_CARD","is_prod":false,"is_daily":false,"chose_seed":false,"campfire_upgraded":1,"win_rate":0,"timestamp":1532240081,"path_taken":["M","?","M","$","?","E","R","?","T","M","?","?","M","M","R","BOSS"],"build_version":"2018-07-19v2","purchased_purges":1,"victory":false,"max_hp_per_floor":[70,70,70,70,70,70,70,70,70,70,70,70,70,70,70,70],"card_choices":[{"not_picked":["Outmaneuver","Underhanded Strike"],"picked":"Caltrops","floor":1},{"not_picked":["PiercingWail","Endless Agony"],"picked":"Skewer","floor":3},{"not_picked":["PiercingWail","Deadly Poison"],"picked":"Outmaneuver","floor":5},{"not_picked":["Slice","Dagger Spray"],"picked":"Malaise","floor":6},{"not_picked":["Dagger Throw","Tactician"],"picked":"Endless Agony","floor":10},{"not_picked":["Blade Dance","Deflect"],"picked":"Slice","floor":13},{"not_picked":["Cloak And Dagger","PiercingWail"],"picked":"Bullet Time","floor":14}],"player_experience":62692,"relics_obtained":[{"floor":6,"key":"Tiny Chest"},{"floor":9,"key":"Torii"},{"floor":12,"key":"Mummified Hand"}],"event_choices":[{"event_name":"Big Fish","player_choice":"Box","floor":2,"damage_taken":0},{"event_name":"The Cleric","player_choice":"Card Removal","floor":8,"damage_taken":0},{"event_name":"Purifier","player_choice":"One Purge","floor":11,"damage_taken":0}],"is_beta":false,"boss_relics":[],"items_purged_floors":[4],"is_endless":false,"potions_floor_spawned":[10,14],"killed_by":"Hexaghost","ascension_level":0}