{"gold_per_floor":[366,383,117,136,36,67,85,85,85,118,118,118,118,135,135,231,231,241,259,273,173,173,173,205,217,243,254,31,31,62,74,74,74],"floor_reached":33,"playtime":2286,"items_purged":["Strike_R","Defend_R"],"score":397,"play_id":"35ca75ab-9041-40e2-a857-7a8f6c4faa0e","local_time":"20190305214424","is_ascension_mode":false,"campfire_choices":[{"data":"Hemokinesis","floor":8.0,"key":"SMITH"},{"data":"Clothesline","floor":13.0,"key":"SMITH"},{"data":"Bash","floor":15.0,"key":"SMITH"},{"floor":23.0,"key":"REST"},{"floor":32,"key":"REST"}],"neow_cost":"TEN_PERCENT_HP_LOSS","seed_source_timestamp":4914679127344,"circlet_count":0,"master_deck":["Strike_R","Strike_R","Strike_R","Defend_R+1","Defend_R+1","Defend_R","Bash+1","Anger","Spot Weakness","Shrug It Off","Hemokinesis+1","Clothesline+1","Battle Trance","Offering+1","Shrug It Off+1","Limit Break+1","Shrug It Off+1","True Grit+1","Shrug It Off+1","Necronomicurse","Warcry+1","Metallicize"],"special_seed":0,"relics":["Burning Blood","War Paint","Bag of Preparation","Toxic Egg 2","Bird Faced Urn","Fusion Hammer","Lantern","Centennial Puzzle","Bag of Marbles","Necronomicon","The Courier"],"potions_floor_usage":[33,33,33],"damage_taken":[{"damage":5.0,"enemies":"Cultist","floor":1.0,"turns":4.0},{"damage":4.0,"enemies":"Small Slimes","floor":2.0,"turns":4.0},{"damage":6.0,"enemies":"2 Louse","floor":4.0,"turns":3.0},{"damage":19.0,"enemies":"3 Sentries","floor":6.0,"turns":7.0},{"damage":0.0,"enemies":"Lots of Slimes","floor":7.0,"turns":1.0},{"damage":28.0,"enemies":"Lagavulin","floor":10.0,"turns":6.0},{"damage":2.0,"enemies":"Looter","floor":14.0,"turns":2.0},{"damage":10.0,"enemies":"Hexaghost","floor":16.0,"turns":7.0},{"damage":8.0,"enemies":"3 Byrds","floor":18.0,"turns":5.0},{"damage":7.0,"enemies":"Shell Parasite","floor":19.0,"turns":4.0},{"damage":10.0,"enemies":"Centurion and Healer","floor":20.0,"turns":7.0},{"damage":8.0,"enemies":"Book of Stabbing","floor":24.0,"turns":2.0},{"damage":8.0,"enemies":"Snake Plant","floor":25.0,"turns":4.0},{"damage":13.0,"enemies":"Sentry and Sphere","floor":27.0,"turns":5.0},{"damage":13,"enemies":"Slavers","floor":30,"turns":5},{"damage":6,"enemies":"Cultist and Chosen","floor":31,"turns":4},{"damage":61,"enemies":"Collector","floor":33,"turns":7}],"seed_played":"-777779212004483403","potions_obtained":[{"floor":1.0,"key":"Explosive Potion"},{"floor":2.0,"key":"EssenceOfSteel"},{"floor":6.0,"key":"GamblersBrew"},{"floor":16.0,"key":"Poison Potion"},{"floor":18.0,"key":"Weak Potion"},{"floor":24.0,"key":"Poison Potion"},{"floor":25.0,"key":"SteroidPotion"},{"floor":27.0,"key":"Block Potion"},{"floor":30,"key":"Dexterity Potion"}],"is_trial":false,"path_per_floor":["M","M","$","M","$","E","M","R","T","E","?","?","R","M","R","B",null,"M","M","M","$","?","R","E","M","T","M","$","?","E","M","R","B"],"character_chosen":"IRONCLAD","items_purchased":["War Paint","Shrug It Off","Clothesline","Battle Trance","Bag of Marbles","True Grit+1","Shrug It Off+1"],"campfire_rested":2,"item_purchase_floors":[3,3,5,5,28,28,28],"current_hp_per_floor":[72,72,72,72,72,59,65,65,65,43,43,43,43,47,47,43,72,70,69,65,65,65,72,70,68,68,61,61,45,38,38,59,0],"gold":74,"neow_bonus":"TWO_FIFTY_GOLD","is_prod":false,"is_daily":false,"chose_seed":false,"campfire_upgraded":3,"win_rate":0,"timestamp":1551840264,"path_taken":["M","M","$","M","?","E","M","R","T","E","?","?","R","M","R","BOSS","M","?","M","$","?","R","E","M","T","M","?","?","E","M","R","BOSS"],"build_version":"2019-01-23","purchased_purges":2,"victory":false,"max_hp_per_floor":[72,72,72,72,72,72,72,72,72,72,72,72,72,72,72,72,72,72,72,72,72,72,72,72,72,72,72,72,72,72,72,72,72],"card_choices":[{"not_picked":["Havoc","Body Slam"],"picked":"Anger","floor":1.0},{"not_picked":["Sentinel","Flex"],"picked":"Spot Weakness","floor":2.0},{"not_picked":["Perfected Strike","Combust"],"picked":"Hemokinesis","floor":4.0},{"not_picked":["Spot Weakness","Seeing Red","Havoc"],"picked":"SKIP","floor":6.0},{"not_picked":["Flex","Battle Trance","Iron Wave"],"picked":"SKIP","floor":7.0},{"not_picked":["Dual Wield+1","Flame Barrier+1"],"picked":"Offering+1","floor":10.0},{"not_picked":["Clash","Second Wind+1"],"picked":"Shrug It Off+1","floor":14.0},{"not_picked":["Feed","Impervious+1"],"picked":"Limit Break+1","floor":16.0},{"not_picked":["Pommel Strike","Rupture","Wild Strike"],"picked":"SKIP","floor":18.0},{"not_picked":["Perfected Strike","Clothesline","Clash+1"],"picked":"SKIP","floor":19.0},{"not_picked":["Burning Pact+1","Blood for Blood+1"],"picked":"Shrug It Off+1","floor":20.0},{"not_picked":["Sword Boomerang","Perfected Strike+1","Spot Weakness+1"],"picked":"SKIP","floor":24.0},{"not_picked":["Second Wind+1","Heavy Blade","Perfected Strike"],"picked":"SKIP","floor":25.0},{"not_picked":["Exhume+1","Twin Strike+1","Perfected Strike"],"picked":"SKIP","floor":27.0},{"not_picked":["Seeing Red+1","Perfected Strike"],"picked":"Warcry+1","floor":30},{"not_picked":["Anger","Combust"],"picked":"Metallicize","floor":31}],"player_experience":528032,"relics_obtained":[{"floor":6.0,"key":"Bag of Preparation"},{"floor":9.0,"key":"Toxic Egg 2"},{"floor":10.0,"key":"Bird Faced Urn"},{"floor":24.0,"key":"Lantern"},{"floor":26.0,"key":"Centennial Puzzle"},{"floor":29.0,"key":"Necronomicon"},{"floor":30,"key":"The Courier"}],"event_choices":[{"damage_healed":0.0,"max_hp_gain":0.0,"max_hp_loss":0.0,"gold_gain":0.0,"event_name":"Liars Game","player_choice":"Ignored","floor":11.0,"gold_loss":0.0,"damage_taken":0.0},{"cards_removed":["Strike_R"],"damage_healed":0.0,"max_hp_gain":0.0,"max_hp_loss":0.0,"gold_gain":0.0,"event_name":"Bonfire Elementals","player_choice":"Offered Basic","floor":12.0,"gold_loss":0.0,"damage_taken":0.0},{"damage_healed":0.0,"max_hp_gain":0.0,"max_hp_loss":0.0,"gold_gain":0.0,"event_name":"NoteForYourself","player_choice":"Ignored","floor":22.0,"gold_loss":0.0,"damage_taken":0.0},{"damage_healed":0.0,"max_hp_gain":0.0,"max_hp_loss":0.0,"gold_gain":0.0,"event_name":"Cursed Tome","player_choice":"Obtained Book","floor":29.0,"gold_loss":0.0,"damage_taken":16.0}],"is_beta":false,"boss_relics":[{"not_picked":["Runic Cube","Ectoplasm"],"picked":"Fusion Hammer"}],"items_purged_floors":[3,21],"is_endless":false,"potions_floor_spawned":[1,2,6,16,18,24,25,27,30],"killed_by":"Collector","ascension_level":0}