{"path_per_floor":["M","M","M","$","M","$","R","E","T","R","M","?","R","M","R","B",null,"M","?","$","M"],"character_chosen":"THE_SILENT","items_purchased":["Dagger Spray","Blade Dance"],"gold_per_floor":[211,227,247,172,153,6,6,37,37,37,53,53,53,65,65,142,142,152,152,77,87,87],"floor_reached":22,"campfire_rested":4,"playtime":977,"current_hp_per_floor":[58,42,42,42,37,37,58,2,2,23,23,23,44,41,62,43,63,34,34,34,22,0],"items_purged":["Strike_G","Defend_G"],"gold":87,"score":307,"play_id":"ba3a6aa3-7a2a-4532-a162-3d2f8b729ca0","local_time":"20180402225750","is_prod":false,"is_daily":false,"is_ascension_mode":true,"campfire_upgraded":0,"timestamp":1522720670,"path_taken":["M","M","M","$","M","$","R","E","T","R","M","?","R","M","R","BOSS","M","?","$","M","?"],"build_version":"2018-03-29v2","purchased_purges":2,"victory":false,"master_deck":["Defend_G","Defend_G","Defend_G+1","Strike_G","Strike_G","Strike_G","Strike_G","Survivor","Neutralize","AscendersBane","Escape Plan","Reflex+1","Dagger Throw","Cloak And Dagger","Dagger Spray","Backstab","Envenom","Well Laid Plans","Tools of the Trade","Cloak And Dagger","Blade Dance","Underhanded Strike+1"],"max_hp_per_floor":[70,70,70,70,70,70,70,70,70,70,70,70,70,70,70,70,70,70,70,70,70,70],"relics":["Ring of the Snake","War Paint","Happy Flower","Eternal Feather"],"card_choices":[{"not_picked":["Calculated Gamble","Concentrate"],"picked":"Escape Plan","floor":1},{"not_picked":["Prepared","Slice"],"picked":"Reflex","floor":2},{"not_picked":["Backflip","Dodge and Roll"],"picked":"Dagger Throw","floor":3},{"not_picked":["Expertise","Poisoned Stab"],"picked":"Cloak And Dagger","floor":5},{"not_picked":["Masterful Stab","Distraction"],"picked":"Backstab","floor":8},{"not_picked":["Underhanded Strike","Flechettes"],"picked":"Envenom","floor":11},{"not_picked":["Deadly Poison","Choke"],"picked":"Well Laid Plans","floor":14},{"not_picked":["Phantasmal Killer","Storm of Steel"],"picked":"Tools of the Trade","floor":16},{"not_picked":["Escape Plan","Acrobatics"],"picked":"Cloak And Dagger","floor":18},{"not_picked":["Outmaneuver","Backflip"],"picked":"Underhanded Strike","floor":21}],"player_experience":674093,"potions_floor_usage":[8,14,16,18],"damage_taken":[{"damage":5,"enemies":"Cultist","floor":1,"turns":4},{"damage":16,"enemies":"Jaw Worm","floor":2,"turns":5},{"damage":0,"enemies":"Small Slimes","floor":3,"turns":3},{"damage":5,"enemies":"Exordium Thugs","floor":5,"turns":4},{"damage":59,"enemies":"Lagavulin","floor":8,"turns":7},{"damage":0,"enemies":"3 Louse","floor":11,"turns":3},{"damage":3,"enemies":"Gremlin Gang","floor":14,"turns":3},{"damage":19,"enemies":"Hexaghost","floor":16,"turns":10},{"damage":29,"enemies":"Spheric Guardian","floor":18,"turns":6},{"damage":12,"enemies":"3 Byrds","floor":21,"turns":4},{"damage":26,"enemies":"Snecko","floor":22,"turns":4}],"event_choices":[{"event_name":"Living Wall","player_choice":"Forget","floor":12,"damage_taken":0},{"event_name":"The Woman in Blue","player_choice":"Bought 0 Potions","floor":19,"damage_taken":0}],"boss_relics":[{"not_picked":["White Beast Statue","Velvet Choker"],"picked":"Eternal Feather"}],"potions_floor_spawned":[1,8,14,16],"seed_played":"3066825376655551647","killed_by":"Snecko","ascension_level":13,"is_trial":false}