{"gold_per_floor":[113,176,176,189,209,242,37,37,37,112,40,62,85,115,115,211,211,224,224,70,82,97,97,132,32,58,71,96,96,109,125,125,227,227,239,249,124,124,43,43,68,68,68,102,122,122,152,170,170,170],"floor_reached":50,"playtime":1858,"items_purged":["Strike_G","Strike_G","Shame"],"score":689,"play_id":"dcd1d47a-7be8-4141-a29d-da3962ccf3b8","local_time":"20190215173957","is_ascension_mode":true,"campfire_choices":[{"data":"Blade Dance","floor":8,"key":"SMITH"},{"floor":15,"key":"REST"},{"floor":23,"key":"REST"},{"floor":32,"key":"REST"},{"floor":40,"key":"REST"},{"floor":42,"key":"REST"},{"floor":49,"key":"REST"}],"neow_cost":"CURSE","seed_source_timestamp":82880582542391,"circlet_count":0,"master_deck":["Defend_G","Defend_G","Defend_G","Defend_G","Defend_G","Strike_G+1","Survivor","Neutralize+1","Corpse Explosion","Backstab","Blade Dance+1","Terror","Cloak And Dagger","Deadly Poison","Infinite Blades","Blade Dance","Envenom+1","Accuracy","Acrobatics+1","PiercingWail+1","Noxious Fumes+1","Blade Dance+1","Catalyst+1","Cloak And Dagger","Finisher","Bane+1","Dodge and Roll+1","Writhe","Cloak And Dagger"],"relics":["Ring of the Snake","Bag of Preparation","TwistedFunnel","Dodecahedron","Odd Mushroom","Centennial Puzzle","Snake Skull","Fusion Hammer","Art of War","Pen Nib","Peace Pipe","MutagenicStrength","WristBlade","Tingsha","Letter Opener","Bag of Marbles","Whetstone"],"potions_floor_usage":[16,28,41,47,48,48,50],"damage_taken":[{"damage":17,"enemies":"Jaw Worm","floor":1,"turns":9},{"damage":2,"enemies":"Small Slimes","floor":4,"turns":3},{"damage":3,"enemies":"Cultist","floor":5,"turns":3},{"damage":9,"enemies":"3 Sentries","floor":6,"turns":2},{"damage":0,"enemies":"The Mushroom Lair","floor":12,"turns":2},{"damage":18,"enemies":"Gremlin Nob","floor":14,"turns":3},{"damage":18,"enemies":"Slime Boss","floor":16,"turns":8},{"damage":5,"enemies":"2 Thieves","floor":18,"turns":3},{"damage":0,"enemies":"3 Byrds","floor":21,"turns":2},{"damage":19,"enemies":"Centurion and Healer","floor":22,"turns":3},{"damage":0,"enemies":"Gremlin Leader","floor":24,"turns":5},{"damage":0,"enemies":"Cultist and Chosen","floor":27,"turns":3},{"damage":24,"enemies":"Book of Stabbing","floor":28,"turns":5},{"damage":4,"enemies":"Chosen and Byrds","floor":30,"turns":4},{"damage":9,"enemies":"Centurion and Healer","floor":31,"turns":2},{"damage":28,"enemies":"Champ","floor":33,"turns":5},{"damage":11,"enemies":"3 Shapes","floor":35,"turns":2},{"damage":6,"enemies":"Orb Walker","floor":36,"turns":2},{"damage":20,"enemies":"Nemesis","floor":41,"turns":3},{"damage":21,"enemies":"Reptomancer","floor":44,"turns":4},{"damage":5,"enemies":"3 Darklings","floor":45,"turns":2},{"damage":63,"enemies":"Nemesis","floor":47,"turns":5},{"damage":9,"enemies":"4 Shapes","floor":48,"turns":3},{"damage":24,"enemies":"Time Eater","floor":50,"turns":5}],"seed_played":"4167940966498612972","potions_obtained":[{"floor":1,"key":"SpeedPotion"},{"floor":5,"key":"Swift Potion"},{"floor":12,"key":"SpeedPotion"},{"floor":22,"key":"GamblersBrew"},{"floor":28,"key":"Block Potion"},{"floor":41,"key":"Regen Potion"},{"floor":48,"key":"Energy Potion"}],"is_trial":false,"path_per_floor":["M","?","?","M","M","E","$","R","T","?","$","?","T","E","R","B",null,"M","?","$","M","M","R","E","$","T","M","E","?","M","M","R","B",null,"M","M","$","?","$","R","E","R","T","E","M","?","E","M","R","B"],"character_chosen":"THE_SILENT","items_purchased":["TwistedFunnel","Infinite Blades","Accuracy","Finisher"],"campfire_rested":6,"item_purchase_floors":[7,11,20,39],"current_hp_per_floor":[53,53,53,51,48,39,39,39,39,28,28,28,28,10,31,13,70,65,65,65,65,46,67,67,67,67,67,43,43,39,30,51,23,70,59,53,53,53,53,70,50,70,70,49,44,62,11,2,23,0],"gold":170,"neow_bonus":"TRANSFORM_TWO_CARDS","is_prod":false,"is_daily":false,"chose_seed":false,"campfire_upgraded":1,"win_rate":0,"timestamp":1550273997,"path_taken":["M","?","?","?","?","E","$","R","T","?","$","?","?","E","R","BOSS","M","?","$","?","M","R","E","$","T","M","E","?","M","M","R","BOSS","M","M","$","?","$","R","E","R","T","E","M","?","E","M","R","BOSS"],"build_version":"2019-01-23","purchased_purges":3,"victory":false,"max_hp_per_floor":[70,70,70,70,70,70,70,70,70,70,70,70,70,70,70,70,70,70,70,70,70,70,70,70,70,70,70,70,70,70,70,70,70,70,70,70,70,70,70,70,70,70,70,70,70,70,70,70,70,70],"card_choices":[{"not_picked":["Prepared","PiercingWail"],"picked":"Blade Dance","floor":1},{"not_picked":["Eviscerate","PiercingWail"],"picked":"Terror","floor":4},{"not_picked":["Catalyst","Blade Dance"],"picked":"Cloak And Dagger","floor":5},{"not_picked":["Die Die Die","Caltrops"],"picked":"Deadly Poison","floor":6},{"not_picked":["Outmaneuver","Well Laid Plans"],"picked":"Blade Dance","floor":12},{"not_picked":["Heel Hook","Outmaneuver","Expertise"],"picked":"SKIP","floor":14},{"not_picked":["Bullet Time","Night Terror"],"picked":"Envenom","floor":16},{"not_picked":["Setup","Prepared","Heel Hook+1"],"picked":"SKIP","floor":18},{"not_picked":["Dodge and Roll+1","PiercingWail"],"picked":"Acrobatics+1","floor":21},{"not_picked":["Bane","Heel Hook"],"picked":"PiercingWail+1","floor":22},{"not_picked":["Dash","Caltrops","Flying Knee"],"picked":"SKIP","floor":24},{"not_picked":["Crippling Poison+1","Dash"],"picked":"Noxious Fumes+1","floor":27},{"not_picked":["Outmaneuver+1","Underhanded Strike"],"picked":"Blade Dance+1","floor":28},{"not_picked":["Calculated Gamble","Backflip+1"],"picked":"Catalyst+1","floor":30},{"not_picked":["Terror","Acrobatics"],"picked":"Cloak And Dagger","floor":31},{"not_picked":["Prepared","Dodge and Roll","Reflex"],"picked":"SKIP","floor":35},{"not_picked":["Outmaneuver+1","All Out Attack+1","Slice"],"picked":"SKIP","floor":36},{"not_picked":["Quick Slash","Concentrate+1"],"picked":"Bane+1","floor":41},{"not_picked":["Flying Knee","Leg Sweep","Reflex"],"picked":"SKIP","floor":44},{"not_picked":["Dagger Throw","Deflect"],"picked":"Dodge and Roll+1","floor":45},{"not_picked":["Doppelganger","Flying Knee","Quick Slash+1"],"picked":"SKIP","floor":47},{"not_picked":["Acrobatics","Dodge and Roll+1"],"picked":"Cloak And Dagger","floor":48}],"player_experience":176445,"relics_obtained":[{"floor":6,"key":"Bag of Preparation"},{"floor":9,"key":"Dodecahedron"},{"floor":12,"key":"Odd Mushroom"},{"floor":13,"key":"Centennial Puzzle"},{"floor":14,"key":"Snake Skull"},{"floor":24,"key":"Art of War"},{"floor":26,"key":"Pen Nib"},{"floor":28,"key":"Peace Pipe"},{"floor":41,"key":"Tingsha"},{"floor":43,"key":"Letter Opener"},{"floor":44,"key":"Bag of Marbles"},{"floor":47,"key":"Whetstone"}],"event_choices":[{"damage_healed":0,"gold_gain":63,"player_choice":"Gained Gold","damage_taken":0,"max_hp_gain":0,"max_hp_loss":0,"event_name":"Golden Wing","floor":2,"gold_loss":0},{"damage_healed":0,"gold_gain":0,"player_choice":"Ignored","damage_taken":0,"max_hp_gain":0,"max_hp_loss":0,"event_name":"Liars Game","floor":3,"gold_loss":0},{"damage_healed":0,"gold_gain":75,"player_choice":"Gather Gold","damage_taken":11,"max_hp_gain":0,"max_hp_loss":0,"event_name":"World of Goop","floor":10,"gold_loss":0},{"damage_healed":0,"gold_gain":0,"player_choice":"Fought Mushrooms","damage_taken":0,"max_hp_gain":0,"max_hp_loss":0,"event_name":"Mushrooms","floor":12,"gold_loss":0},{"damage_healed":0,"gold_gain":0,"player_choice":"Forge","damage_taken":0,"max_hp_gain":0,"max_hp_loss":0,"event_name":"Accursed Blacksmith","floor":19,"gold_loss":0,"cards_upgraded":["Envenom"]},{"damage_healed":0,"gold_gain":0,"player_choice":"Inject Mutagens","damage_taken":0,"relics_obtained":["MutagenicStrength"],"max_hp_gain":0,"max_hp_loss":0,"event_name":"Drug Dealer","floor":29,"gold_loss":0},{"damage_healed":0,"gold_gain":0,"player_choice":"Ignored","damage_taken":0,"max_hp_gain":0,"max_hp_loss":0,"event_name":"Tomb of Lord Red Mask","floor":38,"gold_loss":0},{"damage_healed":18,"gold_gain":0,"player_choice":"Writhe","damage_taken":0,"max_hp_gain":0,"max_hp_loss":0,"event_name":"Winding Halls","floor":46,"gold_loss":0,"cards_obtained":["Writhe"]}],"is_beta":false,"boss_relics":[{"not_picked":["Empty Cage","Pandora\u0027s Box"],"picked":"Fusion Hammer"},{"not_picked":["Sozu","Black Star"],"picked":"WristBlade"}],"items_purged_floors":[20,25,37],"is_endless":false,"potions_floor_spawned":[1,5,12,14,22,24,28,36,41,45,48],"killed_by":"Time Eater","ascension_level":2}