{"path_per_floor":["M","$","?","?","M","R","$","M","T","R","?","M","R","?","R","B",null,"M","M","M","M","?","R"],"character_chosen":"THE_SILENT","items_purchased":["Expertise"],"gold_per_floor":[119,44,44,44,61,61,26,41,41,41,41,55,55,55,55,159,159,174,154,173,190,105,105],"floor_reached":24,"campfire_rested":0,"playtime":1329,"current_hp_per_floor":[70,70,70,70,66,66,66,61,61,61,61,63,63,63,63,44,72,72,56,52,49,49,49],"items_purged":["Strike_G"],"gold":105,"score":186,"play_id":"e83b9b49-c39b-48a0-abe4-e67cc0cf3088","is_prod":false,"is_daily":false,"is_ascension_mode":false,"campfire_upgraded":5,"path_taken":["M","$","?","?","M","R","?","M","T","R","?","M","R","?","R","BOSS","M","M","?","M","?","R","E"],"build_version":"2018-02-15-PROD1","purchased_purges":1,"victory":false,"master_deck":["Defend_G","Defend_G","Defend_G","Defend_G","Defend_G","Strike_G","Strike_G","Strike_G","Survivor+1","Neutralize+1","Terror+1","Quick Slash","Flying Knee","Expertise+1","Slice","Flying Knee","After Image+1","Acrobatics","Well Laid Plans"],"max_hp_per_floor":[70,70,70,70,70,70,70,70,70,70,70,72,72,72,72,72,72,74,74,74,76,76,76],"relics":["Ring of the Snake","Art of War","Singing Bowl","Dead Branch","Philosopher\u0027s Stone","Blue Candle"],"card_choices":[{"not_picked":["Choke","Cloak And Dagger"],"picked":"Terror"},{"not_picked":["Slice","Prepared"],"picked":"Flying Knee"},{"not_picked":["Doppelganger","Crippling Poison"],"picked":"Slice"},{"not_picked":["Venomology","Die Die Die"],"picked":"After Image"},{"not_picked":["Poisoned Stab","Noxious Fumes"],"picked":"Acrobatics"},{"not_picked":["Bouncing Flask","Accuracy"],"picked":"Well Laid Plans"}],"player_experience":136887,"potions_floor_usage":[19,20,24],"damage_taken":[{"damage":0,"enemies":"Cultist","floor":1,"turns":3},{"damage":4,"enemies":"2 Louse","floor":5,"turns":3},{"damage":5,"enemies":"Small Slimes","floor":8,"turns":4},{"damage":0,"enemies":"2 Fungi Beasts","floor":12,"turns":3},{"damage":19,"enemies":"The Guardian","floor":16,"turns":14},{"damage":2,"enemies":"Chosen","floor":18,"turns":4},{"damage":16,"enemies":"2 Thieves","floor":19,"turns":4},{"damage":4,"enemies":"Snake Plant","floor":20,"turns":6},{"damage":5,"enemies":"3 Cultists","floor":21,"turns":6},{"damage":38,"enemies":"Slavers","floor":24,"turns":4}],"event_choices":[{"event_name":"Transmorgrifier","player_choice":"Transform","floor":3,"damage_taken":0},{"event_name":"Big Fish","player_choice":"Box","floor":4,"damage_taken":0},{"event_name":"Fountain of Cleansing","player_choice":"Removed Curse","floor":11,"damage_taken":0},{"event_name":"Match and Keep!","player_choice":"1 cards matched","floor":14,"damage_taken":0},{"event_name":"Addict","player_choice":"Obtained Relic","floor":22,"damage_taken":0}],"boss_relics":[{"not_picked":["Snecko Eye","Lizard Tail"],"picked":"Philosopher\u0027s Stone"}],"potions_floor_spawned":[1,18,20],"seed_played":"-5030380220844853903","killed_by":"Slavers","ascension_level":0,"is_trial":false}