{"path_per_floor":["M","$","?","M","?","R","?","M","T","?","$","R","M","M","R","B",null,"M","?","M","$","M","$","R","M","T","E"],"character_chosen":"THE_SILENT","items_purchased":["Cloak And Dagger","Accuracy"],"gold_per_floor":[118,70,70,88,163,163,163,179,229,179,31,31,42,55,55,158,158,169,94,111,11,22,22,22,40,340,367],"floor_reached":28,"campfire_rested":1,"playtime":1386,"current_hp_per_floor":[70,70,63,63,52,52,52,54,54,54,54,54,59,65,70,28,70,70,70,58,58,53,53,53,31,31,2],"items_purged":["Strike_G","Defend_G"],"gold":367,"score":228,"play_id":"cba67630-fa89-411d-ac9f-ef0823e981b9","is_prod":false,"is_daily":false,"is_ascension_mode":false,"campfire_upgraded":3,"path_taken":["M","$","?","M","?","R","?","?","T","?","?","R","M","M","R","BOSS","M","?","M","$","?","?","R","M","T","E","?"],"build_version":"2018-02-15-PROD1","purchased_purges":2,"victory":false,"master_deck":["Defend_G","Defend_G","Defend_G","Defend_G","Strike_G","Strike_G","Survivor","Neutralize+1","Backstab","Cloak And Dagger","Infinite Blades+1","Noxious Fumes","Accuracy+1","Accuracy","Dodge and Roll","Envenom","Terror","Backflip","Bane","Quick Slash","Finisher+1"],"max_hp_per_floor":[70,70,70,70,70,70,70,70,70,70,70,70,70,70,70,70,70,70,70,70,70,70,70,70,70,70,70],"relics":["Ring of the Snake","Bag of Marbles","Bird Faced Urn","Anchor","Black Star","Old Coin","Molten Egg 2","Tough Bandages"],"card_choices":[{"not_picked":["Prepared","Concentrate"],"picked":"Backstab"},{"not_picked":["Cloak And Dagger","Slice"],"picked":"Infinite Blades"},{"not_picked":["Sucker Punch","Backstab"],"picked":"Noxious Fumes"},{"not_picked":["Caltrops","Outmaneuver"],"picked":"Accuracy"},{"not_picked":["Dagger Throw","Die Die Die"],"picked":"Dodge and Roll"},{"not_picked":["Tools of the Trade","Venomology"],"picked":"Envenom"},{"not_picked":["Flying Knee","Heel Hook"],"picked":"Terror"},{"not_picked":["Deadly Poison","Deflect"],"picked":"Backflip"},{"not_picked":["Reflex","Setup"],"picked":"Bane"},{"not_picked":["Bane","Terror"],"picked":"Quick Slash"},{"not_picked":["Corpse Explosion","Reflex"],"picked":"Finisher"}],"player_experience":130893,"potions_floor_usage":[18,27,27,28,28],"damage_taken":[{"damage":0,"enemies":"2 Louse","floor":1,"turns":2},{"damage":0,"enemies":"Jaw Worm","floor":4,"turns":3},{"damage":0,"enemies":"Small Slimes","floor":8,"turns":3},{"damage":1,"enemies":"3 Louse","floor":13,"turns":3},{"damage":0,"enemies":"Looter","floor":14,"turns":2},{"damage":44,"enemies":"Hexaghost","floor":16,"turns":10},{"damage":3,"enemies":"2 Thieves","floor":18,"turns":4},{"damage":14,"enemies":"Chosen","floor":20,"turns":5},{"damage":15,"enemies":"Centurion and Healer","floor":22,"turns":8},{"damage":32,"enemies":"Sentry and Sphere","floor":25,"turns":8},{"damage":37,"enemies":"Slavers","floor":27,"turns":6},{"damage":9,"enemies":"Chosen and Byrds","floor":28,"turns":4}],"event_choices":[{"event_name":"Golden Wing","player_choice":"Card Removal","floor":3,"damage_taken":0},{"event_name":"World of Goop","player_choice":"Gather Gold","floor":5,"damage_taken":0},{"event_name":"Big Fish","player_choice":"Box","floor":7,"damage_taken":0},{"event_name":"The Cleric","player_choice":"Card Removal","floor":10,"damage_taken":0},{"event_name":"Beggar","player_choice":"Gave Gold","floor":19,"damage_taken":0}],"boss_relics":[{"not_picked":["Astrolabe","Philosopher\u0027s Stone"],"picked":"Black Star"}],"potions_floor_spawned":[4,14,16,22,27],"seed_played":"-2388851988198964960","killed_by":"Chosen and Byrds","ascension_level":0,"is_trial":false}