{"path_per_floor":["M","M","?","?","?","E","R","$","T","M","M","M","R","M","R","B",null,"M","M","?","?","?","M","R","$","T","T","M","M","$","M","R","B",null,"M","?","M"],"character_chosen":"THE_SILENT","items_purchased":["Accuracy","Backflip","Vajra"],"gold_per_floor":[117,127,77,77,77,109,109,16,16,30,48,59,59,78,78,177,177,188,207,207,207,132,148,148,0,0,0,20,34,34,54,54,154,154,169,169,180],"floor_reached":38,"campfire_rested":2,"playtime":2366,"current_hp_per_floor":[70,70,70,70,70,36,36,36,36,36,36,26,26,24,45,15,70,62,54,54,54,54,52,52,52,52,52,52,30,30,30,66,28,70,35,35,16],"items_purged":[],"gold":180,"score":328,"play_id":"d35c342e-4a31-4b57-9ecc-f9036c19cff4","is_prod":false,"is_daily":false,"is_ascension_mode":false,"campfire_upgraded":3,"path_taken":["M","M","?","?","?","E","R","$","T","M","?","M","R","M","R","BOSS","M","M","?","?","?","?","R","$","T","?","M","M","$","M","R","BOSS","M","?","M","M"],"build_version":"2018-02-15-PROD1","purchased_purges":0,"victory":false,"master_deck":["Defend_G","Defend_G","Defend_G","Defend_G","Strike_G","Survivor","Neutralize+1","Backstab","Quick Slash","Blade Dance+1","Accuracy","Backflip","Dagger Spray","Phantasmal Killer+1","Deflect","Adrenaline","Heel Hook+1","Terror+1","A Thousand Cuts+1","Prepared+1","Blade Dance+1","Finisher","Caltrops","Cloak And Dagger+1","Storm of Steel","Escape Plan"],"max_hp_per_floor":[70,70,70,70,70,70,70,70,70,70,70,70,70,70,70,70,70,70,70,70,70,70,70,70,70,70,70,70,70,70,70,70,70,70,70,70,70],"relics":["Ring of the Snake","Smiling Mask","Art of War","Astrolabe","Dream Catcher","Vajra","Regal Pillow","Peace Pipe","Question Card"],"card_choices":[{"not_picked":["Distraction","Dagger Spray"],"picked":"Backstab"},{"not_picked":["Reflex","Dagger Throw"],"picked":"Quick Slash"},{"not_picked":["Phantasmal Killer","Deadly Poison"],"picked":"Blade Dance"},{"not_picked":["Backflip","Dodge and Roll"],"picked":"Dagger Spray"},{"not_picked":["Catalyst","Deadly Poison"],"picked":"Phantasmal Killer"},{"not_picked":["Quick Slash","Flying Knee"],"picked":"Deflect"},{"not_picked":["Night Terror","Bullet Time"],"picked":"Adrenaline"},{"not_picked":["Outmaneuver","Endless Agony"],"picked":"Prepared"},{"not_picked":["Backstab","Leg Sweep"],"picked":"Blade Dance"},{"not_picked":["Deadly Poison","Acrobatics"],"picked":"Caltrops"},{"not_picked":["Quick Slash","Outmaneuver"],"picked":"Cloak And Dagger"},{"not_picked":["Catalyst","Dodge and Roll"],"picked":"Well Laid Plans"},{"not_picked":["Doppelganger","Grand Finale"],"picked":"Storm of Steel"},{"not_picked":["PiercingWail","Choke","Slice"],"picked":"Escape Plan"}],"player_experience":141035,"potions_floor_usage":[16,16,16,29,33,37],"damage_taken":[{"damage":0,"enemies":"Jaw Worm","floor":1,"turns":6},{"damage":0,"enemies":"Cultist","floor":2,"turns":3},{"damage":34,"enemies":"Lagavulin","floor":6,"turns":9},{"damage":0,"enemies":"Small Slimes","floor":10,"turns":2},{"damage":0,"enemies":"Blue Slaver","floor":11,"turns":3},{"damage":10,"enemies":"Looter","floor":12,"turns":3},{"damage":2,"enemies":"Exordium Wildlife","floor":14,"turns":3},{"damage":30,"enemies":"The Guardian","floor":16,"turns":11},{"damage":8,"enemies":"Shell Parasite","floor":18,"turns":6},{"damage":8,"enemies":"Chosen","floor":19,"turns":6},{"damage":2,"enemies":"Centurion and Healer","floor":23,"turns":5},{"damage":0,"enemies":"Snecko","floor":28,"turns":2},{"damage":22,"enemies":"Snake Plant","floor":29,"turns":3},{"damage":0,"enemies":"Cultist and Chosen","floor":31,"turns":3},{"damage":38,"enemies":"Collector","floor":33,"turns":6},{"damage":35,"enemies":"3 Shapes","floor":35,"turns":4},{"damage":19,"enemies":"3 Darklings","floor":37,"turns":4},{"damage":16,"enemies":"4 Shapes","floor":38,"turns":2}],"event_choices":[{"event_name":"The Cleric","player_choice":"Card Removal","floor":3,"damage_taken":0},{"event_name":"The Woman in Blue","player_choice":"Bought 0 Potions","floor":4,"damage_taken":0},{"event_name":"Living Wall","player_choice":"Grow","floor":5,"damage_taken":0},{"event_name":"The Library","player_choice":"Read","floor":20,"damage_taken":0},{"event_name":"The Mausoleum","player_choice":"Yes","floor":21,"damage_taken":0},{"event_name":"Beggar","player_choice":"Gave Gold","floor":22,"damage_taken":0}],"boss_relics":[{"not_picked":["Sozu","Eternal Feather"],"picked":"Astrolabe"},{"not_picked":["Tiny House","White Beast Statue"],"picked":"Question Card"}],"potions_floor_spawned":[1,2,12,14,19,23,29,33,37],"seed_played":"-5046908373885089179","killed_by":"4 Shapes","ascension_level":0,"is_trial":false}