{"path_per_floor":["M","M","$","?","?","R","E","R","T","E","?","M","$","?","R","B",null,"M","?","?","$","M","E","R","M","T"],"character_chosen":"DEFECT","items_purchased":[],"gold_per_floor":[111,123,48,123,123,123,149,149,172,203,203,220,120,120,120,221,221,237,237,237,112,131,157,157,176,176,176],"floor_reached":27,"campfire_rested":2,"playtime":1166,"current_hp_per_floor":[75,75,75,64,64,64,64,64,64,20,20,20,20,20,42,28,75,26,26,51,51,49,4,27,10,17,0],"items_purged":["Strike_B","Strike_B","Strike_B"],"gold":176,"score":275,"play_id":"93b1c92c-3a22-4aee-b94b-cae735420475","local_time":"20180427082405","is_prod":false,"is_daily":false,"chose_seed":false,"is_ascension_mode":true,"campfire_upgraded":2,"timestamp":1524828245,"path_taken":["M","M","$","?","?","R","E","R","T","E","?","M","$","?","R","BOSS","M","?","?","$","M","E","R","M","T","M"],"build_version":"2018-04-26v2","seed_source_timestamp":10483504070865,"purchased_purges":3,"victory":false,"master_deck":["Strike_B+1","Defend_B","Defend_B","Zap+1","Dualcast+1","Glacier","Chaos","Reprogram","Doom and Gloom","Echo Form","Self Repair"],"max_hp_per_floor":[75,75,75,75,75,75,75,75,75,75,75,75,75,75,75,75,75,75,75,75,75,75,77,77,77,84,84],"relics":["Cracked Core","NeowsBlessing","Ancient Tea Set","Bag of Marbles","Whetstone","Matryoshka","Black Star","Singing Bowl","Orichalcum","Bag of Preparation","Strawberry"],"card_choices":[{"not_picked":["Tempest","Undo"],"picked":"Glacier","floor":1},{"not_picked":["FTL","Seek"],"picked":"Chaos","floor":7},{"not_picked":["Auto Shields","Steam Power"],"picked":"Reprogram","floor":10},{"not_picked":["Coolheaded","FTL"],"picked":"Doom and Gloom","floor":12},{"not_picked":["Fusion","Redo"],"picked":"Echo Form","floor":16},{"not_picked":["Chill","Conserve Battery"],"picked":"Self Repair","floor":25}],"player_experience":770154,"potions_floor_usage":[18,23,23,27],"damage_taken":[{"damage":0,"enemies":"Small Slimes","floor":1,"turns":1},{"damage":0,"enemies":"2 Louse","floor":2,"turns":1},{"damage":0,"enemies":"3 Sentries","floor":7,"turns":1},{"damage":44,"enemies":"Gremlin Nob","floor":10,"turns":6},{"damage":0,"enemies":"Cultist","floor":12,"turns":4},{"damage":14,"enemies":"The Guardian","floor":16,"turns":11},{"damage":49,"enemies":"2 Thieves","floor":18,"turns":4},{"damage":2,"enemies":"Spheric Guardian","floor":22,"turns":4},{"damage":62,"enemies":"Gremlin Leader","floor":23,"turns":8},{"damage":17,"enemies":"Snecko","floor":25,"turns":6},{"damage":25,"enemies":"Chosen and Byrds","floor":27,"turns":4}],"event_choices":[{"event_name":"World of Goop","player_choice":"Gather Gold","floor":4,"damage_taken":0},{"event_name":"Living Wall","player_choice":"Forget","floor":5,"damage_taken":0},{"event_name":"Dead Adventurer","player_choice":"Searched \u00271\u0027 times","floor":11,"damage_taken":0},{"event_name":"Purifier","player_choice":"One Purge","floor":14,"damage_taken":0},{"event_name":"Cursed Tome","player_choice":"Ignored","floor":19,"damage_taken":0},{"event_name":"The Library","player_choice":"Heal","floor":20,"damage_taken":0}],"boss_relics":[{"not_picked":["Runic Pyramid","Eternal Feather"],"picked":"Black Star"}],"potions_floor_spawned":[1,7,10,25],"seed_played":"-3309565854621613086","killed_by":"Chosen and Byrds","ascension_level":1,"is_trial":false}