{"gold_per_floor":[217,217,217,233,14,14,14,39,39,39,39,114,64,77,77,206,206,222,246,161,8,22,22,22,22,47,47,61,80,111,132,132,252,252,284,296,333,370,405,417,84,84,84,84,107,131,63,63,63,63,63,63,63,98,98],"floor_reached":55,"playtime":3103,"items_purged":["Strike_B","Writhe"],"score":652,"play_id":"f2fb334a-426d-4c90-a088-daf0b64199e7","local_time":"20190310004740","is_ascension_mode":false,"campfire_choices":[{"floor":6.0,"key":"RECALL"},{"data":"Consume","floor":11.0,"key":"SMITH"},{"data":"Hello World","floor":15.0,"key":"SMITH"},{"data":"Double Energy","floor":23,"key":"SMITH"},{"floor":25,"key":"REST"},{"floor":27,"key":"REST"},{"floor":32,"key":"REST"},{"floor":40,"key":"REST"},{"data":"Zap","floor":42,"key":"SMITH"},{"data":"Hello World","floor":44,"key":"SMITH"},{"floor":49,"key":"REST"},{"data":"White Noise","floor":52,"key":"SMITH"}],"neow_cost":"NONE","seed_source_timestamp":750489931067648,"circlet_count":0,"master_deck":["Strike_B","Defend_B","Defend_B","Defend_B","Zap+1","Dualcast","Beam Cell","Hello World+1","Gash","Double Energy+1","Turbo","Consume+1","Cold Snap","Multi-Cast","Turbo","Electrodynamics","Redo","Necronomicurse","BootSequence","Steam+1","All For One","All For One","Parasite","Parasite","Gash","Steam Power+1","Parasite","White Noise+1","Capacitor+1","Hello World+1","Stack","Hello World","Defragment"],"special_seed":0,"relics":["Cracked Core","Golden Idol","Mummified Hand","Black Star","Dodecahedron","Necronomicon","Centennial Puzzle","Singing Bowl","Calling Bell","MawBank","Pear","Calipers","DataDisk","Darkstone Periapt","Nunchaku","Pen Nib"],"potions_floor_usage":[16,29,31,33,35,55,55],"damage_taken":[{"damage":6.0,"enemies":"Jaw Worm","floor":1.0,"turns":3.0},{"damage":0.0,"enemies":"2 Louse","floor":4.0,"turns":2.0},{"damage":6.0,"enemies":"Cultist","floor":8.0,"turns":3.0},{"damage":5.0,"enemies":"Large Slime","floor":14.0,"turns":5.0},{"damage":16,"enemies":"Hexaghost","floor":16,"turns":8},{"damage":22,"enemies":"Shell Parasite","floor":18,"turns":5},{"damage":12,"enemies":"3 Byrds","floor":19,"turns":6},{"damage":5,"enemies":"Cultist and Chosen","floor":22,"turns":3},{"damage":0,"enemies":"3 Cultists","floor":28,"turns":2},{"damage":25,"enemies":"Shelled Parasite and Fungi","floor":29,"turns":4},{"damage":46,"enemies":"Gremlin Leader","floor":30,"turns":6},{"damage":0,"enemies":"Snake Plant","floor":31,"turns":3},{"damage":19,"enemies":"Collector","floor":33,"turns":10},{"damage":12,"enemies":"3 Darklings","floor":35,"turns":4},{"damage":6,"enemies":"3 Shapes","floor":37,"turns":4},{"damage":22,"enemies":"Writhing Mass","floor":38,"turns":6},{"damage":21,"enemies":"3 Darklings","floor":39,"turns":4},{"damage":14,"enemies":"Jaw Worm Horde","floor":45,"turns":2},{"damage":13,"enemies":"Transient","floor":46,"turns":5},{"damage":55,"enemies":"Donu and Deca","floor":50,"turns":7},{"damage":66,"enemies":"Shield and Spear","floor":54,"turns":5},{"damage":44,"enemies":"The Heart","floor":55,"turns":2}],"seed_played":"6524651506606637415","potions_obtained":[{"floor":4.0,"key":"SteroidPotion"},{"floor":14.0,"key":"AttackPotion"},{"floor":18,"key":"Explosive Potion"},{"floor":19,"key":"Dexterity Potion"},{"floor":33,"key":"Swift Potion"},{"floor":38,"key":"Strength Potion"},{"floor":46,"key":"Strength Potion"}],"is_trial":false,"path_per_floor":["M","?","?","M","$","R","?","M","T","?","R","?","?","M","R","B",null,"M","M","?","$","M","R","?","R","T","R","M","M","E","M","R","B",null,"M","?","M","M","M","R","$","R","T","R","M","M","$","?","R","B",null,"R","$","E","B"],"character_chosen":"DEFECT","items_purchased":["Gash","Double Energy","Turbo","Electrodynamics","DataDisk","Hello World","Stack","Hello World"],"campfire_rested":5,"item_purchase_floors":[5,5,5,21,41,41,41,47],"current_hp_per_floor":[69,51,44,44,44,44,44,38,38,43,43,32,32,27,27,11,80,58,46,46,46,41,41,25,49,49,73,73,48,2,4,28,9,92,80,80,74,52,31,58,58,58,58,58,46,35,35,35,63,8,96,96,96,30,0],"gold":98,"neow_bonus":"HUNDRED_GOLD","is_prod":false,"is_daily":false,"chose_seed":false,"campfire_upgraded":6,"win_rate":0,"timestamp":1552196860,"path_taken":["M","?","?","M","$","R","?","?","T","?","R","?","?","M","R","BOSS","M","M","?","$","M","R","?","R","T","R","M","M","E","M","R","BOSS","M","?","M","M","M","R","$","R","T","R","M","M","$","?","R","BOSS","R","$","E","BOSS"],"build_version":"2019-01-23","purchased_purges":2,"victory":false,"max_hp_per_floor":[75,75,75,75,75,75,75,75,75,80,80,80,80,80,80,80,80,80,80,80,80,80,80,80,80,80,80,80,80,80,82,82,82,92,92,92,92,92,92,92,92,92,92,92,94,96,96,96,96,96,96,96,96,96,96],"card_choices":[{"not_picked":["Redo","Compile Driver"],"picked":"Beam Cell","floor":1.0},{"not_picked":["Recycle","Steam"],"picked":"Hello World","floor":4.0},{"not_picked":["Static Discharge","Hologram"],"picked":"Consume","floor":8.0},{"not_picked":["Barrage","Turbo"],"picked":"Cold Snap","floor":14.0},{"not_picked":["Buffer","Amplify"],"picked":"Multi-Cast","floor":16},{"not_picked":["Chaos","Fusion"],"picked":"Turbo","floor":18},{"not_picked":["Barrage","Streamline","Reprogram+1"],"picked":"SKIP","floor":19},{"not_picked":["Conserve Battery","Meteor Strike"],"picked":"Redo","floor":22},{"not_picked":["Scrape","Coolheaded"],"picked":"BootSequence","floor":28},{"not_picked":["Redo","Barrage+1"],"picked":"Steam+1","floor":29},{"not_picked":["Steam","Rip and Tear+1"],"picked":"All For One","floor":30},{"not_picked":["Compile Driver","Static Discharge","Lockon+1"],"picked":"Singing Bowl","floor":31},{"not_picked":["Machine Learning","Electrodynamics"],"picked":"All For One","floor":33},{"not_picked":["Hologram","Go for the Eyes+1"],"picked":"Gash","floor":35},{"not_picked":["Ball Lightning","Sweeping Beam"],"picked":"Steam Power+1","floor":37},{"not_picked":["Rebound","Consume"],"picked":"White Noise","floor":38},{"not_picked":["Coolheaded","Beam Cell+1"],"picked":"Capacitor+1","floor":39},{"not_picked":["Reinforced Body+1","Hyperbeam","Go for the Eyes+1"],"picked":"Singing Bowl","floor":45},{"not_picked":["Sweeping Beam+1","Steam Power+1","Blizzard+1"],"picked":"Singing Bowl","floor":46},{"not_picked":["Static Discharge","Barrage"],"picked":"Defragment","floor":54}],"player_experience":1176971,"relics_obtained":[{"floor":9.0,"key":"Mummified Hand"},{"floor":24,"key":"Necronomicon"},{"floor":30,"key":"Centennial Puzzle"},{"floor":30,"key":"Singing Bowl"},{"floor":34,"key":"MawBank"},{"floor":34,"key":"Pear"},{"floor":34,"key":"Calipers"},{"floor":43,"key":"Darkstone Periapt"},{"floor":54,"key":"Nunchaku"},{"floor":54,"key":"Pen Nib"}],"event_choices":[{"damage_healed":0.0,"max_hp_gain":0.0,"max_hp_loss":0.0,"gold_gain":0.0,"event_name":"Golden Idol","player_choice":"Take Damage","floor":2.0,"gold_loss":0.0,"damage_taken":18.0,"relics_obtained":["Golden Idol"]},{"cards_removed":["Strike_B"],"damage_healed":0.0,"max_hp_gain":0.0,"max_hp_loss":0.0,"gold_gain":0.0,"event_name":"Golden Wing","player_choice":"Card Removal","floor":3.0,"gold_loss":0.0,"damage_taken":7.0},{"damage_healed":0.0,"max_hp_gain":0.0,"max_hp_loss":0.0,"gold_gain":0.0,"cards_transformed":["Strike_B"],"event_name":"Transmorgrifier","player_choice":"Transformed","floor":7.0,"gold_loss":0.0,"damage_taken":0.0,"cards_obtained":["Doom and Gloom"]},{"damage_healed":0.0,"max_hp_gain":5.0,"max_hp_loss":0.0,"gold_gain":0.0,"event_name":"Big Fish","player_choice":"Donut","floor":10.0,"gold_loss":0.0,"damage_taken":0.0},{"damage_healed":0.0,"max_hp_gain":0.0,"max_hp_loss":0.0,"gold_gain":75.0,"event_name":"World of Goop","player_choice":"Gather Gold","floor":12.0,"gold_loss":0.0,"damage_taken":11.0},{"cards_removed":["Defend_B"],"damage_healed":0.0,"max_hp_gain":0.0,"max_hp_loss":0.0,"gold_gain":0.0,"event_name":"The Cleric","player_choice":"Card Removal","floor":13.0,"gold_loss":50.0,"damage_taken":0.0},{"damage_healed":0,"gold_gain":0,"player_choice":"Obtained Relic","damage_taken":0,"relics_obtained":["Dodecahedron"],"max_hp_gain":0,"max_hp_loss":0,"event_name":"Addict","floor":20,"gold_loss":85},{"damage_healed":0,"gold_gain":0,"player_choice":"Obtained Book","damage_taken":16,"max_hp_gain":0,"max_hp_loss":0,"event_name":"Cursed Tome","floor":24,"gold_loss":0},{"damage_healed":0,"gold_gain":0,"player_choice":"Ignored","damage_taken":0,"max_hp_gain":0,"max_hp_loss":0,"event_name":"Mysterious Sphere","floor":36,"gold_loss":0},{"cards_removed":["Doom and Gloom"],"damage_healed":0,"gold_gain":0,"player_choice":"Removed Attack","damage_taken":0,"max_hp_gain":0,"max_hp_loss":0,"event_name":"Falling","floor":48,"gold_loss":0}],"is_beta":false,"boss_relics":[{"not_picked":["Pandora\u0027s Box","Snecko Eye"],"picked":"Black Star"},{"not_picked":["FrozenCore","Runic Dome"],"picked":"Calling Bell"}],"items_purged_floors":[5,41],"is_endless":false,"potions_floor_spawned":[4,14,18,19,22,33,38,46],"killed_by":"The Heart","ascension_level":0}