{"gold_per_floor":[11,11,86,97,27,27,27,41,41,41,41,41,41,116,116,212,212,226,226,226,226,242,275,275,291,291,303,303,303,313,328,328,328],"floor_reached":33,"playtime":956,"items_purged":[],"score":278,"play_id":"b7b9086a-0871-4abc-ba17-4f5920181081","local_time":"20190124192555","is_ascension_mode":false,"campfire_choices":[{"data":"Noxious Fumes","floor":6,"key":"SMITH"},{"data":"Corpse Explosion","floor":10,"key":"SMITH"},{"data":"Neutralize","floor":12,"key":"SMITH"},{"data":"Leg Sweep","floor":15,"key":"SMITH"},{"data":"Deadly Poison","floor":24,"key":"SMITH"},{"floor":28,"key":"REST"},{"floor":32,"key":"REST"}],"neow_cost":"NO_GOLD","seed_source_timestamp":27532530225510,"circlet_count":0,"master_deck":["Defend_G+1","Defend_G+1","Defend_G+1","Defend_G+1","Defend_G+1","Survivor","Neutralize+1","Corpse Explosion+1","Leg Sweep+1","Flying Knee","Noxious Fumes+1","Die Die Die","Amplify","Noxious Fumes+1","Deadly Poison+1","Bite","Bite","Bite","Bite","Bite","Distraction+1"],"relics":["Ring of the Snake"],"potions_floor_usage":[23,23,33,33,33],"damage_taken":[{"damage":0,"enemies":"Small Slimes","floor":1,"turns":4},{"damage":0,"enemies":"Cultist","floor":4,"turns":3},{"damage":0,"enemies":"Jaw Worm","floor":8,"turns":4},{"damage":10,"enemies":"Hexaghost","floor":16,"turns":9},{"damage":4,"enemies":"Chosen","floor":18,"turns":5},{"damage":17,"enemies":"Colosseum Slavers","floor":19,"turns":4},{"damage":16,"enemies":"3 Byrds","floor":22,"turns":3},{"damage":6,"enemies":"Book of Stabbing","floor":23,"turns":7},{"damage":2,"enemies":"3 Cultists","floor":25,"turns":3},{"damage":6,"enemies":"Centurion and Healer","floor":27,"turns":5},{"damage":11,"enemies":"Chosen and Byrds","floor":30,"turns":5},{"damage":13,"enemies":"Snake Plant","floor":31,"turns":4},{"damage":66,"enemies":"Champ","floor":33,"turns":9}],"seed_played":"2219113329810288092","potions_obtained":[{"floor":1,"key":"Weak Potion"},{"floor":16,"key":"PowerPotion"},{"floor":18,"key":"Regen Potion"},{"floor":30,"key":"AttackPotion"},{"floor":31,"key":"Fire Potion"}],"is_trial":false,"path_per_floor":["M","?","?","M","$","R","$","M","T","R","$","R","$","?","R","B",null,"M","?","?","?","M","E","R","M","T","M","R","?","M","M","R","B"],"character_chosen":"THE_SILENT","items_purchased":["Noxious Fumes"],"campfire_rested":2,"item_purchase_floors":[5],"current_hp_per_floor":[70,70,63,63,63,63,63,63,63,63,63,63,63,52,52,42,70,66,49,49,49,33,42,42,40,40,34,55,49,42,37,49,0],"gold":328,"neow_bonus":"THREE_RARE_CARDS","is_prod":false,"is_daily":false,"chose_seed":false,"campfire_upgraded":5,"win_rate":0,"timestamp":1548365155,"path_taken":["M","?","?","?","?","R","?","?","T","R","?","R","$","?","R","BOSS","M","?","?","?","?","E","R","M","T","M","R","?","M","M","R","BOSS"],"build_version":"2019-01-23","purchased_purges":0,"victory":false,"max_hp_per_floor":[70,70,70,70,70,70,70,70,70,70,70,70,70,70,70,70,70,70,70,70,70,70,70,70,70,70,70,70,49,49,49,49,49],"card_choices":[{"not_picked":["Unload","Tools of the Trade"],"picked":"Corpse Explosion","floor":0},{"not_picked":["Sucker Punch","Backflip"],"picked":"Leg Sweep","floor":1},{"not_picked":["Poisoned Stab","Bane"],"picked":"Flying Knee","floor":4},{"not_picked":["Cloak And Dagger","Sucker Punch","Outmaneuver"],"picked":"SKIP","floor":8},{"not_picked":["Venomology","Tools of the Trade"],"picked":"Die Die Die","floor":16},{"not_picked":["Calculated Gamble","Eviscerate","Prepared"],"picked":"SKIP","floor":18},{"not_picked":["Escape Plan+1","Blur"],"picked":"Noxious Fumes+1","floor":22},{"not_picked":["Bouncing Flask","Outmaneuver"],"picked":"Deadly Poison","floor":23},{"not_picked":["Terror+1","Deflect","Blade Dance"],"picked":"SKIP","floor":25},{"not_picked":["Accuracy+1","Flying Knee+1","Eviscerate+1"],"picked":"SKIP","floor":27},{"not_picked":["Expertise","Backflip"],"picked":"Distraction+1","floor":30},{"not_picked":["Bouncing Flask","Accuracy","Leg Sweep"],"picked":"SKIP","floor":31}],"player_experience":947268,"relics_obtained":[],"event_choices":[{"damage_healed":0,"gold_gain":0,"player_choice":"Leave","damage_taken":0,"max_hp_gain":0,"max_hp_loss":0,"event_name":"The Cleric","floor":2,"gold_loss":0},{"damage_healed":0,"gold_gain":75,"player_choice":"Touch","damage_taken":7,"max_hp_gain":0,"max_hp_loss":0,"event_name":"FaceTrader","floor":3,"gold_loss":0},{"damage_healed":0,"gold_gain":75,"player_choice":"Gather Gold","damage_taken":11,"max_hp_gain":0,"max_hp_loss":0,"event_name":"World of Goop","floor":14,"gold_loss":0},{"damage_healed":0,"gold_gain":0,"player_choice":"Fight","damage_taken":0,"max_hp_gain":0,"max_hp_loss":0,"event_name":"Colosseum","floor":19,"gold_loss":0},{"damage_healed":0,"gold_gain":0,"player_choice":"Fled From Nobs","damage_taken":0,"max_hp_gain":0,"max_hp_loss":0,"event_name":"Colosseum","floor":19,"gold_loss":0},{"damage_healed":0,"gold_gain":0,"player_choice":"Simplicity","damage_taken":0,"max_hp_gain":0,"max_hp_loss":0,"event_name":"Back to Basics","floor":20,"gold_loss":0,"cards_upgraded":["Defend_G","Defend_G","Defend_G","Defend_G","Defend_G","Strike_G","Strike_G","Strike_G","Strike_G","Strike_G"]},{"cards_removed":["Strike_G"],"damage_healed":0,"gold_gain":0,"player_choice":"Took Card","damage_taken":0,"max_hp_gain":0,"max_hp_loss":0,"event_name":"NoteForYourself","floor":21,"gold_loss":0,"cards_obtained":["Amplify"]},{"damage_healed":0,"gold_gain":0,"player_choice":"Became a vampire","damage_taken":0,"max_hp_gain":0,"max_hp_loss":21,"event_name":"Vampires","floor":29,"gold_loss":0,"cards_obtained":["Bite","Bite","Bite","Bite","Bite"]}],"is_beta":true,"boss_relics":[{"not_picked":["Cursed Key","Orrery","Black Star"]}],"items_purged_floors":[],"is_endless":false,"potions_floor_spawned":[1,16,18,30,31],"killed_by":"Champ","ascension_level":0}