{"path_per_floor":["M","?","?","$","M","R","M","M","T","M","R","?","M","M","R","B",null,"M","?","M","?","$","R","M","M","T","?","R","M","$","M","R","B",null,"M","M","$","M","?","E","R","$","T","?","M","R","M","?","R","B"],"character_chosen":"THE_SILENT","items_purchased":["Flash of Steel"],"gold_per_floor":[119,119,119,44,54,54,73,88,88,100,100,100,111,130,130,226,226,240,165,153,153,60,60,80,91,115,115,115,134,34,45,45,141,141,151,169,44,54,54,81,81,81,108,108,128,128,144,144,144,144],"floor_reached":51,"campfire_rested":0,"playtime":2628,"current_hp_per_floor":[60,60,60,60,58,58,52,52,52,52,52,45,45,45,45,45,63,63,63,63,63,63,63,63,63,63,63,63,62,62,62,62,62,63,63,63,63,63,63,63,63,63,63,63,60,60,59,59,59,59],"items_purged":["Defend_G","Defend_G","Strike_G"],"gold":144,"score":996,"play_id":"d9121ba0-6c5a-4c44-ad0f-5b4895813956","local_time":"20180423202351","is_prod":false,"is_daily":false,"chose_seed":false,"is_ascension_mode":false,"campfire_upgraded":9,"timestamp":1524525831,"path_taken":["M","?","?","$","M","R","M","M","T","M","R","?","M","?","R","BOSS","M","?","M","?","$","R","M","M","T","?","R","M","?","M","R","BOSS","M","M","$","M","?","E","R","$","T","?","?","R","M","?","R","BOSS"],"build_version":"2018-04-19","seed_source_timestamp":37518910888842,"purchased_purges":3,"victory":true,"master_deck":["Defend_G+1","Survivor+1","Neutralize+1","Flying Knee+1","Grand Finale+1","Acrobatics+1","Expertise+1","Flash of Steel+1","Backflip+1","Prepared+1","Concentrate+1"],"max_hp_per_floor":[63,63,63,63,63,63,63,63,63,63,63,63,63,63,63,63,63,63,63,63,63,63,63,63,63,63,63,63,63,63,63,63,63,63,63,63,63,63,63,63,63,63,63,63,63,63,63,63,63,63],"relics":["Ring of the Snake","Thread and Needle","Orrery","Regal Pillow","Sozu","Ginger","Orichalcum"],"card_choices":[{"not_picked":["Cloak And Dagger","Prepared"],"picked":"Flying Knee","floor":14},{"not_picked":["Phantasmal Killer","Doppelganger"],"picked":"Grand Finale","floor":16},{"not_picked":["Infinite Blades","Sucker Punch"],"picked":"Acrobatics","floor":17},{"not_picked":["Blade Dance","Underhanded Strike"],"picked":"Expertise","floor":20},{"not_picked":["Malaise","Dagger Spray"],"picked":"Prepared","floor":31},{"not_picked":["Escape Plan","Underhanded Strike"],"picked":"Concentrate","floor":36}],"player_experience":728836,"potions_floor_usage":[16,20,20,29],"damage_taken":[{"damage":3,"enemies":"2 Louse","floor":1,"turns":4},{"damage":2,"enemies":"Small Slimes","floor":5,"turns":3},{"damage":6,"enemies":"Cultist","floor":7,"turns":4},{"damage":0,"enemies":"Blue Slaver","floor":8,"turns":4},{"damage":0,"enemies":"3 Louse","floor":10,"turns":3},{"damage":0,"enemies":"2 Fungi Beasts","floor":13,"turns":4},{"damage":0,"enemies":"Looter","floor":14,"turns":4},{"damage":0,"enemies":"The Guardian","floor":16,"turns":15},{"damage":0,"enemies":"Shell Parasite","floor":18,"turns":5},{"damage":0,"enemies":"2 Thieves","floor":20,"turns":4},{"damage":0,"enemies":"Sentry and Sphere","floor":24,"turns":1},{"damage":0,"enemies":"Snake Plant","floor":25,"turns":1},{"damage":1,"enemies":"Snecko","floor":29,"turns":4},{"damage":0,"enemies":"Centurion and Healer","floor":31,"turns":1},{"damage":0,"enemies":"Automaton","floor":33,"turns":3},{"damage":0,"enemies":"3 Shapes","floor":35,"turns":1},{"damage":0,"enemies":"3 Darklings","floor":36,"turns":1},{"damage":0,"enemies":"Maw","floor":38,"turns":1},{"damage":0,"enemies":"Nemesis","floor":40,"turns":1},{"damage":3,"enemies":"Sphere and 2 Shapes","floor":45,"turns":1},{"damage":1,"enemies":"4 Shapes","floor":47,"turns":1},{"damage":0,"enemies":"Awakened One","floor":50,"turns":2}],"event_choices":[{"event_name":"Living Wall","player_choice":"Forget","floor":2,"damage_taken":0},{"event_name":"Accursed Blacksmith","player_choice":"Forge","floor":3,"damage_taken":0},{"event_name":"Golden Wing","player_choice":"Card Removal","floor":12,"damage_taken":0},{"event_name":"Beggar","player_choice":"Gave Gold","floor":19,"damage_taken":0},{"event_name":"Addict","player_choice":"Ignored","floor":21,"damage_taken":0},{"event_name":"The Library","player_choice":"Read","floor":27,"damage_taken":0},{"event_name":"Tomb of Lord Red Mask","player_choice":"Ignored","floor":39,"damage_taken":0},{"event_name":"Mysterious Sphere","player_choice":"Ignore","floor":48,"damage_taken":0}],"boss_relics":[{"not_picked":["Calling Bell","Cursed Key"],"picked":"Orrery"},{"not_picked":["Black Star","Eternal Feather"],"picked":"Sozu"}],"potions_floor_spawned":[8,10,16,18,25,29,38,40,45,47],"seed_played":"-2469003489926726352","ascension_level":0,"is_trial":false}