{"path_per_floor":["M","?","T","M","M","R","E","R","T","M","M","M","$","?","R","B",null,"M","$","?","M","M"],"character_chosen":"IRONCLAD","items_purchased":["Pen Nib","Oddly Smooth Stone","Whirlwind","Flex"],"gold_per_floor":[119,119,119,137,157,157,182,182,239,259,278,289,2,77,77,179,179,194,68,68,81,91],"floor_reached":23,"campfire_rested":1,"playtime":1034,"current_hp_per_floor":[80,85,85,85,85,85,59,59,59,53,51,49,49,38,63,14,85,49,49,77,65,47],"items_purged":[],"gold":91,"score":193,"play_id":"5988ffd0-4fcd-47bf-8c9c-dfc6b611e7ec","is_prod":false,"is_daily":false,"is_ascension_mode":false,"campfire_upgraded":2,"path_taken":["M","?","?","?","M","R","E","R","T","M","M","M","$","?","R","BOSS","M","$","?","M","?","E"],"build_version":"2018-02-15-PROD1","purchased_purges":0,"victory":false,"master_deck":["Strike_R","Strike_R","Strike_R","Strike_R","Strike_R","Defend_R","Defend_R","Defend_R","Defend_R","Bash+1","Heavy Blade","Flex","Armaments+1","Twin Strike","Twin Strike","Cleave","Warcry","Double Tap","Armaments","Whirlwind","Flex","Rampage+1"],"max_hp_per_floor":[80,85,85,85,85,85,85,85,85,85,85,85,85,85,85,85,85,85,85,85,85,85],"relics":["Burning Blood","Calipers","Dream Catcher","Tiny Chest","Pen Nib","Oddly Smooth Stone","Lizard Tail"],"card_choices":[{"not_picked":["True Grit","Shrug It Off"],"picked":"Heavy Blade"},{"not_picked":["True Grit","Cleave"],"picked":"Flex"},{"not_picked":["Sword Boomerang","Reaper"],"picked":"Armaments"},{"not_picked":["Headbutt","Feel No Pain"],"picked":"Twin Strike"},{"not_picked":["True Grit","Corruption"],"picked":"Twin Strike"},{"not_picked":["Seeing Red","Anger"],"picked":"Cleave"},{"not_picked":["Impervious","Shrug It Off"],"picked":"Warcry"},{"not_picked":["Brutality","Bludgeon"],"picked":"Double Tap"},{"not_picked":["Power Through","Anger"],"picked":"Armaments"},{"not_picked":["Thunderclap","Pommel Strike"],"picked":"Rampage"}],"player_experience":49048,"potions_floor_usage":[7,16,23,23],"damage_taken":[{"damage":0,"enemies":"2 Louse","floor":1,"turns":3},{"damage":3,"enemies":"Small Slimes","floor":4,"turns":4},{"damage":1,"enemies":"Jaw Worm","floor":5,"turns":3},{"damage":32,"enemies":"Lagavulin","floor":7,"turns":6},{"damage":12,"enemies":"Gremlin Gang","floor":10,"turns":5},{"damage":8,"enemies":"Large Slime","floor":11,"turns":4},{"damage":8,"enemies":"Exordium Wildlife","floor":12,"turns":4},{"damage":70,"enemies":"Hexaghost","floor":16,"turns":12},{"damage":42,"enemies":"Shell Parasite","floor":18,"turns":7},{"damage":18,"enemies":"2 Thieves","floor":21,"turns":5},{"damage":24,"enemies":"Snake Plant","floor":22,"turns":4},{"damage":45,"enemies":"Slavers","floor":23,"turns":5}],"event_choices":[{"event_name":"Big Fish","player_choice":"Donut","floor":2,"damage_taken":0},{"event_name":"World of Goop","player_choice":"Gather Gold","floor":14,"damage_taken":0},{"event_name":"The Library","player_choice":"Heal","floor":20,"damage_taken":0}],"boss_relics":[{"not_picked":["Ectoplasm","Velvet Choker"],"picked":"Lizard Tail"}],"potions_floor_spawned":[5,7,12,18],"seed_played":"-3670181405796163341","killed_by":"Slavers","ascension_level":0,"is_trial":false}