{"path_per_floor":["M","?","$","?","M","R","M","E","T","R","$","M","E","$","R","B",null,"M","?","M","?","M","R","M","M","T","?","R","E","M","M","R","B",null,"M","M","?","$","?","E","?","M","T","R","M","M","R","M","R","B"],"character_chosen":"THE_SILENT","items_purchased":["Backstab","Bullet Time","Finisher","Well Laid Plans","Cloak And Dagger"],"gold_per_floor":[116,366,97,97,116,116,134,169,223,223,13,27,57,57,57,159,159,159,159,159,74,74,74,74,74,74,74,74,74,74,74,74,74,74,74,74,74,51,51,51,51,51,51,51,51,51,51,51,51,51],"floor_reached":51,"campfire_rested":6,"playtime":4365,"current_hp_per_floor":[68,68,68,68,68,68,67,35,35,58,58,46,35,35,58,37,67,58,42,43,43,24,47,42,28,28,53,53,45,34,19,42,44,69,63,58,48,48,48,45,45,47,47,47,24,10,33,35,58,14],"items_purged":["Regret","Strike_G"],"gold":51,"score":783,"play_id":"5000ce4b-3b58-48e5-9594-f46b2e35182e","is_prod":false,"is_daily":false,"is_ascension_mode":true,"campfire_upgraded":3,"path_taken":["BOSS","M","?","$","?","M","R","M","E","T","R","$","?","E","?","R","BOSS","M","?","?","?","M","R","M","?","T","?","R","E","?","M","R","BOSS","M","M","?","$","?","E","?","M","T","R","?","M","R","M","R","BOSS"],"build_version":"2018-02-22-PROD2","purchased_purges":2,"victory":true,"master_deck":["Defend_G","Defend_G","Defend_G","Defend_G","Defend_G","Strike_G","Strike_G","Strike_G","Survivor","Neutralize+1","Dagger Spray","Backstab","Bullet Time","Sucker Punch+1","Leg Sweep","Cloak And Dagger+1","Finisher","Well Laid Plans","PiercingWail","A Thousand Cuts+1","Predator","Blur+1","Heel Hook","Calculated Gamble+1","Adrenaline","Blade Dance","Madness","Madness","Cloak And Dagger","Endless Agony+1","Escape Plan+1"],"max_hp_per_floor":[77,77,77,77,77,77,77,77,77,77,77,77,77,77,77,77,77,77,77,77,77,77,77,77,77,77,77,77,77,77,77,77,77,77,77,77,77,77,77,77,77,77,77,77,77,77,77,77,77,77],"relics":["Ring of the Snake","Omamori","Bronze Scales","Blood Vial","Ectoplasm","Enchiridion","Kunai","Matryoshka","Tingsha","Lizard Tail","Pen Nib","Dodecahedron","Vajra"],"card_choices":[{"not_picked":["Slice","Sucker Punch"],"picked":"Dagger Spray"},{"not_picked":["Underhanded Strike","Slice"],"picked":"Sucker Punch"},{"not_picked":["Sucker Punch","Underhanded Strike"],"picked":"Leg Sweep"},{"not_picked":["Dagger Spray","Deflect"],"picked":"Cloak And Dagger"},{"not_picked":["Expertise","Bane"],"picked":"PiercingWail"},{"not_picked":["Glass Knife","Doppelganger"],"picked":"A Thousand Cuts"},{"not_picked":["Riddle With Holes","Flying Knee"],"picked":"Predator"},{"not_picked":["Underhanded Strike","Bouncing Flask"],"picked":"Blur"},{"not_picked":["Outmaneuver","Dodge and Roll"],"picked":"Heel Hook"},{"not_picked":["Outmaneuver","Riddle With Holes"],"picked":"Calculated Gamble"},{"not_picked":["Venomology","Storm of Steel"],"picked":"Adrenaline"},{"not_picked":["Deflect","Dodge and Roll"],"picked":"Blade Dance"},{"not_picked":["Skewer","Dodge and Roll"],"picked":"Endless Agony"},{"not_picked":["Deadly Poison","Prepared"],"picked":"Escape Plan"}],"player_experience":333203,"potions_floor_usage":[12,16,22,33,42,45,46],"damage_taken":[{"damage":2,"enemies":"2 Louse","floor":1,"turns":3},{"damage":0,"enemies":"Cultist","floor":5,"turns":3},{"damage":1,"enemies":"Small Slimes","floor":7,"turns":3},{"damage":32,"enemies":"Lagavulin","floor":8,"turns":9},{"damage":18,"enemies":"Exordium Thugs","floor":12,"turns":3},{"damage":11,"enemies":"Gremlin Nob","floor":13,"turns":4},{"damage":23,"enemies":"The Guardian","floor":16,"turns":16},{"damage":11,"enemies":"Spheric Guardian","floor":18,"turns":3},{"damage":1,"enemies":"Chosen","floor":20,"turns":5},{"damage":21,"enemies":"Slaver and Parasite","floor":22,"turns":6},{"damage":7,"enemies":"Snecko","floor":24,"turns":5},{"damage":16,"enemies":"Centurion and Healer","floor":25,"turns":7},{"damage":10,"enemies":"Slavers","floor":29,"turns":6},{"damage":13,"enemies":"Cultist and Chosen","floor":30,"turns":9},{"damage":17,"enemies":"Snake Plant","floor":31,"turns":4},{"damage":0,"enemies":"Collector","floor":33,"turns":10},{"damage":8,"enemies":"3 Darklings","floor":35,"turns":4},{"damage":7,"enemies":"Orb Walker","floor":36,"turns":3},{"damage":5,"enemies":"Nemesis","floor":40,"turns":6},{"damage":0,"enemies":"4 Shapes","floor":42,"turns":4},{"damage":25,"enemies":"3 Darklings","floor":45,"turns":3},{"damage":16,"enemies":"Maw","floor":46,"turns":8},{"damage":0,"enemies":"Sphere and 2 Shapes","floor":48,"turns":3},{"damage":90,"enemies":"Time Eater","floor":50,"turns":15}],"event_choices":[{"event_name":"Golden Shrine","player_choice":"Desecrate","floor":2,"damage_taken":0},{"event_name":"Living Wall","player_choice":"Grow","floor":4,"damage_taken":0},{"event_name":"Cursed Tome","player_choice":"Obtained Book","floor":19,"damage_taken":0},{"event_name":"Addict","player_choice":"Obtained Relic","floor":21,"damage_taken":0},{"event_name":"The Library","player_choice":"Heal","floor":27,"damage_taken":0},{"event_name":"Winding Halls","player_choice":"Embrace Madness","floor":37,"damage_taken":0},{"event_name":"Mysterious Sphere","player_choice":"Ignore","floor":41,"damage_taken":0}],"boss_relics":[{"not_picked":["Runic Dome","Velvet Choker"],"picked":"Ectoplasm"},{"not_picked":["Eternal Feather","Snecko Eye"],"picked":"Lizard Tail"}],"potions_floor_spawned":[7,13,20,29,31,40,42],"seed_played":"2843187961551691799","ascension_level":8,"is_trial":false}