{"gold_per_floor":[315,331,44,56,73,105,123,123,123,141,141,176,176,190,190,190],"floor_reached":16,"playtime":513,"items_purged":[],"score":131,"play_id":"df9260ff-f73f-4b17-acd5-ecb1f27269b3","local_time":"20190224141135","is_ascension_mode":true,"campfire_choices":[{"data":"Havoc","floor":8,"key":"SMITH"},{"floor":11,"key":"REST"},{"data":"Rampage","floor":13,"key":"SMITH"},{"data":"Whirlwind","floor":15,"key":"SMITH"}],"neow_cost":"NO_GOLD","seed_source_timestamp":286012134984473,"circlet_count":0,"master_deck":["Strike_R","Strike_R","Strike_R","Strike_R","Strike_R","Defend_R","Defend_R","Defend_R","Defend_R","Bash","Cleave","Headbutt","Panacea","Thinking Ahead","Sword Boomerang","Flex","Havoc+1","Rampage+1","Whirlwind+1"],"relics":["Burning Blood","Old Coin","Darkstone Periapt","Singing Bowl","Question Card"],"potions_floor_usage":[2,6,12],"damage_taken":[{"damage":6,"enemies":"Cultist","floor":1,"turns":3},{"damage":10,"enemies":"Small Slimes","floor":2,"turns":4},{"damage":8,"enemies":"2 Louse","floor":4,"turns":2},{"damage":16,"enemies":"2 Fungi Beasts","floor":5,"turns":3},{"damage":52,"enemies":"3 Sentries","floor":6,"turns":9},{"damage":11,"enemies":"Lots of Slimes","floor":7,"turns":3},{"damage":1,"enemies":"Looter","floor":10,"turns":2},{"damage":51,"enemies":"Gremlin Nob","floor":12,"turns":5},{"damage":0,"enemies":"2 Fungi Beasts","floor":14,"turns":2},{"damage":25,"enemies":"Slime Boss","floor":16,"turns":3}],"seed_played":"-8214887032452292470","potions_obtained":[{"floor":2,"key":"Fruit Juice"},{"floor":4,"key":"PowerPotion"},{"floor":6,"key":"Regen Potion"}],"is_trial":false,"path_per_floor":["M","M","$","M","M","E","M","R","T","M","R","E","R","M","R","B"],"character_chosen":"IRONCLAD","items_purchased":["Panacea","Thinking Ahead"],"campfire_rested":1,"item_purchase_floors":[3,3],"current_hp_per_floor":[80,81,81,79,69,23,18,18,18,25,51,18,18,24,24,0],"gold":190,"neow_bonus":"ONE_RARE_RELIC","is_prod":false,"is_daily":false,"chose_seed":false,"campfire_upgraded":3,"win_rate":0,"timestamp":1551039095,"path_taken":["M","M","$","M","?","E","M","R","T","?","R","E","R","M","R","BOSS"],"build_version":"2019-01-23","purchased_purges":0,"victory":false,"max_hp_per_floor":[80,85,85,85,85,85,85,85,85,87,87,87,87,87,87,87],"card_choices":[{"not_picked":["Warcry","Sword Boomerang"],"picked":"Cleave","floor":1},{"not_picked":["Armaments","Power Through"],"picked":"Headbutt","floor":2},{"not_picked":["Power Through","Wild Strike"],"picked":"Sword Boomerang","floor":4},{"not_picked":["Blood for Blood","Infernal Blade"],"picked":"Flex","floor":5},{"not_picked":["Infernal Blade","Perfected Strike","Entrench"],"picked":"SKIP","floor":6},{"not_picked":["Thunderclap","Rage"],"picked":"Havoc","floor":7},{"not_picked":["Sword Boomerang","Intimidate","Blood for Blood"],"picked":"Singing Bowl","floor":10},{"not_picked":["Heavy Blade","Shockwave"],"picked":"Rampage","floor":12},{"not_picked":["Entrench","Cleave","Clothesline"],"picked":"Whirlwind","floor":14}],"player_experience":220176,"relics_obtained":[{"floor":6,"key":"Darkstone Periapt"},{"floor":9,"key":"Singing Bowl"},{"floor":12,"key":"Question Card"}],"event_choices":[],"is_beta":false,"boss_relics":[],"items_purged_floors":[],"is_endless":false,"potions_floor_spawned":[2,4,6],"killed_by":"Slime Boss","ascension_level":3}