{"path_per_floor":["M","$","$","M","?","R","T","M","T","?","E","M","M","M","R","B",null,"M"],"character_chosen":"THE_SILENT","items_purchased":["Dagger Spray","Noxious Fumes"],"gold_per_floor":[109,10,10,29,29,29,29,48,75,25,58,68,81,95,95,194,194,212,212],"floor_reached":19,"campfire_rested":1,"playtime":651,"item_purchase_floors":[],"current_hp_per_floor":[69,69,69,59,59,59,59,59,59,59,45,40,33,31,52,29,70,38,0],"items_purged":[],"gold":212,"score":169,"play_id":"49c17720-f56f-4e54-a77a-73ac392d8740","local_time":"20180522155247","is_prod":false,"is_daily":false,"chose_seed":false,"is_ascension_mode":false,"campfire_upgraded":1,"timestamp":1527015167,"campfire_choices":[{"data":"Noxious Fumes","floor":6.0,"key":"SMITH"},{"floor":15,"key":"REST"}],"path_taken":["M","?","$","M","?","R","?","M","T","?","E","?","M","M","R","BOSS","M","M"],"build_version":"2018-05-21v2","seed_source_timestamp":20289745324937,"purchased_purges":0,"victory":false,"master_deck":["Defend_G","Defend_G","Defend_G","Defend_G","Defend_G","Strike_G","Strike_G","Strike_G","Survivor","Neutralize","Backstab","Dagger Spray","Noxious Fumes+1","Blade Dance","Sucker Punch","Caltrops","Choke","Grand Finale","Prepared+1"],"max_hp_per_floor":[70,70,70,70,70,70,70,70,70,70,70,70,70,70,70,70,70,70,70],"relics":["Runic Pyramid"],"card_choices":[{"not_picked":["Dagger Throw","Underhanded Strike"],"picked":"Backstab","floor":1.0},{"not_picked":["All Out Attack","Well Laid Plans"],"picked":"Blade Dance","floor":4.0},{"not_picked":["PiercingWail","Poisoned Stab"],"picked":"Sucker Punch","floor":8},{"not_picked":["Wraith Form v2","PiercingWail"],"picked":"Caltrops","floor":11},{"not_picked":["Deflect","Prepared"],"picked":"Choke","floor":12},{"not_picked":["PiercingWail","Reflex","Heel Hook"],"picked":"SKIP","floor":13},{"not_picked":["Acrobatics","Setup","Flying Knee"],"picked":"SKIP","floor":14},{"not_picked":["Tactician","Doppelganger"],"picked":"Grand Finale","floor":16},{"not_picked":["Expertise+1","Bane"],"picked":"Prepared+1","floor":18}],"player_experience":799553,"potions_floor_usage":[16,16,16],"damage_taken":[{"damage":1.0,"enemies":"Cultist","floor":1.0,"turns":4.0},{"damage":10.0,"enemies":"Small Slimes","floor":4.0,"turns":3.0},{"damage":0,"enemies":"2 Louse","floor":8,"turns":2},{"damage":14,"enemies":"Gremlin Nob","floor":11,"turns":5},{"damage":5,"enemies":"Red Slaver","floor":12,"turns":4},{"damage":7,"enemies":"Blue Slaver","floor":13,"turns":3},{"damage":2,"enemies":"Large Slime","floor":14,"turns":4},{"damage":37,"enemies":"Slime Boss","floor":16,"turns":11},{"damage":32,"enemies":"Spheric Guardian","floor":18,"turns":6},{"damage":45,"enemies":"Chosen","floor":19,"turns":6}],"relics_obtained":[],"event_choices":[{"event_name":"Living Wall","player_choice":"Forget","floor":5.0,"damage_taken":0.0},{"event_name":"The Cleric","player_choice":"Card Removal","floor":10,"damage_taken":0}],"boss_relics":[{"not_picked":["White Beast Statue","Astrolabe","Snecko Eye"]}],"items_purged_floors":[],"potions_floor_spawned":[1,11,14],"seed_played":"-400547016300070986","killed_by":"Chosen","ascension_level":0,"potions_obtained":[{"floor":1.0,"key":"Regen Potion"},{"floor":11,"key":"Ancient Potion"},{"floor":14,"key":"EssenceOfSteel"}],"is_trial":false}