{"gold_per_floor":[118,118,138,138,65,94,94,123,123,123,143,143,174,192,192,192],"floor_reached":16,"playtime":603,"items_purged":[],"score":142,"play_id":"39c06d33-65f7-41fe-9838-b89498624445","local_time":"20181222132658","is_ascension_mode":true,"campfire_choices":[{"floor":7.0,"key":"REST"},{"floor":10.0,"key":"REST"},{"floor":12.0,"key":"REST"},{"data":"Strike_B","floor":15.0,"key":"PURGE"}],"neow_cost":"PERCENT_DAMAGE","seed_source_timestamp":0,"circlet_count":0,"master_deck":["Strike_B","Strike_B","Strike_B","Defend_B","Defend_B","Defend_B","Defend_B","Zap","Dualcast","Doom and Gloom","Fission","Streamline","FTL","Cold Snap"],"special_seed":0,"relics":["Cracked Core","WingedGreaves","GremlinMask","Peace Pipe","Symbiotic Virus","Question Card","Happy Flower"],"potions_floor_usage":[16],"damage_taken":[{"damage":6.0,"enemies":"2 Louse","floor":1.0,"turns":3.0},{"damage":6.0,"enemies":"Cultist","floor":3.0,"turns":3.0},{"damage":32.0,"enemies":"Gremlin Nob","floor":6.0,"turns":4.0},{"damage":28.0,"enemies":"3 Sentries","floor":8.0,"turns":5.0},{"damage":2.0,"enemies":"Jaw Worm","floor":11.0,"turns":3.0},{"damage":20.0,"enemies":"Lagavulin","floor":13.0,"turns":4.0},{"damage":3.0,"enemies":"Blue Slaver","floor":14.0,"turns":2.0},{"damage":26,"enemies":"Slime Boss","floor":16,"turns":6}],"seed_played":"-5276237474702381109","potions_obtained":[{"floor":6.0,"key":"Block Potion"},{"floor":14.0,"key":"Block Potion"}],"is_trial":false,"path_per_floor":["M","?","M","?","$","E","R","E","T","R","M","R","E","M","R","B"],"character_chosen":"DEFECT","items_purchased":["Fission"],"campfire_rested":3,"item_purchase_floors":[5],"current_hp_per_floor":[48,48,42,42,42,10,32,4,4,26,24,46,26,23,23,0],"gold":192,"neow_bonus":"ONE_RARE_RELIC","is_prod":false,"is_daily":false,"chose_seed":false,"campfire_upgraded":0,"win_rate":0,"timestamp":1545492418,"path_taken":["M","?","M","?","$","E","R","E","T","R","M","R","E","?","R","BOSS"],"build_version":"2018-12-20","purchased_purges":0,"victory":false,"max_hp_per_floor":[75,75,75,75,75,75,75,75,75,75,75,75,75,75,75,75],"card_choices":[{"not_picked":["Conserve Battery","Aggregate"],"picked":"Doom and Gloom","floor":1.0},{"not_picked":["Doom and Gloom","Streamline","Beam Cell"],"picked":"SKIP","floor":3.0},{"not_picked":["Scrape","Barrage"],"picked":"Streamline","floor":6.0},{"not_picked":["Rip and Tear","Skim"],"picked":"FTL","floor":8.0},{"not_picked":["Meteor Strike","Hello World","Go for the Eyes"],"picked":"Cold Snap","floor":11.0},{"not_picked":["Undo","Self Repair","Gash","Conserve Battery"],"picked":"SKIP","floor":13.0},{"not_picked":["Scrape","Genetic Algorithm","Stack","Gash"],"picked":"SKIP","floor":14.0}],"player_experience":890574,"relics_obtained":[{"floor":6.0,"key":"Peace Pipe"},{"floor":8.0,"key":"Symbiotic Virus"},{"floor":9.0,"key":"Question Card"},{"floor":13.0,"key":"Happy Flower"}],"event_choices":[{"damage_healed":0.0,"max_hp_gain":0.0,"max_hp_loss":0.0,"gold_gain":0.0,"event_name":"Liars Game","player_choice":"Ignored","floor":2.0,"gold_loss":0.0,"damage_taken":0.0},{"damage_healed":0.0,"max_hp_gain":0.0,"max_hp_loss":0.0,"gold_gain":0.0,"event_name":"FaceTrader","player_choice":"Trade","floor":4.0,"gold_loss":0.0,"damage_taken":0.0,"relics_obtained":["GremlinMask"]}],"is_beta":true,"boss_relics":[],"items_purged_floors":[],"is_endless":false,"potions_floor_spawned":[6,14],"killed_by":"Slime Boss","ascension_level":4}