{"gold_per_floor":[113,388,291,308,25,41,55,66,66,85,114,114,43,61,61,156,156,166,166,180,180,180,180,191,191,191,204,204,216,216,13,13,111,111,124,124,141,3,18,18,18,18,43,62,62,62,62,82,82,82],"floor_reached":50,"playtime":2867,"items_purged":["Regret","Strike_B"],"score":444,"play_id":"7866c4b1-6f76-4d8d-b93d-4fa86b8f6497","local_time":"20190310160020","is_ascension_mode":false,"campfire_choices":[{"floor":15,"key":"REST"},{"floor":23,"key":"REST"},{"floor":25,"key":"RECALL"},{"data":"Loop","floor":28,"key":"SMITH"},{"floor":32,"key":"REST"},{"data":"White Noise","floor":42,"key":"SMITH"},{"data":"Electrodynamics","floor":46,"key":"SMITH"},{"floor":49,"key":"REST"}],"neow_cost":"NONE","seed_source_timestamp":813623055622400,"circlet_count":0,"master_deck":["Strike_B","Strike_B","Strike_B","Defend_B","Defend_B","Defend_B","Defend_B","Zap","Dualcast","Go for the Eyes","Coolheaded","Tempest","Coolheaded","FTL","Gash","Electrodynamics+1","Stack","Loop+1","Blizzard","Biased Cognition","Go for the Eyes","Cold Snap","Aggregate","White Noise+1","Coolheaded","Echo Form","Gash","All For One","Aggregate+1","Capacitor","FTL+1","Madness","Madness"],"relics":["FrozenCore","Centennial Puzzle","Medical Kit","Potion Belt","Nilry\u0027s Codex","Darkstone Periapt","Incense Burner","DataDisk","Sozu","Bag of Marbles","Toxic Egg 2"],"potions_floor_usage":[21,21,33],"damage_taken":[{"damage":1,"enemies":"Jaw Worm","floor":1,"turns":3},{"damage":1,"enemies":"Cultist","floor":4,"turns":3},{"damage":0,"enemies":"2 Louse","floor":6,"turns":2},{"damage":0,"enemies":"Red Slaver","floor":7,"turns":4},{"damage":12,"enemies":"Looter","floor":8,"turns":3},{"damage":10,"enemies":"Blue Slaver","floor":10,"turns":3},{"damage":24,"enemies":"Lagavulin","floor":11,"turns":6},{"damage":0,"enemies":"2 Fungi Beasts","floor":14,"turns":2},{"damage":12,"enemies":"The Guardian","floor":16,"turns":14},{"damage":25,"enemies":"2 Thieves","floor":18,"turns":3},{"damage":3,"enemies":"Shell Parasite","floor":20,"turns":7},{"damage":0,"enemies":"Colosseum Slavers","floor":21,"turns":2},{"damage":11,"enemies":"Centurion and Healer","floor":24,"turns":5},{"damage":0,"enemies":"3 Cultists","floor":27,"turns":2},{"damage":7,"enemies":"Shelled Parasite and Fungi","floor":29,"turns":6},{"damage":44,"enemies":"Automaton","floor":33,"turns":15},{"damage":5,"enemies":"Orb Walker","floor":35,"turns":4},{"damage":0,"enemies":"3 Shapes","floor":37,"turns":4},{"damage":5,"enemies":"Jaw Worm Horde","floor":39,"turns":6},{"damage":9,"enemies":"Spire Growth","floor":44,"turns":6},{"damage":15,"enemies":"Maw","floor":48,"turns":8},{"damage":70,"enemies":"Donu and Deca","floor":50,"turns":6}],"seed_played":"-2669639434275755469","potions_obtained":[{"floor":1,"key":"Block Potion"},{"floor":4,"key":"EssenceOfSteel"},{"floor":14,"key":"AttackPotion"},{"floor":20,"key":"Fire Potion"},{"floor":29,"key":"Fruit Juice"},{"floor":33,"key":"Energy Potion"}],"is_trial":false,"path_per_floor":["M","?","$","M","$","M","M","M","T","M","E","?","$","M","R","B",null,"M","?","M","?","T","R","M","R","T","M","R","M","?","$","R","B",null,"M","?","M","$","M","?","?","R","T","M","?","R","T","M","R","B"],"character_chosen":"DEFECT","items_purchased":["Coolheaded","Coolheaded","FTL","Medical Kit","Loop","DataDisk","Gash","Capacitor"],"campfire_rested":4,"item_purchase_floors":[3,5,5,5,13,31,31,38],"current_hp_per_floor":[74,74,74,73,73,73,73,61,61,51,27,27,27,27,49,37,75,50,34,31,31,31,53,42,42,42,42,42,35,35,35,57,18,80,75,75,75,75,70,70,60,60,60,51,51,51,51,36,60,0],"gold":82,"neow_bonus":"RANDOM_COMMON_RELIC","is_prod":false,"is_daily":false,"chose_seed":false,"campfire_upgraded":3,"win_rate":0,"timestamp":1552248020,"path_taken":["M","?","$","M","$","M","M","?","T","?","E","?","$","M","R","BOSS","M","?","M","?","?","R","M","R","T","M","R","M","?","$","R","BOSS","M","?","M","$","M","?","?","R","T","M","?","R","?","M","R","BOSS"],"build_version":"2019-01-23","purchased_purges":2,"victory":false,"max_hp_per_floor":[75,75,75,75,75,75,75,75,75,75,75,75,75,75,75,75,75,75,75,75,75,75,75,75,75,75,75,75,75,75,75,75,80,80,80,80,80,80,80,80,80,80,80,80,80,80,80,80,80,80],"card_choices":[{"not_picked":["Fusion","Barrage"],"picked":"Go for the Eyes","floor":1},{"not_picked":["Doom and Gloom","Redo"],"picked":"Tempest","floor":4},{"not_picked":["Streamline","Reboot"],"picked":"Gash","floor":6},{"not_picked":["Conserve Battery","Beam Cell"],"picked":"Cold Snap","floor":7},{"not_picked":["Undo","Streamline","Steam"],"picked":"SKIP","floor":8},{"not_picked":["Rebound","Self Repair","Barrage"],"picked":"SKIP","floor":10},{"not_picked":["Loop","Conserve Battery"],"picked":"Electrodynamics","floor":11},{"not_picked":["Skim","Undo"],"picked":"Blizzard","floor":14},{"not_picked":["Multi-Cast","Reboot"],"picked":"Biased Cognition","floor":16},{"not_picked":["Steam","Genetic Algorithm+1"],"picked":"Go for the Eyes","floor":18},{"not_picked":["Sweeping Beam+1","Hologram+1"],"picked":"Cold Snap","floor":20},{"not_picked":["Reprogram","Compile Driver"],"picked":"Aggregate","floor":24},{"not_picked":["Hologram","Ball Lightning"],"picked":"White Noise","floor":27},{"not_picked":["Cold Snap","Beam Cell+1"],"picked":"Coolheaded","floor":29},{"not_picked":["Multi-Cast","Buffer"],"picked":"All For One","floor":33},{"not_picked":["Hologram+1","Reinforced Body","Chaos+1"],"picked":"SKIP","floor":35},{"not_picked":["Fusion","Doom and Gloom+1"],"picked":"Aggregate+1","floor":37},{"not_picked":["Cold Snap","Darkness+1"],"picked":"FTL+1","floor":39},{"not_picked":["Aggregate+1","Turbo","Sunder+1"],"picked":"SKIP","floor":44},{"not_picked":["Chaos+1","Redo+1","Reinforced Body+1"],"picked":"SKIP","floor":48}],"player_experience":1186026,"relics_obtained":[{"floor":11,"key":"Potion Belt"},{"floor":19,"key":"Nilry\u0027s Codex"},{"floor":22,"key":"Darkstone Periapt"},{"floor":26,"key":"Incense Burner"},{"floor":43,"key":"Bag of Marbles"},{"floor":47,"key":"Toxic Egg 2"}],"event_choices":[{"damage_healed":0,"gold_gain":275,"player_choice":"Desecrate","damage_taken":0,"max_hp_gain":0,"max_hp_loss":0,"event_name":"Golden Shrine","floor":2,"gold_loss":0,"cards_obtained":["Regret"]},{"damage_healed":0,"gold_gain":0,"player_choice":"1 cards matched","damage_taken":0,"max_hp_gain":0,"max_hp_loss":0,"event_name":"Match and Keep!","floor":12,"gold_loss":0,"cards_obtained":["Stack"]},{"damage_healed":0,"gold_gain":0,"player_choice":"Obtained Book","damage_taken":16,"max_hp_gain":0,"max_hp_loss":0,"event_name":"Cursed Tome","floor":19,"gold_loss":0},{"damage_healed":0,"gold_gain":0,"player_choice":"Fight","damage_taken":0,"max_hp_gain":0,"max_hp_loss":0,"event_name":"Colosseum","floor":21,"gold_loss":0},{"damage_healed":0,"gold_gain":0,"player_choice":"Fled From Nobs","damage_taken":0,"max_hp_gain":0,"max_hp_loss":0,"event_name":"Colosseum","floor":21,"gold_loss":0},{"damage_healed":0,"gold_gain":0,"player_choice":"Read","damage_taken":0,"max_hp_gain":0,"max_hp_loss":0,"event_name":"The Library","floor":30,"gold_loss":0,"cards_obtained":["Echo Form"]},{"damage_healed":0,"gold_gain":0,"player_choice":"Ignored","damage_taken":0,"max_hp_gain":0,"max_hp_loss":0,"event_name":"Tomb of Lord Red Mask","floor":36,"gold_loss":0},{"cards_removed":["Cold Snap"],"damage_healed":0,"gold_gain":0,"player_choice":"Removed Attack","damage_taken":0,"max_hp_gain":0,"max_hp_loss":0,"event_name":"Falling","floor":40,"gold_loss":0},{"damage_healed":0,"gold_gain":0,"player_choice":"Embrace Madness","damage_taken":10,"max_hp_gain":0,"max_hp_loss":0,"event_name":"Winding Halls","floor":41,"gold_loss":0,"cards_obtained":["Madness","Madness"]},{"damage_healed":0,"gold_gain":0,"player_choice":"Ignored","damage_taken":0,"max_hp_gain":0,"max_hp_loss":0,"event_name":"Mysterious Sphere","floor":45,"gold_loss":0}],"is_beta":false,"boss_relics":[{"not_picked":["White Beast Statue","Empty Cage"],"picked":"FrozenCore"},{"not_picked":["Busted Crown","Runic Pyramid"],"picked":"Sozu"}],"items_purged_floors":[3,38],"is_endless":false,"potions_floor_spawned":[1,4,14,20,29,33,37,39],"killed_by":"Donu and Deca","ascension_level":0}