{"path_per_floor":["M","?","?","M","$","R","M","E","T","?","?","M","$","M","R","B",null,"M","?","M","$","M","R","M","?","T","T","M","M","M"],"character_chosen":"IRONCLAD","items_purchased":[],"gold_per_floor":[116,66,66,80,5,5,15,49,118,118,118,138,38,51,51,146,146,156,156,167,42,52,52,64,64,64,89,108,123,143],"floor_reached":31,"campfire_rested":1,"playtime":853,"current_hp_per_floor":[75,75,75,76,76,76,80,50,50,50,50,48,48,49,73,54,80,73,73,69,69,54,54,60,45,45,47,31,19,25],"items_purged":["Defend_R","Strike_R","Strike_R"],"gold":153,"score":241,"play_id":"7d8f6959-e0e5-48f1-95c2-86c2bfda7c59","local_time":"20180319122920","is_prod":false,"is_daily":false,"is_ascension_mode":false,"campfire_upgraded":2,"timestamp":1521473360,"path_taken":["M","?","?","M","$","R","M","E","T","?","?","M","$","?","R","BOSS","M","?","M","$","M","R","M","?","T","?","?","M","M","M"],"build_version":"2018-03-15v3","purchased_purges":4,"victory":false,"master_deck":["Strike_R","Strike_R","Strike_R","Bash+1","Flex+1","Cleave+1","Double Tap+1","Clash","Rage+1"],"max_hp_per_floor":[80,80,80,80,80,80,80,80,80,80,80,80,80,80,80,80,80,80,80,80,80,80,80,80,85,85,87,89,91,91],"relics":["Burning Blood","Bag of Preparation","Toxic Egg 2","Question Card","Prayer Wheel","Singing Bowl"],"card_choices":[{"not_picked":["Disarm","Warcry"],"picked":"Flex"},{"not_picked":["Heavy Blade","Reaper"],"picked":"Cleave"},{"not_picked":["Offering","Exhume"],"picked":"Double Tap"},{"not_picked":["Thunderclap","Wild Strike","Havoc"],"picked":"Clash"},{"not_picked":["Corruption","Combust","Shrug It Off"],"picked":"Rage"}],"player_experience":620819,"potions_floor_usage":[8,14,24],"damage_taken":[{"damage":11,"enemies":"Jaw Worm","floor":1,"turns":4},{"damage":5,"enemies":"2 Louse","floor":4,"turns":3},{"damage":1,"enemies":"Cultist","floor":7,"turns":3},{"damage":36,"enemies":"Lagavulin","floor":8,"turns":4},{"damage":8,"enemies":"Large Slime","floor":12,"turns":5},{"damage":5,"enemies":"3 Louse","floor":14,"turns":2},{"damage":25,"enemies":"Slime Boss","floor":16,"turns":7},{"damage":13,"enemies":"3 Byrds","floor":18,"turns":4},{"damage":10,"enemies":"Chosen","floor":20,"turns":3},{"damage":21,"enemies":"Snake Plant","floor":22,"turns":3},{"damage":0,"enemies":"Snecko","floor":24,"turns":2},{"damage":24,"enemies":"Slaver and Parasite","floor":28,"turns":3},{"damage":20,"enemies":"Centurion and Healer","floor":29,"turns":2},{"damage":0,"enemies":"Cultist and Chosen","floor":30,"turns":3},{"damage":0,"enemies":"Chosen and Byrds","floor":31,"turns":5}],"event_choices":[{"event_name":"The Cleric","player_choice":"Card Removal","floor":2,"damage_taken":0},{"event_name":"Purifier","player_choice":"One Purge","floor":3,"damage_taken":0},{"event_name":"Match and Keep!","player_choice":"0 cards matched","floor":10,"damage_taken":0},{"event_name":"Living Wall","player_choice":"Forget","floor":11,"damage_taken":0},{"event_name":"Vampires","player_choice":"Ignored","floor":19,"damage_taken":0},{"event_name":"Forgotten Altar","player_choice":"Shed Blood","floor":25,"damage_taken":0}],"boss_relics":[{"not_picked":["Tiny House","Cursed Key"],"picked":"Question Card"}],"potions_floor_spawned":[4,7,16,20,22,31],"seed_played":"3856181211336194085","killed_by":"Chosen and Byrds","ascension_level":0,"is_trial":false}