{"gold_per_floor":[109,109,21,41,1,1,30,30,55,78,78,28,28,98,98,228,291,306,322,237,237,237,237,269,269,292,322,332,332,48,62,62,164,164,174,187,202,202,83,83,103,103,103,118,149,163,190,290,290,290,290,290,52,83,83],"floor_reached":55,"playtime":1711,"items_purged":["Pain","Strike_B","Strike_B"],"score":945,"play_id":"4c6b3672-61af-4e90-bc23-30a37f4f8f04","local_time":"20190303132405","is_ascension_mode":true,"campfire_choices":[{"data":"Defragment","floor":6.0,"key":"SMITH"},{"floor":11.0,"key":"REST"},{"floor":13.0,"key":"REST"},{"data":"Storm","floor":15.0,"key":"SMITH"},{"data":"White Noise","floor":23.0,"key":"SMITH"},{"floor":25,"key":"REST"},{"data":"Echo Form","floor":29,"key":"SMITH"},{"data":"Storm","floor":32,"key":"SMITH"},{"data":"Lockon","floor":40,"key":"SMITH"},{"data":"Defragment","floor":42,"key":"SMITH"},{"floor":49,"key":"RECALL"},{"data":"Static Discharge","floor":52,"key":"SMITH"}],"neow_cost":"NONE","seed_source_timestamp":145588171680945,"circlet_count":0,"master_deck":["Strike_B","Strike_B+1","Defend_B","Defend_B","Defend_B","Defend_B","Zap","Dualcast","Consume","Storm+1","Conserve Battery","Static Discharge+1","Defragment+1","Go for the Eyes","Auto Shields","White Noise+1","Biased Cognition","Fusion","Sweeping Beam+1","Leap","Cold Snap+1","Skim","Echo Form+1","Storm+1","Chill","Machine Learning","Hologram+1","Defragment+1","Storm","Lockon+1","Leap","Storm+1","Thunder Strike","Heatsinks+1","Static Discharge","Leap"],"special_seed":0,"relics":["Cracked Core","WarpedTongs","Mercury Hourglass","Bloody Idol","Smiling Mask","Tiny Chest","Tiny House","FossilizedHelix","DataDisk","Pen Nib","Art of War","Orichalcum","Velvet Choker","Bottled Tornado","Blood Vial","Calipers","Ice Cream","Bronze Scales","Mummified Hand"],"potions_floor_usage":[50,50,54],"damage_taken":[{"damage":5.0,"enemies":"2 Louse","floor":1.0,"turns":2.0},{"damage":9.0,"enemies":"Cultist","floor":4.0,"turns":4.0},{"damage":27.0,"enemies":"Lagavulin","floor":7.0,"turns":6.0},{"damage":13.0,"enemies":"Jaw Worm","floor":10.0,"turns":4.0},{"damage":21.0,"enemies":"3 Sentries","floor":14.0,"turns":5.0},{"damage":12.0,"enemies":"Hexaghost","floor":16.0,"turns":4.0},{"damage":10.0,"enemies":"2 Thieves","floor":18.0,"turns":3.0},{"damage":2.0,"enemies":"Chosen","floor":19.0,"turns":4.0},{"damage":37,"enemies":"Book of Stabbing","floor":24,"turns":4},{"damage":12,"enemies":"Gremlin Leader","floor":27,"turns":5},{"damage":8,"enemies":"Sentry and Sphere","floor":28,"turns":4},{"damage":2,"enemies":"Centurion and Healer","floor":31,"turns":4},{"damage":32,"enemies":"Champ","floor":33,"turns":7},{"damage":22,"enemies":"3 Darklings","floor":35,"turns":3},{"damage":0,"enemies":"Orb Walker","floor":36,"turns":3},{"damage":0,"enemies":"Maw","floor":37,"turns":5},{"damage":0,"enemies":"Spire Growth","floor":41,"turns":4},{"damage":11,"enemies":"Jaw Worm Horde","floor":44,"turns":2},{"damage":0,"enemies":"Giant Head","floor":45,"turns":5},{"damage":23,"enemies":"3 Darklings","floor":46,"turns":3},{"damage":7,"enemies":"Nemesis","floor":47,"turns":5},{"damage":18,"enemies":"Mind Bloom Boss Battle","floor":48,"turns":3},{"damage":28,"enemies":"Awakened One","floor":50,"turns":6},{"damage":73,"enemies":"Shield and Spear","floor":54,"turns":5},{"damage":45,"enemies":"The Heart","floor":55,"turns":2}],"seed_played":"8848712800155247502","potions_obtained":[{"floor":1.0,"key":"FocusPotion"},{"floor":7.0,"key":"Ancient Potion"},{"floor":17.0,"key":"SpeedPotion"},{"floor":18.0,"key":"SkillPotion"},{"floor":28,"key":"Block Potion"}],"is_trial":false,"path_per_floor":["M","?","$","M","$","R","E","?","T","M","R","$","R","E","R","B",null,"M","M","?","?","T","R","E","R","T","E","M","R","$","M","R","B",null,"M","M","M","?","$","R","M","R","T","M","E","M","E","?","R","B",null,"R","$","E","B"],"character_chosen":"DEFECT","items_purchased":["Storm","Conserve Battery","Defragment","Storm","Orichalcum","Lockon","Leap","Bronze Scales","Static Discharge"],"campfire_rested":3,"item_purchase_floors":[3,3,5,30,30,39,39,53,53],"current_hp_per_floor":[77,77,77,68,68,68,41,21,21,8,32,32,56,35,35,23,87,77,75,75,75,75,75,43,69,74,67,64,64,64,67,67,40,87,70,75,80,80,80,80,85,85,85,79,84,68,68,57,57,31,87,87,87,19,0],"gold":83,"neow_bonus":"TEN_PERCENT_HP_BONUS","is_prod":false,"is_daily":false,"chose_seed":false,"campfire_upgraded":8,"win_rate":0,"timestamp":1551641045,"path_taken":["M","?","?","M","$","R","E","?","T","M","R","$","R","E","R","BOSS","M","M","?","?","?","R","E","R","T","E","M","R","$","M","R","BOSS","M","M","M","?","$","R","M","R","T","M","E","?","E","?","R","BOSS","R","$","E","BOSS"],"build_version":"2019-01-23","purchased_purges":3,"victory":false,"max_hp_per_floor":[82,82,82,82,82,82,82,82,82,82,82,82,82,82,82,82,87,87,87,87,87,87,87,87,87,87,87,87,87,87,87,87,87,87,87,87,87,87,87,87,87,87,87,87,87,87,87,87,87,87,87,87,87,87,87],"card_choices":[{"not_picked":["Blizzard","Double Energy"],"picked":"Consume","floor":1.0},{"not_picked":["Double Energy","Chaos"],"picked":"Static Discharge","floor":4.0},{"not_picked":["Gash","Hello World"],"picked":"Go for the Eyes","floor":7.0},{"not_picked":["Sweeping Beam","Beam Cell"],"picked":"Auto Shields","floor":10.0},{"not_picked":["Fusion","Compile Driver"],"picked":"White Noise","floor":14.0},{"not_picked":["Machine Learning","Reboot"],"picked":"Biased Cognition","floor":16.0},{"not_picked":["Ball Lightning","Go for the Eyes"],"picked":"Fusion","floor":17.0},{"not_picked":["Blizzard","FTL"],"picked":"Sweeping Beam+1","floor":18.0},{"not_picked":["Chill","Streamline+1"],"picked":"Leap","floor":19.0},{"not_picked":["Genetic Algorithm","Stack"],"picked":"Cold Snap+1","floor":24},{"not_picked":["Cold Snap+1","Ball Lightning"],"picked":"Skim","floor":27},{"not_picked":["Fusion","Capacitor+1"],"picked":"Echo Form","floor":28},{"not_picked":["Gash","Blizzard"],"picked":"Chill","floor":31},{"not_picked":["Hyperbeam","Meteor Strike"],"picked":"Machine Learning","floor":33},{"not_picked":["Coolheaded","Cold Snap+1"],"picked":"Hologram+1","floor":35},{"not_picked":["Sweeping Beam","Sunder+1"],"picked":"Defragment","floor":36},{"not_picked":["Reinforced Body+1","Rainbow"],"picked":"Storm","floor":37},{"not_picked":["Conserve Battery","Glacier+1"],"picked":"Storm+1","floor":41},{"not_picked":["Barrage","Genetic Algorithm","Go for the Eyes+1"],"picked":"SKIP","floor":44},{"not_picked":["Barrage+1","Steam Power+1"],"picked":"Thunder Strike","floor":45},{"not_picked":["Ball Lightning","Gash","Cold Snap"],"picked":"SKIP","floor":46},{"not_picked":["Lockon+1","Turbo","Reprogram"],"picked":"SKIP","floor":47},{"not_picked":["Go for the Eyes","Rainbow"],"picked":"Heatsinks+1","floor":48},{"not_picked":["Sweeping Beam","Echo Form"],"picked":"Leap","floor":54}],"player_experience":282412,"relics_obtained":[{"floor":7.0,"key":"Mercury Hourglass"},{"floor":9.0,"key":"Smiling Mask"},{"floor":14.0,"key":"Tiny Chest"},{"floor":24,"key":"DataDisk"},{"floor":26,"key":"Pen Nib"},{"floor":27,"key":"Art of War"},{"floor":43,"key":"Bottled Tornado"},{"floor":45,"key":"Blood Vial"},{"floor":47,"key":"Calipers"},{"floor":48,"key":"Ice Cream"},{"floor":54,"key":"Mummified Hand"}],"event_choices":[{"damage_healed":0.0,"max_hp_gain":0.0,"max_hp_loss":0.0,"gold_gain":0.0,"event_name":"Accursed Blacksmith","player_choice":"Rummage","floor":2.0,"gold_loss":0.0,"damage_taken":0.0,"relics_obtained":["WarpedTongs"],"cards_obtained":["Pain"]},{"damage_healed":0.0,"max_hp_gain":0.0,"max_hp_loss":0.0,"gold_gain":0.0,"event_name":"Golden Idol","player_choice":"Take Damage","floor":8.0,"gold_loss":0.0,"damage_taken":20.0,"relics_obtained":["Golden Idol"]},{"damage_healed":0.0,"max_hp_gain":0.0,"max_hp_loss":0.0,"gold_gain":0.0,"event_name":"Addict","player_choice":"Obtained Relic","floor":20.0,"gold_loss":85.0,"damage_taken":0.0,"relics_obtained":["FossilizedHelix"]},{"damage_healed":0.0,"max_hp_gain":0.0,"max_hp_loss":0.0,"gold_gain":0.0,"event_name":"Forgotten Altar","player_choice":"Gave Idol","floor":21.0,"relics_lost":["Golden Idol"],"gold_loss":0.0,"damage_taken":0.0,"relics_obtained":["Bloody Idol"]},{"damage_healed":0,"gold_gain":0,"player_choice":"Ignored","damage_taken":0,"max_hp_gain":0,"max_hp_loss":0,"event_name":"SecretPortal","floor":38,"gold_loss":0},{"damage_healed":0,"gold_gain":0,"player_choice":"Fight","damage_taken":0,"max_hp_gain":0,"max_hp_loss":0,"event_name":"MindBloom","floor":48,"gold_loss":0}],"is_beta":false,"boss_relics":[{"not_picked":["Lizard Tail","FrozenCore"],"picked":"Tiny House"},{"not_picked":["Calling Bell","Empty Cage"],"picked":"Velvet Choker"}],"items_purged_floors":[12,30,53],"is_endless":false,"potions_floor_spawned":[1,7,18,28,31,33,37,41,44,45,47],"killed_by":"The Heart","ascension_level":4}