{"gold_per_floor":[12,24,34,44,44,44,61,61,88,88,88,120,0,27,27,132,132,152,8,26,26],"floor_reached":21,"playtime":962,"items_purged":["Strike_B"],"score":268,"play_id":"146b7885-bc68-44a6-86bb-42b3906495d2","local_time":"20190306114304","is_ascension_mode":true,"campfire_choices":[{"data":"Streamline","floor":6,"key":"SMITH"},{"data":"Buffer","floor":8,"key":"SMITH"},{"data":"Coolheaded","floor":10,"key":"SMITH"},{"floor":15,"key":"REST"}],"neow_cost":"NO_GOLD","seed_source_timestamp":221192360882081,"circlet_count":0,"master_deck":["Strike_B","Strike_B","Defend_B","Defend_B","Defend_B","Defend_B","Zap","Dualcast","Hologram","Hologram","Coolheaded+1","Streamline+1","Coolheaded","Buffer+1","Storm","Ball Lightning","Undo","Echo Form"],"relics":["Cracked Core","Pocketwatch","Blood Vial","Dream Catcher","Smiling Mask","Sozu","DataDisk"],"potions_floor_usage":[14,14,14,21,21,21],"damage_taken":[{"damage":2,"enemies":"2 Louse","floor":1,"turns":2},{"damage":3,"enemies":"Cultist","floor":2,"turns":3},{"damage":8,"enemies":"Small Slimes","floor":3,"turns":3},{"damage":12,"enemies":"3 Louse","floor":4,"turns":4},{"damage":10,"enemies":"2 Fungi Beasts","floor":7,"turns":3},{"damage":0,"enemies":"Gremlin Nob","floor":12,"turns":4},{"damage":5,"enemies":"3 Sentries","floor":14,"turns":5},{"damage":21,"enemies":"The Guardian","floor":16,"turns":10},{"damage":18,"enemies":"2 Thieves","floor":18,"turns":5},{"damage":12,"enemies":"3 Byrds","floor":20,"turns":4},{"damage":28,"enemies":"Colosseum Slavers","floor":21,"turns":4},{"damage":36,"enemies":"Colosseum Nobs","floor":21,"turns":4}],"seed_played":"-2190744928135644465","potions_obtained":[{"floor":1,"key":"Energy Potion"},{"floor":2,"key":"Explosive Potion"},{"floor":3,"key":"EntropicBrew"},{"floor":16,"key":"FocusPotion"}],"is_trial":false,"path_per_floor":["M","M","M","M","?","R","M","R","T","R","?","E","$","E","R","B",null,"M","$","M","?"],"character_chosen":"DEFECT","items_purchased":["Ball Lightning","DataDisk"],"campfire_rested":1,"item_purchase_floors":[13,19],"current_hp_per_floor":[73,70,62,50,50,50,40,40,40,40,40,42,42,39,61,42,67,51,51,41,0],"gold":26,"neow_bonus":"ONE_RARE_RELIC","is_prod":false,"is_daily":false,"chose_seed":false,"campfire_upgraded":3,"win_rate":0,"timestamp":1551894184,"path_taken":["M","M","M","M","?","R","?","R","T","R","?","E","$","E","R","BOSS","M","$","M","?"],"build_version":"2019-01-23","purchased_purges":1,"victory":false,"max_hp_per_floor":[75,75,75,75,75,75,75,75,75,75,75,75,75,75,75,75,75,75,75,75,75],"card_choices":[{"not_picked":["Stack","Steam"],"picked":"Hologram","floor":1},{"not_picked":["Turbo","Reprogram"],"picked":"Hologram","floor":2},{"not_picked":["Barrage","Turbo"],"picked":"Coolheaded","floor":3},{"not_picked":["Conserve Battery","Tempest"],"picked":"Streamline","floor":4},{"not_picked":["Auto Shields","Consume"],"picked":"Buffer","floor":7},{"not_picked":["Compile Driver","Coolheaded"],"picked":"Storm","floor":12},{"not_picked":["Sunder","Streamline"],"picked":"Undo","floor":14},{"not_picked":["Multi-Cast","Reboot"],"picked":"Echo Form","floor":16},{"not_picked":["Redo+1","Cold Snap","Stack"],"picked":"SKIP","floor":18},{"not_picked":["Turbo","Steam","Stack"],"picked":"SKIP","floor":20}],"player_experience":316691,"relics_obtained":[{"floor":9,"key":"Blood Vial"},{"floor":12,"key":"Dream Catcher"},{"floor":14,"key":"Smiling Mask"}],"event_choices":[{"damage_healed":0,"gold_gain":0,"player_choice":"1 cards matched","damage_taken":0,"max_hp_gain":0,"max_hp_loss":0,"event_name":"Match and Keep!","floor":5,"gold_loss":0,"cards_obtained":["Coolheaded"]},{"cards_removed":["Strike_B"],"damage_healed":0,"gold_gain":0,"player_choice":"Forget","damage_taken":0,"max_hp_gain":0,"max_hp_loss":0,"event_name":"Living Wall","floor":11,"gold_loss":0},{"damage_healed":0,"gold_gain":0,"player_choice":"Fight","damage_taken":0,"max_hp_gain":0,"max_hp_loss":0,"event_name":"Colosseum","floor":21,"gold_loss":0},{"damage_healed":0,"gold_gain":0,"player_choice":"Fought Nobs","damage_taken":0,"max_hp_gain":0,"max_hp_loss":0,"event_name":"Colosseum","floor":21,"gold_loss":0}],"is_beta":false,"boss_relics":[{"not_picked":["Runic Pyramid","Lizard Tail"],"picked":"Sozu"}],"items_purged_floors":[13],"is_endless":false,"potions_floor_spawned":[1,2,3,14,16,20],"killed_by":"Colosseum Nobs","ascension_level":5}