{"gold_per_floor":[114,114,131,56,6,6,17,49,73,47,76,76,94,109,109,208,208,227,227,278,54,68,68,85,185,185,185,185,197,212,26,26,26],"floor_reached":33,"playtime":1814,"items_purged":["Defend_B","Hello World","Strike_B"],"score":255,"play_id":"394e3475-c94e-4610-aaec-34040a22bfb1","local_time":"20190315113127","is_ascension_mode":false,"campfire_choices":[{"data":"Zap","floor":6,"key":"SMITH"},{"floor":15,"key":"REST"},{"floor":23,"key":"REST"},{"floor":27,"key":"REST"},{"floor":32,"key":"REST"}],"neow_cost":"NONE","seed_source_timestamp":162726494924800,"circlet_count":0,"master_deck":["Strike_B","Defend_B","Defend_B","Zap+1","Dualcast","Rebound","Conserve Battery","Skim","Gash","Redo","Steam Power","Ball Lightning","Biased Cognition","Storm","Gash","Storm","Capacitor","Reinforced Body+1","Recycle+1","Heatsinks","Force Field"],"relics":["Cracked Core","Bag of Marbles","Potion Belt","Ornamental Fan","Fusion Hammer","Enchiridion","Boot","Gambling Chip","The Courier","Bottled Lightning"],"potions_floor_usage":[8,13,29,30,30,30,30],"damage_taken":[{"damage":5,"enemies":"2 Louse","floor":1,"turns":2},{"damage":6,"enemies":"Jaw Worm","floor":3,"turns":3},{"damage":10,"enemies":"Small Slimes","floor":7,"turns":2},{"damage":24,"enemies":"3 Sentries","floor":8,"turns":6},{"damage":12,"enemies":"Lagavulin","floor":11,"turns":5},{"damage":3,"enemies":"Looter","floor":13,"turns":2},{"damage":4,"enemies":"Exordium Thugs","floor":14,"turns":3},{"damage":10,"enemies":"Slime Boss","floor":16,"turns":7},{"damage":28,"enemies":"3 Byrds","floor":18,"turns":3},{"damage":20,"enemies":"2 Thieves","floor":22,"turns":3},{"damage":0,"enemies":"Snake Plant","floor":24,"turns":2},{"damage":12,"enemies":"Colosseum Slavers","floor":25,"turns":3},{"damage":24,"enemies":"Colosseum Nobs","floor":25,"turns":3},{"damage":11,"enemies":"3 Cultists","floor":29,"turns":3},{"damage":12,"enemies":"Centurion and Healer","floor":30,"turns":4},{"damage":29,"enemies":"Champ","floor":33,"turns":6}],"seed_played":"2595589871679120119","potions_obtained":[{"floor":3,"key":"FairyPotion"},{"floor":7,"key":"SkillPotion"},{"floor":11,"key":"LiquidBronze"},{"floor":25,"key":"SteroidPotion"},{"floor":28,"key":"Dexterity Potion"},{"floor":28,"key":"Poison Potion"},{"floor":28,"key":"Explosive Potion"},{"floor":29,"key":"SteroidPotion"}],"is_trial":false,"path_per_floor":["M","?","M","$","?","R","M","E","T","$","E","?","M","M","R","B",null,"M","?","T","$","M","R","M","?","T","R","?","M","M","$","R","B"],"character_chosen":"DEFECT","items_purchased":["Gash","Gash","Storm","Heatsinks","Force Field"],"campfire_rested":4,"item_purchase_floors":[10,21,21,31,31],"current_hp_per_floor":[70,70,64,64,64,64,54,30,30,30,18,11,8,4,26,16,75,47,31,31,31,11,33,33,7,7,29,29,18,6,6,28,0],"gold":26,"neow_bonus":"THREE_CARDS","is_prod":false,"is_daily":false,"chose_seed":false,"campfire_upgraded":1,"win_rate":0.0,"timestamp":1552671087,"path_taken":["M","?","M","?","?","R","M","E","T","$","E","?","?","M","R","BOSS","M","?","?","$","M","R","M","?","T","R","?","M","M","$","R","BOSS"],"build_version":"2019-01-23","purchased_purges":3,"victory":false,"max_hp_per_floor":[75,75,75,75,75,75,75,75,75,75,75,75,75,75,75,75,75,75,75,75,75,75,75,75,75,75,75,75,75,75,75,75,75],"card_choices":[{"not_picked":["Compile Driver","Recycle"],"picked":"Rebound","floor":0},{"not_picked":["Hologram","Beam Cell"],"picked":"Hello World","floor":1},{"not_picked":["Sweeping Beam","Leap"],"picked":"Conserve Battery","floor":3},{"not_picked":["Blizzard","Steam","Steam Power"],"picked":"SKIP","floor":7},{"not_picked":["Cold Snap","Coolheaded"],"picked":"Skim","floor":8},{"not_picked":["Sunder","Tempest"],"picked":"Redo","floor":11},{"not_picked":["Blizzard","Reinforced Body"],"picked":"Steam Power","floor":13},{"not_picked":["Hologram","Go for the Eyes"],"picked":"Ball Lightning","floor":14},{"not_picked":["Buffer","Hyperbeam"],"picked":"Biased Cognition","floor":16},{"not_picked":["Cold Snap","Barrage"],"picked":"Storm","floor":18},{"not_picked":["Static Discharge","Conserve Battery+1"],"picked":"Capacitor","floor":22},{"not_picked":["Double Energy+1","Rebound","Barrage"],"picked":"SKIP","floor":24},{"not_picked":["Turbo","Beam Cell"],"picked":"Reinforced Body+1","floor":25},{"not_picked":["Coolheaded","Force Field"],"picked":"Recycle+1","floor":29},{"not_picked":["Fusion","Auto Shields+1","Hologram+1"],"picked":"SKIP","floor":30}],"player_experience":335028,"relics_obtained":[{"floor":8,"key":"Bag of Marbles"},{"floor":9,"key":"Potion Belt"},{"floor":11,"key":"Ornamental Fan"},{"floor":19,"key":"Enchiridion"},{"floor":20,"key":"Boot"},{"floor":25,"key":"Gambling Chip"},{"floor":25,"key":"The Courier"},{"floor":26,"key":"Bottled Lightning"}],"event_choices":[{"cards_removed":["Strike_B"],"damage_healed":0,"gold_gain":0,"player_choice":"Forget","damage_taken":0,"max_hp_gain":0,"max_hp_loss":0,"event_name":"Living Wall","floor":2,"gold_loss":0},{"cards_removed":["Defend_B"],"damage_healed":0,"gold_gain":0,"player_choice":"Card Removal","damage_taken":0,"max_hp_gain":0,"max_hp_loss":0,"event_name":"The Cleric","floor":5,"gold_loss":50},{"cards_removed":["Strike_B"],"damage_healed":0,"gold_gain":0,"player_choice":"Card Removal","damage_taken":7,"max_hp_gain":0,"max_hp_loss":0,"event_name":"Golden Wing","floor":12,"gold_loss":0},{"damage_healed":0,"gold_gain":0,"player_choice":"Obtained Book","damage_taken":16,"max_hp_gain":0,"max_hp_loss":0,"event_name":"Cursed Tome","floor":19,"gold_loss":0},{"damage_healed":0,"gold_gain":0,"player_choice":"Fight","damage_taken":0,"max_hp_gain":0,"max_hp_loss":0,"event_name":"Colosseum","floor":25,"gold_loss":0},{"damage_healed":0,"gold_gain":0,"player_choice":"Fought Nobs","damage_taken":0,"max_hp_gain":0,"max_hp_loss":0,"event_name":"Colosseum","floor":25,"gold_loss":0},{"damage_healed":0,"gold_gain":0,"player_choice":"Got Potions","damage_taken":0,"max_hp_gain":0,"max_hp_loss":0,"event_name":"Lab","floor":28,"gold_loss":0}],"is_beta":false,"boss_relics":[{"not_picked":["Coffee Dripper","Philosopher\u0027s Stone"],"picked":"Fusion Hammer"}],"items_purged_floors":[4,21,31],"is_endless":false,"potions_floor_spawned":[3,7,11,25,25,29],"killed_by":"Champ","ascension_level":0}