{"gold_per_floor":[113,113,131,144,157,157,185,185,185,200,231,249,6,106,106,205,205,222,151,116,116,116,142,142,172,228,228,228,228,218,248,248,248],"floor_reached":33,"playtime":2100,"items_purged":[],"score":492,"play_id":"ecf6aa98-9651-406d-8cee-36aab9e83ae7","local_time":"20190312004205","is_ascension_mode":true,"campfire_choices":[{"data":"Blade Dance","floor":6.0,"key":"SMITH"},{"data":"Bullet Time","floor":8.0,"key":"SMITH"},{"data":"Neutralize","floor":15.0,"key":"SMITH"},{"data":"Bullet Time","floor":27,"key":"SMITH"},{"data":"Accuracy","floor":29,"key":"SMITH"},{"floor":32,"key":"REST"}],"neow_cost":"NONE","seed_source_timestamp":697899312273990,"circlet_count":0,"master_deck":["AscendersBane","Defend_G","Defend_G","Defend_G","Defend_G","Defend_G","Strike_G","Strike_G","Strike_G","Strike_G","Strike_G","Survivor","Neutralize+1","Deflect","Prepared","Backflip","Blade Dance+1","Bullet Time+1","Backflip","Endless Agony","Slice","Bullet Time+1","Escape Plan","Accuracy+1","Caltrops","Ghostly","Ghostly","Ghostly","Ghostly","Ghostly","Backflip","Calculated Gamble"],"special_seed":0,"relics":["WristBlade","NlothsMask","Meat on the Bone","Mango","Sling","Black Star","Sundial","Potion Belt","Bronze Scales","Bottled Lightning","Tiny Chest","Bottled Tornado","Molten Egg 2","Blood Vial"],"potions_floor_usage":[16,25,31,33],"damage_taken":[{"damage":1.0,"enemies":"2 Louse","floor":1.0,"turns":3.0},{"damage":2.0,"enemies":"Cultist","floor":3.0,"turns":4.0},{"damage":1.0,"enemies":"Small Slimes","floor":4.0,"turns":5.0},{"damage":0.0,"enemies":"Blue Slaver","floor":5.0,"turns":6.0},{"damage":26.0,"enemies":"Gremlin Nob","floor":7.0,"turns":5.0},{"damage":9.0,"enemies":"Large Slime","floor":10.0,"turns":6.0},{"damage":20.0,"enemies":"3 Sentries","floor":11.0,"turns":12.0},{"damage":0.0,"enemies":"3 Louse","floor":12.0,"turns":3.0},{"damage":35,"enemies":"Hexaghost","floor":16,"turns":12},{"damage":11,"enemies":"3 Byrds","floor":18,"turns":7},{"damage":49,"enemies":"Slavers","floor":23,"turns":8},{"damage":6,"enemies":"Gremlin Leader","floor":25,"turns":7},{"damage":0,"enemies":"2 Thieves","floor":30,"turns":4},{"damage":28,"enemies":"Slavers","floor":31,"turns":8},{"damage":30,"enemies":"Collector","floor":33,"turns":7}],"seed_played":"-7508306352482748966","potions_obtained":[{"floor":1.0,"key":"GamblersBrew"},{"floor":7.0,"key":"Swift Potion"},{"floor":11.0,"key":"SteroidPotion"},{"floor":12.0,"key":"Strength Potion"},{"floor":30,"key":"Ancient Potion"}],"is_trial":false,"path_per_floor":["M","?","M","M","M","R","E","R","T","M","E","M","$","?","R","B",null,"M","$","$","?","?","E","?","E","T","R","T","R","M","E","R","B"],"character_chosen":"THE_SILENT","items_purchased":["Slice","Sling","Accuracy","Caltrops"],"campfire_rested":1,"item_purchase_floors":[13,13,19,20],"current_hp_per_floor":[62,62,60,59,59,59,33,33,33,36,42,54,54,54,54,31,71,60,60,60,44,73,36,36,30,30,30,30,30,30,14,27,0],"gold":248,"neow_bonus":"BOSS_RELIC","is_prod":false,"is_daily":false,"chose_seed":false,"campfire_upgraded":5,"win_rate":0,"timestamp":1552376525,"path_taken":["M","?","M","?","M","R","E","R","T","M","E","M","$","?","R","BOSS","M","?","$","?","?","E","?","E","T","R","?","R","M","E","R","BOSS"],"build_version":"2019-01-23","purchased_purges":0,"victory":false,"max_hp_per_floor":[70,70,70,70,70,70,70,70,70,70,84,84,84,84,84,84,84,84,84,84,89,89,89,44,44,44,44,44,44,44,44,44,44],"card_choices":[{"not_picked":["Tactician","Prepared"],"picked":"Deflect","floor":1.0},{"not_picked":["Masterful Stab","Expertise"],"picked":"Prepared","floor":3.0},{"not_picked":["Well Laid Plans","PiercingWail"],"picked":"Backflip","floor":4.0},{"not_picked":["Calculated Gamble","Slice"],"picked":"Blade Dance","floor":5.0},{"not_picked":["Dodge and Roll","Quick Slash"],"picked":"Bullet Time","floor":7.0},{"not_picked":["Bane","Deadly Poison"],"picked":"Backflip","floor":10.0},{"not_picked":["Flying Knee","Prepared"],"picked":"Endless Agony","floor":11.0},{"not_picked":["Eviscerate","Expertise","Heel Hook"],"picked":"SKIP","floor":12.0},{"not_picked":["Night Terror","Phantasmal Killer"],"picked":"Bullet Time","floor":16},{"not_picked":["Dagger Throw","Predator"],"picked":"Escape Plan","floor":18},{"not_picked":["Bouncing Flask","Tactician","Dagger Throw"],"picked":"SKIP","floor":23},{"not_picked":["Catalyst","Dagger Spray"],"picked":"Backflip","floor":25},{"not_picked":["Deflect","Caltrops"],"picked":"Calculated Gamble","floor":30},{"not_picked":["Underhanded Strike","Expertise+1","PiercingWail+1"],"picked":"SKIP","floor":31}],"player_experience":460217,"relics_obtained":[{"floor":7.0,"key":"Meat on the Bone"},{"floor":11.0,"key":"Mango"},{"floor":23,"key":"Sundial"},{"floor":23,"key":"Potion Belt"},{"floor":25,"key":"Bronze Scales"},{"floor":25,"key":"Bottled Lightning"},{"floor":26,"key":"Tiny Chest"},{"floor":28,"key":"Bottled Tornado"},{"floor":31,"key":"Molten Egg 2"},{"floor":31,"key":"Blood Vial"}],"event_choices":[{"damage_healed":0.0,"max_hp_gain":0.0,"max_hp_loss":0.0,"gold_gain":0.0,"event_name":"FaceTrader","player_choice":"Trade","floor":2.0,"gold_loss":0.0,"damage_taken":0.0,"relics_obtained":["NlothsMask"]},{"damage_healed":0.0,"max_hp_gain":0.0,"max_hp_loss":0.0,"gold_gain":100.0,"event_name":"Golden Shrine","player_choice":"Pray","floor":14.0,"gold_loss":0.0,"damage_taken":0.0},{"damage_healed":0,"gold_gain":0,"player_choice":"Shed Blood","damage_taken":21,"max_hp_gain":5,"max_hp_loss":0,"event_name":"Forgotten Altar","floor":21,"gold_loss":0},{"damage_healed":29,"gold_gain":0,"player_choice":"Heal","damage_taken":0,"max_hp_gain":0,"max_hp_loss":0,"event_name":"The Library","floor":22,"gold_loss":0},{"damage_healed":0,"gold_gain":0,"player_choice":"Became a Ghost","damage_taken":0,"max_hp_gain":0,"max_hp_loss":45,"event_name":"Ghosts","floor":24,"gold_loss":0,"cards_obtained":["Ghostly","Ghostly","Ghostly","Ghostly","Ghostly"]}],"is_beta":false,"boss_relics":[{"not_picked":["Cursed Key","Empty Cage"],"picked":"Black Star"}],"items_purged_floors":[],"is_endless":false,"potions_floor_spawned":[1,7,11,12,30],"killed_by":"Collector","ascension_level":10}