{"gold_per_floor":[113,188,188,207,224,253,253,104,104,122,157,173,173,191,191,291,291,305,305,305,325,338,90,104,116,116,141,157,157,176,195,195,294,294,306,48,48,48,48,48,66,66,66,88,116,140,68,84,84,84],"floor_reached":51,"playtime":3077,"items_purged":["Strike_R","Strike_R"],"score":735,"play_id":"4c769001-3a87-45a0-8c4a-67d30bda8385","local_time":"20190306012851","is_ascension_mode":false,"campfire_choices":[{"data":"Searing Blow","floor":7,"key":"SMITH"},{"data":"Armaments","floor":13,"key":"SMITH"},{"data":"Shockwave","floor":15,"key":"SMITH"},{"data":"Flame Barrier","floor":29,"key":"SMITH"},{"data":"Flame Barrier","floor":32,"key":"SMITH"},{"data":"Clothesline","floor":40,"key":"SMITH"},{"data":"Warcry","floor":49,"key":"SMITH"}],"neow_cost":"NONE","seed_source_timestamp":37988069687761,"circlet_count":0,"master_deck":["Strike_R","Strike_R","Strike_R","Defend_R","Defend_R","Defend_R","Defend_R","Bash","Searing Blow+1","Clothesline+1","Feed","Armaments+1","Headbutt","Demon Form+1","Shockwave+1","Twin Strike","Corruption+1","Flame Barrier+1","Feel No Pain+1","Flame Barrier+1","Combust+1","Shockwave+1","Feel No Pain+1","Seeing Red","Juggernaut+1","Feel No Pain+1","Warcry+1"],"relics":["Burning Blood","Gambling Chip","Frozen Egg 2","Happy Flower","Snecko Eye","Enchiridion","Pen Nib","Pantograph","Philosopher\u0027s Stone","Shuriken","Dream Catcher","MawBank"],"potions_floor_usage":[6,6,50,50,50],"damage_taken":[{"damage":7,"enemies":"Small Slimes","floor":1,"turns":4},{"damage":5,"enemies":"2 Louse","floor":4,"turns":2},{"damage":1,"enemies":"Cultist","floor":5,"turns":3},{"damage":18,"enemies":"Lagavulin","floor":6,"turns":5},{"damage":8,"enemies":"Red Slaver","floor":10,"turns":2},{"damage":14,"enemies":"Gremlin Nob","floor":11,"turns":3},{"damage":9,"enemies":"Exordium Wildlife","floor":12,"turns":4},{"damage":0,"enemies":"Large Slime","floor":14,"turns":5},{"damage":47,"enemies":"The Guardian","floor":16,"turns":8},{"damage":14,"enemies":"Spheric Guardian","floor":18,"turns":4},{"damage":0,"enemies":"Chosen","floor":21,"turns":2},{"damage":3,"enemies":"3 Cultists","floor":22,"turns":5},{"damage":0,"enemies":"Sentry and Sphere","floor":24,"turns":4},{"damage":4,"enemies":"Shelled Parasite and Fungi","floor":25,"turns":5},{"damage":2,"enemies":"Gremlin Leader","floor":27,"turns":4},{"damage":0,"enemies":"Centurion and Healer","floor":28,"turns":3},{"damage":0,"enemies":"Snecko","floor":30,"turns":4},{"damage":7,"enemies":"3 Cultists","floor":31,"turns":5},{"damage":48,"enemies":"Automaton","floor":33,"turns":14},{"damage":0,"enemies":"3 Shapes","floor":35,"turns":3},{"damage":4,"enemies":"3 Darklings","floor":41,"turns":4},{"damage":18,"enemies":"Maw","floor":44,"turns":10},{"damage":11,"enemies":"Jaw Worm Horde","floor":45,"turns":4},{"damage":12,"enemies":"Spire Growth","floor":46,"turns":5},{"damage":0,"enemies":"4 Shapes","floor":48,"turns":4},{"damage":57,"enemies":"Awakened One","floor":50,"turns":8}],"seed_played":"905668290923807554","potions_obtained":[{"floor":1,"key":"FearPotion"},{"floor":3,"key":"Strength Potion"},{"floor":3,"key":"Explosive Potion"},{"floor":3,"key":"Explosive Potion"},{"floor":12,"key":"FearPotion"},{"floor":18,"key":"Energy Potion"}],"is_trial":false,"path_per_floor":["M","?","?","M","M","E","R","$","T","M","E","M","R","M","R","B",null,"M","?","?","M","M","$","M","M","T","E","M","R","M","M","R","B",null,"M","$","?","?","T","R","M","?","T","M","M","M","$","M","R","B",null],"character_chosen":"IRONCLAD","items_purchased":["Armaments","Headbutt","Feel No Pain+1","Flame Barrier","Shuriken","Feel No Pain+1","Warcry"],"campfire_rested":0,"item_purchase_floors":[8,8,23,23,36,47,47],"current_hp_per_floor":[79,68,68,69,74,62,62,62,62,63,55,55,55,64,64,26,92,84,68,68,77,83,83,93,99,99,103,109,109,112,114,114,73,115,115,115,115,105,105,105,110,110,110,101,99,97,97,106,106,77],"gold":84,"neow_bonus":"THREE_CARDS","is_prod":false,"is_daily":false,"chose_seed":false,"campfire_upgraded":7,"win_rate":0,"timestamp":1551853731,"path_taken":["M","?","?","M","?","E","R","?","T","M","E","M","R","M","R","BOSS","M","?","?","?","M","$","?","M","T","E","M","R","M","M","R","BOSS","M","$","?","?","?","R","M","?","T","?","M","M","$","?","R","BOSS"],"build_version":"2019-01-23","purchased_purges":2,"victory":true,"max_hp_per_floor":[80,80,80,80,80,80,80,80,80,83,83,86,86,89,89,92,92,92,92,92,95,98,98,102,106,106,106,109,109,112,115,115,115,115,115,115,115,115,115,115,118,112,112,115,118,122,122,125,125,128],"card_choices":[{"not_picked":["Bloodletting","Wild Strike"],"picked":"Anger","floor":0},{"not_picked":["Power Through","Warcry"],"picked":"Searing Blow","floor":1},{"not_picked":["Wild Strike","Corruption"],"picked":"Clothesline","floor":4},{"not_picked":["Thunderclap","Sword Boomerang","Fire Breathing"],"picked":"SKIP","floor":5},{"not_picked":["Perfected Strike","Iron Wave"],"picked":"Feed","floor":6},{"not_picked":["Headbutt","Clash","Havoc"],"picked":"SKIP","floor":10},{"not_picked":["Pommel Strike","Perfected Strike"],"picked":"Demon Form+1","floor":11},{"not_picked":["Cleave","Flex"],"picked":"Shockwave","floor":12},{"not_picked":["Clash","Headbutt"],"picked":"Twin Strike","floor":14},{"not_picked":["Flex","Anger"],"picked":"Corruption+1","floor":18},{"not_picked":["Perfected Strike","Clash"],"picked":"Flame Barrier","floor":21},{"not_picked":["Clash","Cleave","Twin Strike+1"],"picked":"SKIP","floor":22},{"not_picked":["Power Through+1","Evolve+1","Perfected Strike+1"],"picked":"SKIP","floor":24},{"not_picked":["Burning Pact","Clothesline"],"picked":"Combust+1","floor":25},{"not_picked":["Sentinel+1","Headbutt+1","Power Through"],"picked":"SKIP","floor":27},{"not_picked":["Whirlwind","Twin Strike"],"picked":"Shockwave+1","floor":28},{"not_picked":["Sentinel","Bludgeon"],"picked":"Feel No Pain+1","floor":30},{"not_picked":["Cleave","Wild Strike+1"],"picked":"Seeing Red","floor":31},{"not_picked":["Clothesline+1","Sword Boomerang+1","Wild Strike+1"],"picked":"SKIP","floor":35},{"not_picked":["Second Wind+1","Thunderclap","Pommel Strike"],"picked":"SKIP","floor":41},{"not_picked":["Inflame+1","Flex+1","Wild Strike+1"],"picked":"SKIP","floor":44},{"not_picked":["Reckless Charge+1","Perfected Strike+1","Infernal Blade"],"picked":"SKIP","floor":45},{"not_picked":["Cleave","Seeing Red+1"],"picked":"Juggernaut+1","floor":46},{"not_picked":["Searing Blow","Perfected Strike","Sword Boomerang+1"],"picked":"SKIP","floor":48}],"player_experience":540622,"relics_obtained":[{"floor":6,"key":"Gambling Chip"},{"floor":9,"key":"Frozen Egg 2"},{"floor":11,"key":"Happy Flower"},{"floor":19,"key":"Enchiridion"},{"floor":26,"key":"Pen Nib"},{"floor":27,"key":"Pantograph"},{"floor":39,"key":"Dream Catcher"},{"floor":43,"key":"MawBank"}],"event_choices":[{"damage_healed":0,"gold_gain":75,"player_choice":"Gather Gold","damage_taken":11,"max_hp_gain":0,"max_hp_loss":0,"event_name":"World of Goop","floor":2,"gold_loss":0},{"damage_healed":0,"gold_gain":0,"player_choice":"Got Potions","damage_taken":0,"max_hp_gain":0,"max_hp_loss":0,"event_name":"Lab","floor":3,"gold_loss":0},{"damage_healed":0,"gold_gain":0,"player_choice":"Obtained Book","damage_taken":16,"max_hp_gain":0,"max_hp_loss":0,"event_name":"Cursed Tome","floor":19,"gold_loss":0},{"cards_removed":["Anger"],"damage_healed":0,"gold_gain":0,"player_choice":"Purged","damage_taken":0,"max_hp_gain":0,"max_hp_loss":0,"event_name":"Purifier","floor":20,"gold_loss":0},{"damage_healed":0,"gold_gain":0,"player_choice":"Ignored","damage_taken":0,"max_hp_gain":0,"max_hp_loss":0,"event_name":"Mysterious Sphere","floor":37,"gold_loss":0},{"damage_healed":0,"gold_gain":0,"player_choice":"Memory 3","damage_taken":10,"max_hp_gain":0,"max_hp_loss":0,"event_name":"SensoryStone","floor":38,"gold_loss":0},{"damage_healed":0,"gold_gain":0,"player_choice":"Max HP","damage_taken":0,"max_hp_gain":0,"max_hp_loss":6,"event_name":"Winding Halls","floor":42,"gold_loss":0}],"is_beta":false,"boss_relics":[{"not_picked":["White Beast Statue","Ectoplasm"],"picked":"Snecko Eye"},{"not_picked":["Fusion Hammer","Tiny House"],"picked":"Philosopher\u0027s Stone"}],"items_purged_floors":[8,23],"is_endless":false,"potions_floor_spawned":[1,4,12,18,25,30,31,35,46,48],"ascension_level":0}