{"path_per_floor":["M","$","?","M","M","R","E","M","T","?","M","E","$","M","R","B",null,"M","$","T","?","M","R","E","?","T","?","$","R","?","?","R","B",null,"M","?","?","?","M","R","T","?","T","$","R","?","M","M","R","B"],"character_chosen":"IRONCLAD","items_purchased":["Vajra","Apotheosis","Headbutt","Pen Nib"],"gold_per_floor":[367,135,135,153,165,165,193,203,251,251,268,293,8,26,26,121,121,134,9,309,309,322,322,352,352,352,352,148,148,73,73,73,171,171,183,183,183,183,199,199,226,226,226,80,80,80,95,110,110,110],"floor_reached":51,"campfire_rested":1,"playtime":2647,"current_hp_per_floor":[60,60,46,52,53,53,47,52,52,52,49,48,48,51,51,23,79,68,68,68,52,46,69,68,68,68,68,68,68,68,68,68,63,79,79,79,79,69,62,62,62,62,62,62,62,62,68,70,70,54],"items_purged":["Strike_R","Decay","Strike_R","Defend_R"],"gold":110,"score":616,"play_id":"ed19cc04-181d-4903-8053-8d6e3913b9cb","is_prod":false,"is_daily":false,"is_ascension_mode":true,"campfire_upgraded":7,"path_taken":["M","$","?","M","M","R","E","M","T","?","M","E","$","M","R","BOSS","M","$","?","?","M","R","E","?","T","?","$","R","?","?","R","BOSS","M","?","?","?","M","R","?","?","T","?","R","?","M","M","R","BOSS"],"build_version":"2018-02-22-PROD2","purchased_purges":5,"victory":true,"master_deck":["Strike_R+1","Strike_R+1","Defend_R","Bash","Iron Wave","Armaments+1","Pommel Strike+1","Flex","Twin Strike+1","Apotheosis+1","Flame Barrier","Offering+1","Thunderclap+1","Double Tap+1","Shrug It Off","Madness+1","Madness+1","Clash+1"],"max_hp_per_floor":[72,72,72,72,72,72,72,72,72,72,72,79,79,79,79,79,79,79,79,79,79,79,79,79,79,79,79,79,79,79,79,79,79,79,79,79,79,79,79,79,79,79,79,79,79,79,83,83,83,83],"relics":["Burning Blood","Vajra","Molten Egg 2","Oddly Smooth Stone","Strawberry","Philosopher\u0027s Stone","Old Coin","Nilry\u0027s Codex","Juzu Bracelet","Du-Vu Doll","Sozu","Anchor","Unceasing Top","Pen Nib"],"card_choices":[{"not_picked":["Twin Strike","Bloodletting"],"picked":"Iron Wave"},{"not_picked":["Fire Breathing","Heavy Blade"],"picked":"Armaments"},{"not_picked":["Havoc","Anger"],"picked":"Pommel Strike"},{"not_picked":["Perfected Strike","Clash"],"picked":"Flex"},{"not_picked":["Bludgeon","Entrench"],"picked":"Twin Strike"},{"not_picked":["Infernal Blade","Sword Boomerang"],"picked":"Flame Barrier"},{"not_picked":["Brutality","Impervious"],"picked":"Offering"},{"not_picked":["Cleave","Metallicize"],"picked":"Thunderclap"},{"not_picked":["Perfected Strike","Headbutt"],"picked":"Shrug It Off"},{"not_picked":["Anger","Wild Strike"],"picked":"Clash"}],"player_experience":381434,"potions_floor_usage":[7,11,14,24,24,47],"damage_taken":[{"damage":18,"enemies":"Jaw Worm","floor":1,"turns":4},{"damage":0,"enemies":"Cultist","floor":4,"turns":2},{"damage":5,"enemies":"Small Slimes","floor":5,"turns":3},{"damage":12,"enemies":"Gremlin Nob","floor":7,"turns":5},{"damage":1,"enemies":"Looter","floor":8,"turns":4},{"damage":9,"enemies":"Lots of Slimes","floor":11,"turns":2},{"damage":14,"enemies":"3 Sentries","floor":12,"turns":9},{"damage":3,"enemies":"Large Slime","floor":14,"turns":4},{"damage":34,"enemies":"Hexaghost","floor":16,"turns":11},{"damage":17,"enemies":"2 Thieves","floor":18,"turns":3},{"damage":12,"enemies":"Chosen","floor":22,"turns":2},{"damage":7,"enemies":"Book of Stabbing","floor":24,"turns":4},{"damage":11,"enemies":"Collector","floor":33,"turns":6},{"damage":4,"enemies":"Orb Walker","floor":35,"turns":2},{"damage":13,"enemies":"3 Darklings","floor":39,"turns":3},{"damage":4,"enemies":"Maw","floor":47,"turns":6},{"damage":4,"enemies":"Sphere and 2 Shapes","floor":48,"turns":2},{"damage":22,"enemies":"Awakened One","floor":50,"turns":11}],"event_choices":[{"event_name":"Shining Light","player_choice":"Entered Light","floor":3,"damage_taken":0},{"event_name":"Wheel of Change","player_choice":"Curse","floor":10,"damage_taken":0},{"event_name":"Cursed Tome","player_choice":"Obtained Book","floor":21,"damage_taken":0},{"event_name":"Transmorgrifier","player_choice":"Transform","floor":25,"damage_taken":0},{"event_name":"N\u0027loth","player_choice":"Ignored","floor":27,"damage_taken":0},{"event_name":"Beggar","player_choice":"Gave Gold","floor":30,"damage_taken":0},{"event_name":"Vampires","player_choice":"Ignored","floor":31,"damage_taken":0},{"event_name":"Tomb of Lord Red Mask","player_choice":"Ignored","floor":36,"damage_taken":0},{"event_name":"Mysterious Sphere","player_choice":"Ignore","floor":37,"damage_taken":0},{"event_name":"Winding Halls","player_choice":"Embrace Madness","floor":38,"damage_taken":0},{"event_name":"Bonfire Elementals","player_choice":"BASIC","floor":46,"damage_taken":0}],"boss_relics":[{"not_picked":["Orrery","Runic Dome"],"picked":"Philosopher\u0027s Stone"},{"not_picked":["Calling Bell","Pandora\u0027s Box"],"picked":"Sozu"}],"potions_floor_spawned":[4,7,11,14,16,22,24],"seed_played":"-3784676127085790366","ascension_level":2,"is_trial":false}