{"path_per_floor":["M","M","?","?","M","R","E","M","T","M","M","$","?","M","R","B",null,"M","?","?","$","M","R"],"character_chosen":"IRONCLAD","items_purchased":["Charon\u0027s Ashes","Immolate","Exhume"],"gold_per_floor":[115,132,307,307,324,324,354,368,368,381,398,13,13,28,28,126,126,141,141,141,0,0,0],"floor_reached":24,"campfire_rested":0,"playtime":1275,"current_hp_per_floor":[80,80,80,80,80,80,42,47,47,49,55,55,55,61,61,25,80,77,62,62,62,64,64],"items_purged":[],"gold":0,"score":216,"play_id":"7ea06953-98fd-4d6b-8da5-c36c1a83d2f9","is_prod":false,"is_daily":false,"is_ascension_mode":true,"campfire_upgraded":3,"path_taken":["M","?","?","?","M","R","E","M","T","?","M","$","?","M","R","BOSS","M","?","?","$","M","R","E"],"build_version":"2018-02-22-PROD2","purchased_purges":0,"victory":false,"master_deck":["Strike_R","Strike_R","Strike_R","Strike_R","Strike_R","Defend_R","Defend_R","Defend_R","Defend_R","Bash+1","Iron Wave","Headbutt","Shrug It Off","Flex","Cleave","Armaments+1","Immolate","Flame Barrier","Fiend Fire+1","Feel No Pain","Exhume","Burning Pact"],"max_hp_per_floor":[80,80,80,80,80,80,80,80,80,80,80,80,80,80,80,80,80,80,85,85,85,85,85],"relics":["Black Blood","NeowsBlessing","Oddly Smooth Stone","Toolbox","Charon\u0027s Ashes","Peace Pipe"],"card_choices":[{"not_picked":["Body Slam","Headbutt"],"picked":"Iron Wave"},{"not_picked":["Shrug It Off","Ghostly Armor"],"picked":"Headbutt"},{"not_picked":["Iron Wave","Perfected Strike"],"picked":"Shrug It Off"},{"not_picked":["Anger","Uppercut"],"picked":"Flex"},{"not_picked":["Body Slam","Sword Boomerang"],"picked":"Cleave"},{"not_picked":["Heavy Blade","Second Wind"],"picked":"Armaments"},{"not_picked":["Iron Wave","Intimidate"],"picked":"Flame Barrier"},{"not_picked":["Bludgeon","Offering"],"picked":"Fiend Fire"},{"not_picked":["Twin Strike","True Grit"],"picked":"Feel No Pain"},{"not_picked":["Havoc","Fire Breathing"],"picked":"Burning Pact"}],"player_experience":295645,"potions_floor_usage":[8,14,16,24,24],"damage_taken":[{"damage":0,"enemies":"Cultist","floor":1,"turns":1},{"damage":0,"enemies":"2 Louse","floor":2,"turns":1},{"damage":0,"enemies":"Small Slimes","floor":5,"turns":1},{"damage":44,"enemies":"Lagavulin","floor":7,"turns":6},{"damage":1,"enemies":"Exordium Wildlife","floor":8,"turns":5},{"damage":8,"enemies":"Large Slime","floor":10,"turns":7},{"damage":0,"enemies":"3 Louse","floor":11,"turns":3},{"damage":0,"enemies":"Looter","floor":14,"turns":3},{"damage":42,"enemies":"Slime Boss","floor":16,"turns":16},{"damage":13,"enemies":"Spheric Guardian","floor":18,"turns":4},{"damage":8,"enemies":"2 Thieves","floor":22,"turns":4},{"damage":78,"enemies":"Book of Stabbing","floor":24,"turns":6}],"event_choices":[{"event_name":"Liars Game","player_choice":"agreed","floor":3,"damage_taken":0},{"event_name":"Living Wall","player_choice":"Forget","floor":4,"damage_taken":0},{"event_name":"Dead Adventurer","player_choice":"Searched \u00271\u0027 times","floor":13,"damage_taken":0},{"event_name":"Dead Adventurer","player_choice":"Searched \u00271\u0027 times","floor":13,"damage_taken":0},{"event_name":"Forgotten Altar","player_choice":"Shed Blood","floor":19,"damage_taken":0},{"event_name":"The Lab","player_choice":"Got Potions","floor":20,"damage_taken":0}],"boss_relics":[{"not_picked":["Orrery","Runic Pyramid"],"picked":"Black Blood"}],"potions_floor_spawned":[2,8,14,16],"seed_played":"-5785330815755319655","killed_by":"Book of Stabbing","ascension_level":2,"is_trial":false}