{"path_per_floor":["M","?","?","$","M","E","?","R","T","E","T","R","E","$","R","B",null,"M","?","$","M","?","E","?","E","T","$","M","E","$","M","R","B",null,"M","M","$","?","?","E","R","E","T","E","R","M","E","$","R","B"],"character_chosen":"THE_SILENT","items_purchased":["Flying Knee","Backstab","Apotheosis","Bottled Lightning"],"gold_per_floor":[117,117,117,19,33,65,65,65,65,95,95,95,130,30,30,132,132,145,145,20,38,38,68,68,103,103,24,40,69,69,79,79,181,181,196,209,3,3,3,28,28,58,358,392,392,405,438,41,41,41],"floor_reached":51,"campfire_rested":2,"playtime":10437,"current_hp_per_floor":[63,63,63,63,63,63,63,63,63,53,53,53,42,42,63,63,68,68,52,52,54,70,69,69,70,70,70,70,54,54,56,56,44,64,68,70,70,61,61,68,68,46,46,49,49,58,64,64,77,77],"items_purged":["Strike_G","Strike_G","Strike_G","Strike_G"],"gold":41,"score":985,"play_id":"858509e8-c333-4188-ba0a-bf9d9a794230","is_prod":false,"is_daily":false,"is_ascension_mode":true,"campfire_upgraded":5,"path_taken":["M","?","?","$","?","E","?","R","T","E","?","R","E","$","R","BOSS","M","?","$","M","?","E","?","E","T","$","M","E","?","M","R","BOSS","M","M","$","?","?","E","R","E","T","E","R","?","E","?","R","BOSS"],"build_version":"2018-02-22-PROD1","purchased_purges":4,"victory":true,"master_deck":["Defend_G","Defend_G+1","Defend_G","Defend_G","Defend_G","Survivor","Neutralize+1","Blur+1","Flying Knee+1","Backflip","Masterful Stab","Adrenaline+1","Blade Dance+1","Neutralize+1","Backstab","Bullet Time","After Image+1","Backstab","Apotheosis+1","Madness","Madness","Envenom"],"max_hp_per_floor":[70,70,70,70,70,70,70,70,70,70,70,70,70,70,70,70,70,70,70,70,70,70,70,70,70,70,70,70,70,70,70,70,70,70,70,70,70,70,70,70,70,77,77,77,77,77,77,77,77,77],"relics":["Ring of the Snake","NeowsBlessing","Frozen Eye","Kunai","Snake Skull","Bird Faced Urn","Thread and Needle","Bronze Scales","Sozu","Nilry\u0027s Codex","Paper Crane","War Paint","Torii","Gremlin Horn","Dream Catcher","Strawberry","Old Coin","Lantern","Centennial Puzzle","Bottled Lightning"],"card_choices":[{"not_picked":["Terror","Backflip"],"picked":"Blur"},{"not_picked":["Well Laid Plans","Deadly Poison"],"picked":"Backflip"},{"not_picked":["Calculated Gamble","Poisoned Stab"],"picked":"Masterful Stab"},{"not_picked":["Storm of Steel","Corpse Explosion"],"picked":"Adrenaline"},{"not_picked":["Catalyst","All Out Attack"],"picked":"Blade Dance"},{"not_picked":["Poisoned Stab","Prepared"],"picked":"Bullet Time"},{"not_picked":["Night Terror","Tools of the Trade"],"picked":"After Image"},{"not_picked":["Expertise","Slice"],"picked":"Backstab"},{"not_picked":["Slice","Deadly Poison"],"picked":"Envenom"}],"player_experience":253625,"potions_floor_usage":[23,23],"damage_taken":[{"damage":0,"enemies":"2 Louse","floor":1,"turns":1},{"damage":0,"enemies":"Cultist","floor":5,"turns":1},{"damage":0,"enemies":"Lagavulin","floor":6,"turns":1},{"damage":10,"enemies":"3 Sentries","floor":10,"turns":15},{"damage":11,"enemies":"Gremlin Nob","floor":13,"turns":6},{"damage":0,"enemies":"The Guardian","floor":16,"turns":15},{"damage":0,"enemies":"3 Byrds","floor":18,"turns":4},{"damage":0,"enemies":"Shell Parasite","floor":21,"turns":5},{"damage":4,"enemies":"Slavers","floor":23,"turns":6},{"damage":0,"enemies":"Book of Stabbing","floor":25,"turns":7},{"damage":1,"enemies":"Centurion and Healer","floor":28,"turns":8},{"damage":20,"enemies":"Slavers","floor":29,"turns":6},{"damage":0,"enemies":"Snecko","floor":31,"turns":5},{"damage":18,"enemies":"Automaton","floor":33,"turns":15},{"damage":0,"enemies":"3 Shapes","floor":35,"turns":7},{"damage":0,"enemies":"3 Darklings","floor":36,"turns":6},{"damage":1,"enemies":"Giant Head","floor":40,"turns":11},{"damage":38,"enemies":"2 Orb Walkers","floor":42,"turns":9},{"damage":9,"enemies":"Giant Head","floor":44,"turns":9},{"damage":1,"enemies":"Sphere and 2 Shapes","floor":46,"turns":7},{"damage":0,"enemies":"Nemesis","floor":47,"turns":7},{"damage":13,"enemies":"Time Eater","floor":50,"turns":18}],"event_choices":[{"event_name":"Accursed Blacksmith","player_choice":"Rummage","floor":2,"damage_taken":0},{"event_name":"Fountain of Cleansing","player_choice":"Removed Curse","floor":3,"damage_taken":0},{"event_name":"Living Wall","player_choice":"Grow","floor":7,"damage_taken":0},{"event_name":"Cursed Tome","player_choice":"Obtained Book","floor":19,"damage_taken":0},{"event_name":"The Library","player_choice":"Heal","floor":22,"damage_taken":0},{"event_name":"Match and Keep!","player_choice":"1 cards matched","floor":24,"damage_taken":0},{"event_name":"Winding Halls","player_choice":"Embrace Madness","floor":38,"damage_taken":0}],"boss_relics":[{"not_picked":["Tiny House","White Beast Statue"],"picked":"Sozu"},{"not_picked":["Snecko Eye","Velvet Choker","Calling Bell"]}],"potions_floor_spawned":[1,13,16,21,23,28,31,35,42,47],"seed_played":"-6885639434233742520","ascension_level":6,"is_trial":false}