{"gold_per_floor":[17,17,92,92,108,108,141,141,141,141,65,75,94,40,40,136,136,151,151,162,179,198,198,225,225,225,242,242,258,258,26,26,131,131,142,142],"floor_reached":36,"playtime":1311,"items_purged":["Strike_B"],"score":439,"play_id":"3e4deea7-e50b-406e-a222-65c229be41d4","local_time":"20190225231357","is_ascension_mode":true,"campfire_choices":[{"floor":6,"key":"REST"},{"floor":8,"key":"REST"},{"floor":15,"key":"REST"},{"data":"Sunder","floor":23,"key":"SMITH"},{"floor":25,"key":"REST"},{"floor":28,"key":"REST"},{"floor":30,"key":"REST"},{"data":"Echo Form","floor":32,"key":"SMITH"}],"neow_cost":"NO_GOLD","seed_source_timestamp":20361752670219,"circlet_count":0,"master_deck":["Defend_B","Defend_B+1","Defend_B+1","Zap+1","Dualcast+1","Echo Form+1","Conserve Battery","Cold Snap","Sunder+1","Double Energy","Undo","Ball Lightning","Hyperbeam","Hologram+1","Core Surge","Echo Form","Defragment+1","Buffer","Static Discharge"],"relics":["Cracked Core","Potion Belt","War Paint","Snecko Eye","Boot","WingedGreaves","Meat on the Bone","DataDisk","Empty Cage"],"potions_floor_usage":[24,24,27,27,36],"damage_taken":[{"damage":7,"enemies":"Jaw Worm","floor":1,"turns":3},{"damage":0,"enemies":"Small Slimes","floor":5,"turns":3},{"damage":53,"enemies":"Gremlin Nob","floor":7,"turns":6},{"damage":1,"enemies":"2 Louse","floor":12,"turns":2},{"damage":22,"enemies":"Lots of Slimes","floor":13,"turns":4},{"damage":14,"enemies":"Slime Boss","floor":16,"turns":9},{"damage":4,"enemies":"Shell Parasite","floor":18,"turns":3},{"damage":0,"enemies":"3 Byrds","floor":20,"turns":3},{"damage":22,"enemies":"Centurion and Healer","floor":21,"turns":6},{"damage":6,"enemies":"Snecko","floor":22,"turns":3},{"damage":41,"enemies":"Book of Stabbing","floor":24,"turns":5},{"damage":0,"enemies":"Snake Plant","floor":27,"turns":4},{"damage":26,"enemies":"Shelled Parasite and Fungi","floor":29,"turns":4},{"damage":56,"enemies":"Automaton","floor":33,"turns":7},{"damage":11,"enemies":"Orb Walker","floor":35,"turns":3},{"damage":83,"enemies":"2 Orb Walkers","floor":36,"turns":4}],"seed_played":"4139900069457094101","potions_obtained":[{"floor":7,"key":"Dexterity Potion"},{"floor":16,"key":"AttackPotion"},{"floor":20,"key":"GamblersBrew"},{"floor":22,"key":"SkillPotion"},{"floor":24,"key":"SpeedPotion"},{"floor":27,"key":"LiquidBronze"},{"floor":35,"key":"EssenceOfSteel"}],"is_trial":false,"path_per_floor":["M","?","?","?","M","R","E","R","T","?","$","M","M","$","R","B",null,"M","?","M","M","M","R","E","R","T","M","R","M","R","$","R","B",null,"M","?"],"character_chosen":"DEFECT","items_purchased":["Double Energy","Ball Lightning","DataDisk"],"campfire_rested":6,"item_purchase_floors":[11,14,31],"current_hp_per_floor":[68,53,42,35,35,57,4,26,26,26,26,25,3,3,25,11,75,71,71,71,49,43,43,2,24,24,36,58,44,66,66,66,22,75,64,0],"gold":142,"neow_bonus":"THREE_RARE_CARDS","is_prod":false,"is_daily":false,"chose_seed":false,"campfire_upgraded":2,"win_rate":0,"timestamp":1551158037,"path_taken":["M","?","?","?","M","R","E","R","T","?","$","?","M","$","R","BOSS","M","?","M","M","?","R","E","R","T","M","R","M","R","$","R","BOSS","M","?"],"build_version":"2019-01-23","purchased_purges":1,"victory":false,"max_hp_per_floor":[75,75,75,75,75,75,75,75,75,75,75,75,75,75,75,75,75,75,75,75,75,75,75,75,75,75,75,75,75,75,75,75,75,75,75,75],"card_choices":[{"not_picked":["Meteor Strike","Electrodynamics"],"picked":"Echo Form","floor":0},{"not_picked":["Beam Cell","Aggregate"],"picked":"Conserve Battery","floor":1},{"not_picked":["Skim","Compile Driver"],"picked":"Cold Snap","floor":5},{"not_picked":["Redo","Compile Driver","Coolheaded"],"picked":"SKIP","floor":7},{"not_picked":["Skim","Go for the Eyes"],"picked":"Undo","floor":12},{"not_picked":["Multi-Cast","Hello World","Coolheaded"],"picked":"SKIP","floor":13},{"not_picked":["Buffer","Machine Learning"],"picked":"Hyperbeam","floor":16},{"not_picked":["Beam Cell","Reprogram"],"picked":"Hologram+1","floor":18},{"not_picked":["Coolheaded","Compile Driver","Beam Cell+1"],"picked":"SKIP","floor":20},{"not_picked":["Storm","Blizzard","Redo"],"picked":"SKIP","floor":21},{"not_picked":["Capacitor","Barrage"],"picked":"Core Surge","floor":22},{"not_picked":["Conserve Battery","All For One"],"picked":"Echo Form","floor":24},{"not_picked":["Hologram+1","Undo"],"picked":"Defragment+1","floor":27},{"not_picked":["Leap","Stack","Barrage"],"picked":"SKIP","floor":29},{"not_picked":["Thunder Strike","Seek"],"picked":"Buffer","floor":33},{"not_picked":["Barrage","Hologram"],"picked":"Static Discharge","floor":35}],"player_experience":245304,"relics_obtained":[{"floor":7,"key":"Potion Belt"},{"floor":9,"key":"War Paint"},{"floor":24,"key":"WingedGreaves"},{"floor":26,"key":"Meat on the Bone"}],"event_choices":[{"damage_healed":0,"gold_gain":0,"player_choice":"Entered Light","damage_taken":15,"max_hp_gain":0,"max_hp_loss":0,"event_name":"Shining Light","floor":2,"gold_loss":0,"cards_upgraded":["Defend_B","Defend_B"]},{"damage_healed":0,"gold_gain":75,"player_choice":"Gather Gold","damage_taken":11,"max_hp_gain":0,"max_hp_loss":0,"event_name":"World of Goop","floor":3,"gold_loss":0},{"cards_removed":["Strike_B"],"damage_healed":0,"gold_gain":0,"player_choice":"Card Removal","damage_taken":7,"max_hp_gain":0,"max_hp_loss":0,"event_name":"Golden Wing","floor":4,"gold_loss":0},{"damage_healed":0,"gold_gain":0,"cards_transformed":["Strike_B"],"player_choice":"Transformed","damage_taken":0,"max_hp_gain":0,"max_hp_loss":0,"event_name":"Transmorgrifier","floor":10,"gold_loss":0,"cards_obtained":["Sunder"]},{"damage_healed":0,"gold_gain":0,"player_choice":"Gave Potion","damage_taken":0,"relics_obtained":["Boot"],"max_hp_gain":0,"max_hp_loss":0,"event_name":"WeMeetAgain","floor":19,"gold_loss":0},{"damage_healed":0,"gold_gain":0,"player_choice":"Fight","damage_taken":0,"max_hp_gain":0,"max_hp_loss":0,"event_name":"Mysterious Sphere","floor":36,"gold_loss":0}],"is_beta":false,"boss_relics":[{"not_picked":["Philosopher\u0027s Stone","Busted Crown"],"picked":"Snecko Eye"},{"not_picked":["Runic Pyramid","Calling Bell"],"picked":"Empty Cage"}],"items_purged_floors":[31],"is_endless":false,"potions_floor_spawned":[7,16,20,22,24,27,35],"killed_by":"2 Orb Walkers","ascension_level":3}