{"path_per_floor":["M","$","M","M","?","E","R","?","T","M","$","T","R","M","R","B",null,"M","$","?","?","?","R","M","R","T"],"character_chosen":"IRONCLAD","items_purchased":[],"gold_per_floor":[116,41,60,75,75,108,108,108,108,118,18,43,43,59,59,159,159,178,53,53,53,53,53,66,66,66],"floor_reached":27,"campfire_rested":2,"playtime":811,"current_hp_per_floor":[80,80,74,80,80,42,66,50,50,53,53,53,53,51,51,30,80,71,71,55,55,55,55,25,49,49],"items_purged":["Defend_R","Strike_R","Strike_R"],"gold":66,"score":240,"play_id":"a0e92504-99f4-414f-b100-767855f382cf","local_time":"20180304140504","is_prod":false,"is_daily":false,"is_ascension_mode":true,"campfire_upgraded":3,"timestamp":1520183104,"path_taken":["M","?","?","M","?","E","R","?","T","M","$","?","R","?","R","BOSS","M","$","?","?","?","R","?","R","T","E"],"build_version":"2018-03-01-PROD1","purchased_purges":4,"victory":false,"master_deck":["Strike_R+1","Strike_R+1","Strike_R+1","Defend_R","Defend_R","Defend_R","Bash+1","Rage+1","Dual Wield+1","Flex+1","Dropkick"],"max_hp_per_floor":[80,80,80,80,80,80,80,80,80,80,80,80,80,80,80,80,80,80,80,80,80,80,80,80,80,80],"relics":["Burning Blood","Vajra","Shuriken","Anchor","Question Card","Nilry\u0027s Codex","Pantograph"],"card_choices":[{"not_picked":["Iron Wave","Twin Strike"],"picked":"Rage"},{"not_picked":["Body Slam","Inflame"],"picked":"Dual Wield"},{"not_picked":["Seeing Red","Warcry","Heavy Blade"],"picked":"Flex"},{"not_picked":["Rampage","Twin Strike","Sword Boomerang"],"picked":"Dropkick"}],"player_experience":404477,"potions_floor_usage":[6,16,27],"damage_taken":[{"damage":1,"enemies":"Cultist","floor":1,"turns":3},{"damage":12,"enemies":"2 Louse","floor":3,"turns":3},{"damage":0,"enemies":"Small Slimes","floor":4,"turns":3},{"damage":44,"enemies":"Lagavulin","floor":6,"turns":7},{"damage":3,"enemies":"2 Fungi Beasts","floor":10,"turns":3},{"damage":8,"enemies":"Blue Slaver","floor":14,"turns":3},{"damage":27,"enemies":"Slime Boss","floor":16,"turns":11},{"damage":15,"enemies":"Chosen","floor":18,"turns":4},{"damage":36,"enemies":"2 Thieves","floor":24,"turns":4},{"damage":43,"enemies":"Book of Stabbing","floor":27,"turns":4}],"event_choices":[{"event_name":"Upgrade Shrine","player_choice":"Upgraded","floor":5,"damage_taken":0},{"event_name":"Shining Light","player_choice":"Entered Light","floor":8,"damage_taken":0},{"event_name":"Cursed Tome","player_choice":"Obtained Book","floor":20,"damage_taken":0},{"event_name":"Addict","player_choice":"Ignored","floor":21,"damage_taken":0},{"event_name":"Match and Keep!","player_choice":"0 cards matched","floor":22,"damage_taken":0}],"boss_relics":[{"not_picked":["Runic Dome","Runic Cube"],"picked":"Question Card"}],"potions_floor_spawned":[4,6,10],"seed_played":"-7746244773601745882","killed_by":"Book of Stabbing","ascension_level":3,"is_trial":false}