{"gold_per_floor":[114,114,189,199,115,115,115,148,172,172,203,203,232,232,232,232],"floor_reached":16,"playtime":832,"items_purged":["Regret"],"score":160,"play_id":"45b93f09-029a-4c6b-96af-b430bd34e13d","local_time":"20190306212626","is_ascension_mode":true,"campfire_choices":[{"data":"Body Slam","floor":6,"key":"SMITH"},{"floor":10,"key":"REST"},{"floor":12,"key":"REST"},{"floor":15,"key":"REST"}],"neow_cost":"TEN_PERCENT_HP_LOSS","seed_source_timestamp":259050956874165,"circlet_count":0,"master_deck":["Strike_R","Strike_R","Strike_R","Defend_R","Defend_R","Defend_R","Bash","Second Wind","Iron Wave","Body Slam","Body Slam+1","Metallicize+1","Dark Embrace","Shrug It Off"],"relics":["Burning Blood","Smiling Mask","Blood Vial","Orichalcum","Bag of Marbles","Vajra"],"potions_floor_usage":[11],"damage_taken":[{"damage":3,"enemies":"Jaw Worm","floor":1,"turns":4},{"damage":11,"enemies":"Small Slimes","floor":4,"turns":4},{"damage":30,"enemies":"Gremlin Nob","floor":8,"turns":5},{"damage":46,"enemies":"Lagavulin","floor":11,"turns":8},{"damage":16,"enemies":"Gremlin Nob","floor":13,"turns":5},{"damage":45,"enemies":"Slime Boss","floor":16,"turns":11}],"seed_played":"5814911521421177338","potions_obtained":[{"floor":8,"key":"SkillPotion"},{"floor":11,"key":"Swift Potion"}],"is_trial":false,"path_per_floor":["M","?","?","M","$","R","?","E","T","R","E","R","E","?","R","B"],"character_chosen":"IRONCLAD","items_purchased":["Metallicize"],"campfire_rested":3,"item_purchase_floors":[5],"current_hp_per_floor":[72,72,61,56,56,56,49,25,25,46,8,29,21,21,42,0],"gold":232,"neow_bonus":"TRANSFORM_TWO_CARDS","is_prod":false,"is_daily":false,"chose_seed":false,"campfire_upgraded":1,"win_rate":0,"timestamp":1551936386,"path_taken":["M","?","?","M","$","R","?","E","T","R","E","R","E","?","R","BOSS"],"build_version":"2019-01-23","purchased_purges":1,"victory":false,"max_hp_per_floor":[72,72,72,72,72,72,72,72,72,72,72,72,72,72,72,72],"card_choices":[{"not_picked":["Burning Pact","Rupture"],"picked":"Body Slam","floor":1},{"not_picked":["Warcry","Sword Boomerang"],"picked":"Body Slam","floor":4},{"not_picked":["Perfected Strike","Havoc","Anger"],"picked":"SKIP","floor":8},{"not_picked":["Flex","Sentinel"],"picked":"Dark Embrace","floor":11},{"not_picked":["Flex","Perfected Strike"],"picked":"Shrug It Off","floor":13}],"player_experience":411141,"relics_obtained":[{"floor":8,"key":"Blood Vial"},{"floor":9,"key":"Orichalcum"},{"floor":11,"key":"Bag of Marbles"},{"floor":13,"key":"Vajra"}],"event_choices":[{"damage_healed":0,"gold_gain":0,"player_choice":"Box","damage_taken":0,"relics_obtained":["Smiling Mask"],"max_hp_gain":0,"max_hp_loss":0,"event_name":"Big Fish","floor":2,"gold_loss":0,"cards_obtained":["Regret"]},{"damage_healed":0,"gold_gain":75,"player_choice":"Gather Gold","damage_taken":11,"max_hp_gain":0,"max_hp_loss":0,"event_name":"World of Goop","floor":3,"gold_loss":0},{"cards_removed":["Strike_R"],"damage_healed":0,"gold_gain":0,"player_choice":"Card Removal","damage_taken":7,"max_hp_gain":0,"max_hp_loss":0,"event_name":"Golden Wing","floor":7,"gold_loss":0},{"damage_healed":0,"gold_gain":0,"player_choice":"Upgraded","damage_taken":0,"max_hp_gain":0,"max_hp_loss":0,"event_name":"Upgrade Shrine","floor":14,"gold_loss":0,"cards_upgraded":["Metallicize"]}],"is_beta":false,"boss_relics":[],"items_purged_floors":[5],"is_endless":false,"potions_floor_spawned":[8,11],"killed_by":"Slime Boss","ascension_level":8}