{"gold_per_floor":[111,125,125,125,139,139,197,261,286,34,34,34,34,52,52,148,148,159,159,4,4,4],"floor_reached":22,"playtime":818,"items_purged":["Loop"],"score":234,"play_id":"8b3f88f8-7ca7-42dc-81c9-9ef0b920c936","local_time":"20190116185449","is_ascension_mode":true,"campfire_choices":[{"data":"Go for the Eyes","floor":6,"key":"SMITH"},{"floor":11,"key":"REST"},{"floor":13,"key":"REST"},{"data":"Machine Learning","floor":15,"key":"SMITH"}],"neow_cost":"NONE","seed_source_timestamp":16160617668408,"circlet_count":0,"master_deck":["Strike_B","Strike_B","Strike_B","Defend_B+1","Defend_B+1","Defend_B","Zap","Dualcast","Hologram+1","Go for the Eyes+1","Hello World","Cold Snap","Machine Learning+1","Creative AI","Sweeping Beam+1","Heatsinks"],"relics":["Cracked Core","NeowsBlessing","Tiny Chest","Bag of Preparation","War Paint","Kunai","Black Star"],"potions_floor_usage":[8,16,18],"damage_taken":[{"damage":0,"enemies":"Jaw Worm","floor":1,"turns":1},{"damage":0,"enemies":"Small Slimes","floor":2,"turns":1},{"damage":0,"enemies":"Cultist","floor":5,"turns":1},{"damage":45,"enemies":"3 Sentries","floor":7,"turns":7},{"damage":22,"enemies":"Gremlin Nob","floor":8,"turns":4},{"damage":0,"enemies":"2 Fungi Beasts","floor":14,"turns":3},{"damage":16,"enemies":"The Guardian","floor":16,"turns":11},{"damage":29,"enemies":"3 Byrds","floor":18,"turns":5},{"damage":39,"enemies":"Colosseum Slavers","floor":21,"turns":6},{"damage":15,"enemies":"Spheric Guardian","floor":22,"turns":3}],"seed_played":"-4860098696787807569","potions_obtained":[{"floor":2,"key":"FairyPotion"},{"floor":5,"key":"Block Potion"},{"floor":14,"key":"Fruit Juice"},{"floor":16,"key":"Explosive Potion"}],"is_trial":false,"path_per_floor":["M","M","?","?","M","R","E","?","T","$","R","?","R","M","R","B",null,"M","T","$","?","M"],"character_chosen":"DEFECT","items_purchased":["Kunai","Heatsinks"],"campfire_rested":2,"item_purchase_floors":[10,20],"current_hp_per_floor":[68,68,68,68,68,68,23,1,1,1,23,23,45,45,45,34,69,40,40,40,1,0],"gold":4,"neow_bonus":"THREE_ENEMY_KILL","is_prod":false,"is_daily":false,"chose_seed":false,"campfire_upgraded":2,"win_rate":0,"timestamp":1547672089,"path_taken":["M","M","?","?","?","R","E","?","T","$","R","?","R","M","R","BOSS","M","?","$","?","M"],"build_version":"2019-01-14v2","purchased_purges":1,"victory":false,"max_hp_per_floor":[75,75,75,75,75,75,75,75,75,75,75,75,75,75,75,80,80,80,80,80,80,80],"card_choices":[{"not_picked":["Leap","Aggregate"],"picked":"Hologram","floor":1},{"not_picked":["Conserve Battery","Barrage"],"picked":"Go for the Eyes","floor":2},{"not_picked":["BootSequence","Barrage"],"picked":"Loop","floor":5},{"not_picked":["Capacitor","Barrage"],"picked":"Hello World","floor":7},{"not_picked":["Turbo","BootSequence"],"picked":"Cold Snap","floor":8},{"not_picked":["Reprogram","Redo"],"picked":"Machine Learning","floor":14},{"not_picked":["Hyperbeam","Meteor Strike"],"picked":"Creative AI","floor":16},{"not_picked":["Barrage","Redo+1"],"picked":"Sweeping Beam+1","floor":18}],"player_experience":909871,"relics_obtained":[{"floor":7,"key":"Tiny Chest"},{"floor":8,"key":"Bag of Preparation"},{"floor":9,"key":"War Paint"}],"event_choices":[{"cards_removed":["Defend_B"],"damage_healed":0,"gold_gain":0,"player_choice":"Forget","damage_taken":0,"max_hp_gain":0,"max_hp_loss":0,"event_name":"Living Wall","floor":3,"gold_loss":0},{"cards_removed":["Strike_B"],"damage_healed":0,"gold_gain":0,"player_choice":"Purged","damage_taken":0,"max_hp_gain":0,"max_hp_loss":0,"event_name":"Purifier","floor":4,"gold_loss":0},{"damage_healed":0,"gold_gain":30,"player_choice":"Searched \u00272\u0027 times","damage_taken":0,"max_hp_gain":0,"max_hp_loss":0,"event_name":"Dead Adventurer","floor":8,"gold_loss":0},{"damage_healed":0,"gold_gain":0,"player_choice":"Forge","damage_taken":0,"max_hp_gain":0,"max_hp_loss":0,"event_name":"Accursed Blacksmith","floor":12,"gold_loss":0,"cards_upgraded":["Hologram"]},{"damage_healed":0,"gold_gain":0,"player_choice":"Fight","damage_taken":0,"max_hp_gain":0,"max_hp_loss":0,"event_name":"Colosseum","floor":21,"gold_loss":0},{"damage_healed":0,"gold_gain":0,"player_choice":"Fled From Nobs","damage_taken":0,"max_hp_gain":0,"max_hp_loss":0,"event_name":"Colosseum","floor":21,"gold_loss":0}],"is_beta":true,"boss_relics":[{"not_picked":["Busted Crown","Tiny House"],"picked":"Black Star"}],"items_purged_floors":[20],"is_endless":false,"potions_floor_spawned":[2,5,14,16],"killed_by":"Spheric Guardian","ascension_level":6}