{"path_per_floor":["M","M","$","?","?","R","$","E","T","R","E","M","M","M","R","B",null,"M","?","?","?","$","M","M","M","T","$","?","R","M"],"character_chosen":"IRONCLAD","items_purchased":["Apotheosis"],"gold_per_floor":[216,232,41,41,216,216,141,170,170,170,505,520,540,558,558,660,660,677,677,677,677,577,594,613,631,684,559,559,559,579],"floor_reached":31,"campfire_rested":2,"playtime":1604,"current_hp_per_floor":[80,74,74,74,74,74,74,40,40,64,40,42,47,53,53,7,80,57,57,56,56,56,53,27,37,37,37,37,53,16],"items_purged":["Doubt","Bite","Defend_R"],"gold":579,"score":308,"play_id":"09676bd4-2b5d-42f3-992f-4e37f9d15be9","local_time":"20180305130218","is_prod":false,"is_daily":false,"is_ascension_mode":true,"campfire_upgraded":2,"timestamp":1520265738,"path_taken":["M","?","$","?","?","R","$","E","T","R","E","?","?","M","R","BOSS","M","?","?","?","$","?","M","M","T","$","?","R","M","M"],"build_version":"2018-03-01-PROD1","purchased_purges":3,"victory":false,"master_deck":["Defend_R","Defend_R","Defend_R","Bash+1","Apotheosis+1","Thunderclap+1","Flex","Dual Wield","Bite","Bite","Bite","Bite","Rampage+1"],"max_hp_per_floor":[80,80,80,80,80,80,80,80,80,80,80,80,80,80,80,80,80,80,80,56,56,56,56,56,56,56,56,56,56,56],"relics":["Burning Blood","Matryoshka","Whetstone","Frozen Eye","Old Coin","Lizard Tail","Kunai","Oddly Smooth Stone"],"card_choices":[{"not_picked":["Fire Breathing","Havoc"],"picked":"Thunderclap"},{"not_picked":["Combust","Spot Weakness"],"picked":"Flex"},{"not_picked":["Armaments","Anger"],"picked":"Dual Wield"},{"not_picked":["Body Slam","Cleave"],"picked":"Rampage"}],"player_experience":430883,"potions_floor_usage":[14,14,16,18,23,31],"damage_taken":[{"damage":1,"enemies":"Cultist","floor":1,"turns":3},{"damage":12,"enemies":"2 Louse","floor":2,"turns":3},{"damage":40,"enemies":"Lagavulin","floor":8,"turns":5},{"damage":30,"enemies":"3 Sentries","floor":11,"turns":7},{"damage":4,"enemies":"Jaw Worm","floor":12,"turns":3},{"damage":1,"enemies":"2 Fungi Beasts","floor":13,"turns":3},{"damage":0,"enemies":"3 Louse","floor":14,"turns":2},{"damage":52,"enemies":"Slime Boss","floor":16,"turns":10},{"damage":29,"enemies":"3 Byrds","floor":18,"turns":6},{"damage":12,"enemies":"Chosen","floor":23,"turns":4},{"damage":44,"enemies":"Snake Plant","floor":24,"turns":5},{"damage":50,"enemies":"Snecko","floor":25,"turns":5},{"damage":74,"enemies":"Slaver and Parasite","floor":30,"turns":10},{"damage":24,"enemies":"Snake Plant","floor":31,"turns":1}],"event_choices":[{"event_name":"The Cleric","player_choice":"Leave","floor":4,"damage_taken":0},{"event_name":"Liars Game","player_choice":"agreed","floor":5,"damage_taken":0},{"event_name":"The Mausoleum","player_choice":"No","floor":19,"damage_taken":0},{"event_name":"Vampires","player_choice":"Became a vampire","floor":20,"damage_taken":0},{"event_name":"Cursed Tome","player_choice":"Ignored","floor":21,"damage_taken":0},{"event_name":"Accursed Blacksmith","player_choice":"Forge","floor":28,"damage_taken":0}],"boss_relics":[{"not_picked":["Cursed Key","Runic Dome"],"picked":"Lizard Tail"}],"potions_floor_spawned":[11,12,13,16,18,25,30],"seed_played":"2439554959886533813","killed_by":"Snake Plant","ascension_level":3,"is_trial":false}