{"gold_per_floor":[111,36,50,125,140,166,186,186,238,338,338,352,352,302,302,406,406,420,360,360,374,387,387,48,83,108,108,123,123,142,17,17,118,118,128,145,145],"floor_reached":37,"playtime":3173,"items_purged":["Defend_G","Writhe","Defend_G"],"score":391,"play_id":"8cf9ace4-796d-4360-97a1-d9a992949d0b","local_time":"20180727175814","is_ascension_mode":false,"campfire_choices":[{"data":"Neutralize","floor":8.0,"key":"SMITH"},{"data":"Caltrops","floor":11.0,"key":"SMITH"},{"floor":15.0,"key":"REST"},{"data":"Tools of the Trade","floor":23,"key":"SMITH"},{"data":"A Thousand Cuts","floor":27,"key":"SMITH"},{"data":"Neutralize","floor":32,"key":"SMITH"}],"neow_cost":"NONE","seed_source_timestamp":0,"circlet_count":0,"master_deck":["Defend_G+1","Defend_G+1","Strike_G","Strike_G","Strike_G","Strike_G","Strike_G","Survivor+1","Neutralize+1","Escape Plan+1","Caltrops+1","Dash","Reflex+1","Dodge and Roll+1","Tools of the Trade+1","A Thousand Cuts+1","Crippling Poison+1","Bullet Time+1","Backflip+1","Purity+1","Terror+1","Well Laid Plans+1","Neutralize+1","Flying Knee","Noxious Fumes","Phantasmal Killer+1","Pain","Doubt","Parasite","Underhanded Strike+1"],"special_seed":0,"relics":["Ring of the Snake","Ancient Tea Set","Toxic Egg 2","Bag of Marbles","Eternal Feather","Snake Skull","War Paint","Calipers","Lantern","Calling Bell","Orichalcum","Letter Opener","Nunchaku"],"potions_floor_usage":[37,37],"damage_taken":[{"damage":0.0,"enemies":"Small Slimes","floor":1.0,"turns":5.0},{"damage":0.0,"enemies":"2 Louse","floor":3.0,"turns":2.0},{"damage":1.0,"enemies":"Cultist","floor":5.0,"turns":4.0},{"damage":18.0,"enemies":"Lagavulin","floor":6.0,"turns":9.0},{"damage":4.0,"enemies":"2 Fungi Beasts","floor":7.0,"turns":4.0},{"damage":0.0,"enemies":"Large Slime","floor":12.0,"turns":6.0},{"damage":18.0,"enemies":"The Guardian","floor":16.0,"turns":12.0},{"damage":3,"enemies":"Shell Parasite","floor":18,"turns":8},{"damage":7,"enemies":"2 Thieves","floor":19,"turns":4},{"damage":14,"enemies":"Snake Plant","floor":21,"turns":4},{"damage":10,"enemies":"Centurion and Healer","floor":22,"turns":9},{"damage":9,"enemies":"Book of Stabbing","floor":25,"turns":6},{"damage":0,"enemies":"Cultist and Chosen","floor":28,"turns":5},{"damage":18,"enemies":"Snake Plant","floor":30,"turns":4},{"damage":16,"enemies":"Champ","floor":33,"turns":10},{"damage":11,"enemies":"Orb Walker","floor":35,"turns":4},{"damage":45,"enemies":"3 Darklings","floor":36,"turns":3},{"damage":14,"enemies":"Spire Growth","floor":37,"turns":3}],"seed_played":"-3988346624919525773","potions_obtained":[{"floor":5.0,"key":"SteroidPotion"},{"floor":6.0,"key":"Dexterity Potion"},{"floor":7.0,"key":"Weak Potion"},{"floor":12.0,"key":"SteroidPotion"},{"floor":16.0,"key":"Strength Potion"},{"floor":30,"key":"Poison Potion"},{"floor":35,"key":"AttackPotion"}],"is_trial":false,"path_per_floor":["M","$","M","?","M","E","M","R","T","?","R","M","?","?","R","B",null,"M","M","?","M","M","R","$","E","T","R","M","?","M","$","R","B",null,"M","M"],"character_chosen":"THE_SILENT","items_purchased":["War Paint","Purity+1"],"campfire_rested":1,"item_purchase_floors":[24,24],"current_hp_per_floor":[70,70,70,59,58,40,36,36,36,36,36,36,22,22,43,25,70,67,60,60,46,36,48,48,39,39,51,51,51,33,33,48,32,70,59,14,0],"gold":145,"neow_bonus":"RANDOM_COMMON_RELIC","is_prod":false,"is_daily":false,"chose_seed":false,"campfire_upgraded":5,"win_rate":0,"timestamp":1532739494,"path_taken":["M","$","M","?","M","E","M","R","T","?","R","M","?","?","R","BOSS","M","M","?","M","M","R","$","E","T","R","M","?","M","$","R","BOSS","M","M","M"],"build_version":"2018-07-26","purchased_purges":3,"victory":false,"max_hp_per_floor":[70,70,70,70,70,70,70,70,70,70,70,70,70,70,70,70,70,70,70,70,70,70,70,70,70,70,70,70,70,70,70,70,70,70,70,70,70],"card_choices":[{"not_picked":["Outmaneuver","Underhanded Strike"],"picked":"Escape Plan","floor":1.0},{"not_picked":["Masterful Stab","Dodge and Roll"],"picked":"Caltrops","floor":3.0},{"not_picked":["Poisoned Stab","Backstab"],"picked":"Dash","floor":5.0},{"not_picked":["Footwork","Quick Slash"],"picked":"Reflex","floor":6.0},{"not_picked":["Flechettes","Heel Hook"],"picked":"Dodge and Roll+1","floor":7.0},{"not_picked":["Quick Slash","Prepared+1"],"picked":"Tools of the Trade","floor":12.0},{"not_picked":["Glass Knife","Wraith Form v2"],"picked":"A Thousand Cuts","floor":16.0},{"not_picked":["Flying Knee","Expertise+1","Acrobatics+1"],"picked":"SKIP","floor":18},{"not_picked":["Bane","Footwork"],"picked":"Crippling Poison+1","floor":19},{"not_picked":["Heel Hook","Outmaneuver+1"],"picked":"Bullet Time+1","floor":21},{"not_picked":["Flying Knee","Dodge and Roll+1"],"picked":"Backflip+1","floor":22},{"not_picked":["Outmaneuver+1","Quick Slash+1"],"picked":"Terror+1","floor":25},{"not_picked":["Underhanded Strike","Backflip+1"],"picked":"Well Laid Plans+1","floor":28},{"not_picked":["PiercingWail+1","Slice"],"picked":"Noxious Fumes","floor":30},{"not_picked":["Storm of Steel+1","After Image"],"picked":"Phantasmal Killer+1","floor":33},{"not_picked":["Prepared+1","Dagger Spray+1"],"picked":"Underhanded Strike+1","floor":35},{"not_picked":["Sucker Punch+1","Flechettes+1","PiercingWail+1"],"picked":"SKIP","floor":36}],"player_experience":85290,"relics_obtained":[{"floor":6.0,"key":"Toxic Egg 2"},{"floor":9.0,"key":"Bag of Marbles"},{"floor":25,"key":"Calipers"},{"floor":26,"key":"Lantern"},{"floor":34,"key":"Orichalcum"},{"floor":34,"key":"Letter Opener"},{"floor":34,"key":"Nunchaku"}],"event_choices":[{"event_name":"World of Goop","player_choice":"Gather Gold","floor":4.0,"damage_taken":0.0},{"event_name":"Golden Shrine","player_choice":"Pray","floor":10.0,"damage_taken":0.0},{"event_name":"Shining Light","player_choice":"Entered Light","floor":13.0,"damage_taken":0.0},{"event_name":"The Cleric","player_choice":"Card Removal","floor":14.0,"damage_taken":0.0},{"event_name":"The Mausoleum","player_choice":"Yes","floor":20,"damage_taken":0},{"event_name":"Match and Keep!","player_choice":"2 cards matched","floor":29,"damage_taken":0}],"is_beta":false,"boss_relics":[{"not_picked":["Fusion Hammer","Snecko Eye"],"picked":"Eternal Feather"},{"not_picked":["Tiny House","Velvet Choker"],"picked":"Calling Bell"}],"items_purged_floors":[2,24,31],"is_endless":false,"potions_floor_spawned":[5,6,7,12,16,18,19,21,30,35,36],"killed_by":"Spire Growth","ascension_level":0}