{"gold_per_floor":[116,191,201,201,48,77,77,91,117,117,127,127,140,175,175,278,278,288,306,306,316,316,316,416,433,433,443,443,474,474,485,485,485],"floor_reached":33,"playtime":2422,"items_purged":[],"score":332,"play_id":"b0a374a1-32f9-476b-b950-f6e2961c9bfc","local_time":"20190214214032","is_ascension_mode":true,"campfire_choices":[{"floor":7,"key":"REST"},{"data":"Self Repair","floor":12,"key":"SMITH"},{"data":"Zap","floor":15,"key":"SMITH"},{"floor":23,"key":"REST"},{"floor":28,"key":"REST"},{"floor":30,"key":"REST"},{"data":"Dualcast","floor":32,"key":"SMITH"}],"neow_cost":"NONE","seed_source_timestamp":39791689071615,"circlet_count":0,"master_deck":["Strike_B","Strike_B","Strike_B+1","Strike_B+1","Defend_B","Defend_B","Defend_B+1","Defend_B","Zap+1","Dualcast+1","Sweeping Beam+1","Scrape","Self Repair+1","Gash","Lockon","Skim","Machine Learning","All For One","Go for the Eyes","Sweeping Beam+1","Go for the Eyes","Go for the Eyes","Fission","Conserve Battery","Rebound"],"relics":["Cracked Core","Whetstone","Omamori","Anchor","WarpedTongs","Boot","Inserter","Unceasing Top","Letter Opener","Pantograph","Question Card"],"potions_floor_usage":[6,14,21,24,24,24,25,27,29,33],"damage_taken":[{"damage":1,"enemies":"Cultist","floor":1,"turns":3},{"damage":0,"enemies":"Small Slimes","floor":3,"turns":3},{"damage":31,"enemies":"Gremlin Nob","floor":6,"turns":4},{"damage":4,"enemies":"2 Louse","floor":8,"turns":2},{"damage":1,"enemies":"2 Fungi Beasts","floor":11,"turns":3},{"damage":2,"enemies":"3 Louse","floor":13,"turns":4},{"damage":2,"enemies":"3 Sentries","floor":14,"turns":5},{"damage":10,"enemies":"Slime Boss","floor":16,"turns":7},{"damage":24,"enemies":"3 Byrds","floor":18,"turns":5},{"damage":23,"enemies":"Shell Parasite","floor":19,"turns":5},{"damage":36,"enemies":"Snake Plant","floor":21,"turns":5},{"damage":8,"enemies":"Colosseum Slavers","floor":24,"turns":3},{"damage":18,"enemies":"Colosseum Nobs","floor":24,"turns":3},{"damage":18,"enemies":"Snecko","floor":25,"turns":3},{"damage":12,"enemies":"Cultist and Chosen","floor":27,"turns":4},{"damage":38,"enemies":"Gremlin Leader","floor":29,"turns":6},{"damage":8,"enemies":"Snake Plant","floor":31,"turns":3},{"damage":74,"enemies":"Collector","floor":33,"turns":8}],"seed_played":"1858984343708661734","potions_obtained":[{"floor":1,"key":"SkillPotion"},{"floor":6,"key":"Explosive Potion"},{"floor":8,"key":"Swift Potion"},{"floor":13,"key":"EntropicBrew"},{"floor":18,"key":"Swift Potion"},{"floor":24,"key":"Poison Potion"},{"floor":25,"key":"FocusPotion"}],"is_trial":false,"path_per_floor":["M","?","M","?","$","E","R","M","T","?","M","R","M","E","R","B",null,"M","M","?","M","?","R","?","M","T","M","R","E","R","M","R","B"],"character_chosen":"DEFECT","items_purchased":["Whetstone"],"campfire_rested":4,"item_purchase_floors":[5],"current_hp_per_floor":[81,70,70,54,54,23,47,50,50,50,56,56,54,62,62,62,82,68,55,55,29,29,53,37,29,29,27,51,23,47,49,49,0],"gold":485,"neow_bonus":"TEN_PERCENT_HP_BONUS","is_prod":false,"is_daily":false,"chose_seed":false,"campfire_upgraded":3,"win_rate":0,"timestamp":1550209232,"path_taken":["M","?","M","?","$","E","R","M","T","?","M","R","M","E","R","BOSS","M","?","?","M","?","R","?","M","T","M","R","E","R","M","R","BOSS"],"build_version":"2019-01-23","purchased_purges":0,"victory":false,"max_hp_per_floor":[82,82,82,82,82,82,82,82,82,82,82,82,82,82,82,82,82,82,82,82,82,82,82,82,82,82,82,82,82,82,82,82,82],"card_choices":[{"not_picked":["Gash","Ball Lightning"],"picked":"Sweeping Beam","floor":1},{"not_picked":["Steam","Compile Driver"],"picked":"Scrape","floor":3},{"not_picked":["Compile Driver","Gash"],"picked":"Self Repair","floor":6},{"not_picked":["BootSequence","Reprogram"],"picked":"Gash","floor":8},{"not_picked":["Leap","Cold Snap"],"picked":"Lockon","floor":11},{"not_picked":["BootSequence","Ball Lightning"],"picked":"Skim","floor":13},{"not_picked":["FTL","Amplify"],"picked":"Machine Learning","floor":14},{"not_picked":["Multi-Cast","Fission"],"picked":"All For One","floor":16},{"not_picked":["Stack","Coolheaded"],"picked":"Go for the Eyes","floor":18},{"not_picked":["Redo","Hologram","Compile Driver"],"picked":"SKIP","floor":19},{"not_picked":["Storm","Hologram"],"picked":"Sweeping Beam+1","floor":21},{"not_picked":["Barrage","Hologram+1"],"picked":"Go for the Eyes","floor":24},{"not_picked":["White Noise","Conserve Battery+1"],"picked":"Go for the Eyes","floor":25},{"not_picked":["Rebound","White Noise"],"picked":"Fission","floor":27},{"not_picked":["Leap","Consume"],"picked":"Conserve Battery","floor":29},{"not_picked":["Lockon","Force Field","Hologram"],"picked":"Rebound","floor":31}],"player_experience":270923,"relics_obtained":[{"floor":6,"key":"Omamori"},{"floor":9,"key":"Anchor"},{"floor":14,"key":"Boot"},{"floor":24,"key":"Unceasing Top"},{"floor":24,"key":"Letter Opener"},{"floor":26,"key":"Pantograph"},{"floor":29,"key":"Question Card"}],"event_choices":[{"damage_healed":0,"gold_gain":75,"player_choice":"Gather Gold","damage_taken":11,"max_hp_gain":0,"max_hp_loss":0,"event_name":"World of Goop","floor":2,"gold_loss":0},{"damage_healed":0,"gold_gain":0,"player_choice":"Entered Light","damage_taken":16,"max_hp_gain":0,"max_hp_loss":0,"event_name":"Shining Light","floor":4,"gold_loss":0,"cards_upgraded":["Defend_B","Strike_B"]},{"damage_healed":0,"gold_gain":0,"player_choice":"Rummage","damage_taken":0,"relics_obtained":["WarpedTongs"],"max_hp_gain":0,"max_hp_loss":0,"event_name":"Accursed Blacksmith","floor":10,"gold_loss":0,"cards_obtained":["Pain"]},{"damage_healed":0,"gold_gain":0,"player_choice":"Ignored","damage_taken":0,"max_hp_gain":0,"max_hp_loss":0,"event_name":"Vampires","floor":20,"gold_loss":0},{"damage_healed":0,"gold_gain":0,"player_choice":"Ignored","damage_taken":0,"max_hp_gain":0,"max_hp_loss":0,"event_name":"Ghosts","floor":22,"gold_loss":0},{"damage_healed":0,"gold_gain":0,"player_choice":"Fight","damage_taken":0,"max_hp_gain":0,"max_hp_loss":0,"event_name":"Colosseum","floor":24,"gold_loss":0},{"damage_healed":0,"gold_gain":0,"player_choice":"Fought Nobs","damage_taken":0,"max_hp_gain":0,"max_hp_loss":0,"event_name":"Colosseum","floor":24,"gold_loss":0}],"is_beta":false,"boss_relics":[{"not_picked":["Philosopher\u0027s Stone","FrozenCore"],"picked":"Inserter"}],"items_purged_floors":[],"is_endless":false,"potions_floor_spawned":[1,6,8,13,18,24,25],"killed_by":"Collector","ascension_level":4}