{"gold_per_floor":[109,109,120,133,233,264,282,55,79,93,93,117,117,133,133,254,254,267,300,300,315,334,334,348,1,50,68,103,103,103,119,119,238,238,261,88,88,12,31,31,74,74,125,145,145,145,164,183,183,183],"floor_reached":50,"playtime":2521,"items_purged":["Strike_B","Strike_B+1","FTL"],"score":595,"play_id":"7ef211d9-f79d-450f-9249-c9427988bb05","local_time":"20180901152217","is_ascension_mode":true,"campfire_choices":[{"floor":13.0,"key":"REST"},{"floor":15.0,"key":"REST"},{"data":"Rainbow","floor":23.0,"key":"SMITH"},{"data":"Echo Form","floor":30.0,"key":"SMITH"},{"data":"Buffer","floor":32.0,"key":"SMITH"},{"data":"Dualcast","floor":40.0,"key":"SMITH"},{"data":"Seek","floor":46,"key":"SMITH"},{"data":"Chill","floor":49,"key":"SMITH"}],"neow_cost":"NONE","seed_source_timestamp":0,"circlet_count":0,"master_deck":["Strike_B+1","Strike_B+1","Defend_B+1","Defend_B+1","Defend_B+1","Defend_B+1","Zap","Dualcast+1","Rainbow+1","Sunder+1","Sweeping Beam","Barrage","Hologram","FTL+1","Self Repair","Buffer+1","Echo Form+1","Blizzard","Cold Snap+1","Seek+1","Amplify","Coolheaded","Chill+1"],"special_seed":0,"relics":["Cracked Core","Happy Flower","Regal Pillow","Golden Idol","Runic Dome","Red Mask","Meat on the Bone","Whetstone","Boot","Lizard Tail","Vajra","DataDisk"],"potions_floor_usage":[],"damage_taken":[{"damage":10.0,"enemies":"Jaw Worm","floor":1.0,"turns":3.0},{"damage":0.0,"enemies":"Cultist","floor":3.0,"turns":2.0},{"damage":7.0,"enemies":"Small Slimes","floor":4.0,"turns":2.0},{"damage":36.0,"enemies":"Lagavulin","floor":6.0,"turns":5.0},{"damage":11.0,"enemies":"Red Slaver","floor":7.0,"turns":3.0},{"damage":9.0,"enemies":"Exordium Thugs","floor":10.0,"turns":3.0},{"damage":3.0,"enemies":"Exordium Wildlife","floor":12.0,"turns":3.0},{"damage":20.0,"enemies":"3 Louse","floor":14.0,"turns":3.0},{"damage":30.0,"enemies":"The Guardian","floor":16.0,"turns":10.0},{"damage":38.0,"enemies":"2 Thieves","floor":18.0,"turns":3.0},{"damage":18.0,"enemies":"Masked Bandits","floor":19.0,"turns":4.0},{"damage":0.0,"enemies":"Chosen","floor":21.0,"turns":5.0},{"damage":1.0,"enemies":"Sentry and Sphere","floor":22.0,"turns":4.0},{"damage":29.0,"enemies":"Cultist and Chosen","floor":24.0,"turns":6.0},{"damage":23.0,"enemies":"Snake Plant","floor":27.0,"turns":4.0},{"damage":18.0,"enemies":"Gremlin Leader","floor":28.0,"turns":6.0},{"damage":0.0,"enemies":"3 Cultists","floor":31.0,"turns":4.0},{"damage":42.0,"enemies":"Champ","floor":33.0,"turns":9.0},{"damage":44.0,"enemies":"3 Darklings","floor":35.0,"turns":6.0},{"damage":11.0,"enemies":"3 Shapes","floor":39.0,"turns":6.0},{"damage":85.0,"enemies":"2 Orb Walkers","floor":41.0,"turns":7.0},{"damage":5,"enemies":"Spire Growth","floor":44,"turns":5},{"damage":56,"enemies":"Reptomancer","floor":47,"turns":5},{"damage":0,"enemies":"Maw","floor":48,"turns":7},{"damage":55,"enemies":"Awakened One","floor":50,"turns":4}],"seed_played":"-6361929074658378246","potions_obtained":[{"floor":4.0,"key":"Explosive Potion"},{"floor":6.0,"key":"Swift Potion"},{"floor":7.0,"key":"Swift Potion"},{"floor":10.0,"key":"AttackPotion"},{"floor":19.0,"key":"Regen Potion"},{"floor":28.0,"key":"PowerPotion"},{"floor":31.0,"key":"Fruit Juice"},{"floor":35.0,"key":"Explosive Potion"},{"floor":44,"key":"SteroidPotion"}],"is_trial":false,"path_per_floor":["M","?","M","M","?","E","M","$","T","M","?","M","R","M","R","B",null,"M","?","?","M","M","R","M","$","T","M","E","?","R","M","R","B",null,"M","$","?","$","M","R","E","?","T","M","?","R","M","M","R"],"character_chosen":"DEFECT","items_purchased":["FTL","Self Repair","Meat on the Bone","Coolheaded","Regen Potion"],"campfire_rested":2,"item_purchase_floors":[8,8,25,36,38],"current_hp_per_floor":[65,65,65,58,58,22,11,11,11,9,9,6,41,21,56,33,69,38,27,27,34,45,45,30,30,30,26,20,43,43,43,43,18,74,49,49,49,49,67,67,49,49,49,58,58,58,14,40,40,0],"gold":183,"neow_bonus":"ONE_RANDOM_RARE_CARD","is_prod":false,"is_daily":false,"chose_seed":false,"campfire_upgraded":6,"win_rate":0,"timestamp":1535826137,"path_taken":["M","?","?","M","?","E","M","?","T","M","?","M","R","M","R","BOSS","M","?","?","M","M","R","?","$","T","M","E","?","R","M","R","BOSS","M","$","?","$","M","R","E","?","T","M","?","R","?","M","R","BOSS"],"build_version":"2018-08-30","purchased_purges":3,"victory":false,"max_hp_per_floor":[75,75,75,75,75,75,75,75,75,75,69,69,69,69,69,69,69,69,69,69,69,69,69,69,69,69,69,69,69,69,69,69,74,74,74,74,74,74,74,74,74,70,70,70,70,70,70,70,70,70],"card_choices":[{"not_picked":["Redo","Force Field"],"picked":"Sunder","floor":1.0},{"not_picked":["Cold Snap","Hologram"],"picked":"Sweeping Beam","floor":3.0},{"not_picked":["Undo","Doom and Gloom","Cold Snap"],"picked":"SKIP","floor":4.0},{"not_picked":["Reinforced Body","Force Field"],"picked":"Barrage","floor":6.0},{"not_picked":["Conserve Battery","Core Surge"],"picked":"Hologram","floor":7.0},{"not_picked":["Conserve Battery","Rebound","Hologram"],"picked":"SKIP","floor":10.0},{"not_picked":["Doom and Gloom","Streamline"],"picked":"Buffer","floor":12.0},{"not_picked":["Hello World","Skim"],"picked":"FTL","floor":14.0},{"not_picked":["Reboot","Rainbow"],"picked":"Echo Form","floor":16.0},{"not_picked":["Rebound","Coolheaded"],"picked":"Blizzard","floor":18.0},{"not_picked":["Hello World","Sweeping Beam"],"picked":"Cold Snap","floor":21.0},{"not_picked":["Compile Driver","Conserve Battery+1","Ball Lightning"],"picked":"SKIP","floor":22.0},{"not_picked":["Consume","Go for the Eyes+1"],"picked":"Seek","floor":24.0},{"not_picked":["Rip and Tear","FTL+1","Leap+1"],"picked":"SKIP","floor":27.0},{"not_picked":["White Noise","Consume","Stack"],"picked":"SKIP","floor":28.0},{"not_picked":["Streamline","Leap","Sweeping Beam"],"picked":"SKIP","floor":31.0},{"not_picked":["Reboot","All For One"],"picked":"Amplify","floor":33.0},{"not_picked":["BootSequence+1","Steam","Reprogram"],"picked":"SKIP","floor":35.0},{"not_picked":["Beam Cell+1","Storm+1","Go for the Eyes"],"picked":"SKIP","floor":39.0},{"not_picked":["Aggregate","Streamline+1","Cold Snap"],"picked":"SKIP","floor":41.0},{"not_picked":["Genetic Algorithm+1","Gash+1","Undo"],"picked":"SKIP","floor":44},{"not_picked":["Stack","Ball Lightning+1"],"picked":"Chill","floor":47},{"not_picked":["Reboot","White Noise","Go for the Eyes"],"picked":"SKIP","floor":48}],"player_experience":865448,"relics_obtained":[{"floor":6.0,"key":"Happy Flower"},{"floor":9.0,"key":"Regal Pillow"},{"floor":19.0,"key":"Red Mask"},{"floor":26.0,"key":"Whetstone"},{"floor":28.0,"key":"Boot"},{"floor":41.0,"key":"Vajra"},{"floor":43.0,"key":"DataDisk"}],"event_choices":[{"event_name":"Accursed Blacksmith","player_choice":"Forge","floor":2.0,"damage_taken":0.0},{"event_name":"Golden Shrine","player_choice":"Pray","floor":5.0,"damage_taken":0.0},{"event_name":"Golden Idol","player_choice":"Lose Max HP","floor":11.0,"damage_taken":0.0},{"event_name":"Masked Bandits","player_choice":"Fought Bandits","floor":19.0,"damage_taken":0.0},{"event_name":"Back to Basics","player_choice":"Simplicity","floor":20.0,"damage_taken":0.0},{"event_name":"The Library","player_choice":"Heal","floor":29.0,"damage_taken":0.0},{"event_name":"Mysterious Sphere","player_choice":"Ignore","floor":37.0,"damage_taken":0.0},{"event_name":"Winding Halls","player_choice":"Max HP","floor":42.0,"damage_taken":0.0},{"event_name":"SecretPortal","player_choice":"Rejected Portal.","floor":45,"damage_taken":0}],"is_beta":true,"boss_relics":[{"not_picked":["Snecko Eye","Coffee Dripper"],"picked":"Runic Dome"},{"not_picked":["Fusion Hammer","Eternal Feather"],"picked":"Lizard Tail"}],"items_purged_floors":[8,25,36],"is_endless":false,"potions_floor_spawned":[4,6,7,10,19,28,31,35,44],"killed_by":"Awakened One","ascension_level":4}