{"path_per_floor":["M","?","M","$","M","R","?","E","T","R","?","E","M","M","R","B",null,"M","?","$","?","M","R","E","$","T","M","$","M"],"character_chosen":"IRONCLAD","items_purchased":["Whirlwind","Apotheosis","Paper Frog"],"gold_per_floor":[115,115,133,21,37,37,37,72,142,142,317,346,360,377,377,480,480,497,497,39,39,49,49,77,77,125,136,36,52],"floor_reached":30,"campfire_rested":0,"playtime":1073,"current_hp_per_floor":[80,73,71,71,77,77,61,56,56,56,56,62,64,59,59,26,80,80,80,80,80,75,75,80,80,80,71,71,8],"items_purged":["Strike_R","Doubt"],"gold":52,"score":340,"play_id":"7ee27074-356d-462d-a8a0-45bda39daa1e","local_time":"20180306233842","is_prod":false,"is_daily":false,"is_ascension_mode":true,"campfire_upgraded":4,"timestamp":1520390322,"path_taken":["M","?","?","$","M","R","?","E","T","R","?","E","?","M","R","BOSS","M","?","$","?","M","R","E","$","T","M","$","M","M"],"build_version":"2018-03-01-PROD1","purchased_purges":2,"victory":false,"master_deck":["Strike_R","Strike_R+1","Strike_R","Defend_R","Defend_R+1","Defend_R+1","Defend_R","Bash","True Grit+1","Wild Strike","Armaments+1","Whirlwind+1","Flex","Demon Form","Dual Wield+1","Clash","Double Tap","True Grit","Apotheosis+1","Writhe","Sentinel+1","Feel No Pain"],"max_hp_per_floor":[80,80,80,80,80,80,80,80,80,80,80,80,80,80,80,80,80,80,80,80,80,80,80,80,80,80,80,80,80],"relics":["Burning Blood","Dream Catcher","Ancient Tea Set","Mercury Hourglass","Orichalcum","Philosopher\u0027s Stone","Paper Frog","War Paint","Bottled Lightning","Regal Pillow"],"card_choices":[{"not_picked":["Body Slam","Bloodletting"],"picked":"Wild Strike"},{"not_picked":["Heavy Blade","Twin Strike"],"picked":"Armaments"},{"not_picked":["Battle Trance","Perfected Strike"],"picked":"Flex"},{"not_picked":["Uppercut","Dual Wield"],"picked":"Demon Form"},{"not_picked":["Body Slam","Thunderclap"],"picked":"Dual Wield"},{"not_picked":["Blood for Blood","Cleave"],"picked":"Clash"},{"not_picked":["Impervious","Reaper"],"picked":"Double Tap"},{"not_picked":["Body Slam","Pummel"],"picked":"True Grit"},{"not_picked":["Perfected Strike","Hemokinesis"],"picked":"Sentinel"},{"not_picked":["Iron Wave","Anger"],"picked":"Feel No Pain"}],"player_experience":509039,"potions_floor_usage":[8,8,16,22,27,29],"damage_taken":[{"damage":2,"enemies":"Jaw Worm","floor":1,"turns":4},{"damage":8,"enemies":"2 Louse","floor":3,"turns":3},{"damage":0,"enemies":"Cultist","floor":5,"turns":3},{"damage":17,"enemies":"3 Sentries","floor":8,"turns":6},{"damage":0,"enemies":"Gremlin Nob","floor":12,"turns":2},{"damage":4,"enemies":"3 Louse","floor":13,"turns":3},{"damage":11,"enemies":"Exordium Thugs","floor":14,"turns":3},{"damage":39,"enemies":"The Guardian","floor":16,"turns":10},{"damage":3,"enemies":"Spheric Guardian","floor":18,"turns":3},{"damage":11,"enemies":"Shell Parasite","floor":22,"turns":4},{"damage":1,"enemies":"Slavers","floor":24,"turns":2},{"damage":15,"enemies":"Snake Plant","floor":27,"turns":4},{"damage":69,"enemies":"Cultist and Chosen","floor":29,"turns":7},{"damage":13,"enemies":"Centurion and Healer","floor":30,"turns":2}],"event_choices":[{"event_name":"Scrap Ooze","player_choice":"success","floor":2,"damage_taken":7},{"event_name":"Shining Light","player_choice":"Entered Light","floor":7,"damage_taken":0},{"event_name":"Liars Game","player_choice":"agreed","floor":11,"damage_taken":0},{"event_name":"Vampires","player_choice":"Ignored","floor":19,"damage_taken":0},{"event_name":"The Mausoleum","player_choice":"Yes","floor":21,"damage_taken":0}],"boss_relics":[{"not_picked":["Black Star","Cursed Key"],"picked":"Philosopher\u0027s Stone"}],"potions_floor_spawned":[3,5,8,18,24,27],"seed_played":"-4005088597207339099","killed_by":"Centurion and Healer","ascension_level":4,"is_trial":false}