{"gold_per_floor":[109,34,34,44,61,61,86,100,100,100,119,119,69,85,85,187,187,199,219,219,230,248,248,146,171,197,45,71,91,91,105,105,204,204,220,239,254,264,364,364,377,377,377,377,377,377,389,389,389,389,389,389,109,140,140],"floor_reached":55,"playtime":2470,"items_purged":["Strike_B","Strike_B"],"score":640,"play_id":"d0e3820b-59bb-405a-96cc-2730929b0787","local_time":"20190315152739","is_ascension_mode":false,"campfire_choices":[{"data":"Loop","floor":6,"key":"SMITH"},{"data":"Defragment","floor":12,"key":"SMITH"},{"floor":15,"key":"REST"},{"floor":23,"key":"RECALL"},{"data":"Echo Form","floor":30,"key":"SMITH"},{"data":"Self Repair","floor":32,"key":"SMITH"},{"data":"Stack","floor":40,"key":"SMITH"},{"data":"Tempest","floor":42,"key":"SMITH"},{"data":"Dualcast","floor":44,"key":"SMITH"},{"data":"Electrodynamics","floor":46,"key":"SMITH"},{"data":"Conserve Battery","floor":49,"key":"SMITH"},{"data":"Streamline","floor":52,"key":"SMITH"}],"neow_cost":"NONE","seed_source_timestamp":184755612676870,"circlet_count":0,"master_deck":["Defend_B","Defend_B","Defend_B+1","Defend_B","Zap+1","Dualcast+1","Streamline+1","Loop+1","Cold Snap","Self Repair+1","Defragment+1","Echo Form+1","Ball Lightning","Steam+1","Sunder+1","Coolheaded+1","Conserve Battery+1","Conserve Battery+1","Electrodynamics+1","Hologram+1","Stack+1","Tempest+1","Stack"],"relics":["Cracked Core","Pen Nib","Dodecahedron","Coffee Dripper","Centennial Puzzle","Boot","Blood Vial","War Paint","Velvet Choker","Turnip","Symbiotic Virus","Spirit Poop","Singing Bowl","Art of War","Mercury Hourglass"],"potions_floor_usage":[8,16,21,22,28,31,33,54,54],"damage_taken":[{"damage":0,"enemies":"2 Louse","floor":1,"turns":2},{"damage":1,"enemies":"Jaw Worm","floor":4,"turns":3},{"damage":0,"enemies":"Cultist","floor":5,"turns":3},{"damage":21,"enemies":"Lagavulin","floor":7,"turns":6},{"damage":14,"enemies":"Lots of Slimes","floor":8,"turns":4},{"damage":0,"enemies":"3 Louse","floor":11,"turns":2},{"damage":3,"enemies":"Looter","floor":14,"turns":3},{"damage":29,"enemies":"The Guardian","floor":16,"turns":9},{"damage":19,"enemies":"Spheric Guardian","floor":18,"turns":4},{"damage":8,"enemies":"Chosen","floor":19,"turns":4},{"damage":1,"enemies":"Snecko","floor":21,"turns":5},{"damage":20,"enemies":"Snake Plant","floor":22,"turns":4},{"damage":8,"enemies":"Book of Stabbing","floor":28,"turns":4},{"damage":0,"enemies":"Centurion and Healer","floor":29,"turns":7},{"damage":19,"enemies":"Shelled Parasite and Fungi","floor":31,"turns":8},{"damage":38,"enemies":"Automaton","floor":33,"turns":11},{"damage":11,"enemies":"3 Darklings","floor":35,"turns":4},{"damage":8,"enemies":"Orb Walker","floor":36,"turns":4},{"damage":0,"enemies":"Maw","floor":37,"turns":7},{"damage":8,"enemies":"3 Darklings","floor":38,"turns":4},{"damage":15,"enemies":"Mind Bloom Boss Battle","floor":39,"turns":9},{"damage":16,"enemies":"Writhing Mass","floor":41,"turns":7},{"damage":14,"enemies":"Spire Growth","floor":47,"turns":4},{"damage":74,"enemies":"Awakened One","floor":50,"turns":12},{"damage":61,"enemies":"Shield and Spear","floor":54,"turns":6},{"damage":51,"enemies":"The Heart","floor":55,"turns":3}],"seed_played":"4556310919850587160","potions_obtained":[{"floor":5,"key":"Block Potion"},{"floor":7,"key":"Dexterity Potion"},{"floor":8,"key":"EssenceOfSteel"},{"floor":14,"key":"Weak Potion"},{"floor":18,"key":"SneckoOil"},{"floor":19,"key":"Fire Potion"},{"floor":29,"key":"GamblersBrew"},{"floor":31,"key":"Regen Potion"},{"floor":35,"key":"FairyPotion"},{"floor":39,"key":"LiquidBronze"}],"is_trial":false,"path_per_floor":["M","$","?","M","M","R","E","M","T","?","M","R","?","M","R","B",null,"M","M","?","M","M","R","$","T","T","$","E","M","R","M","R","B",null,"M","M","M","M","?","R","M","R","T","R","?","R","M","T","R","B",null,"R","$","E","B"],"character_chosen":"DEFECT","items_purchased":["Conserve Battery","PowerPotion","Blood Vial","Stack","Art of War"],"campfire_rested":1,"item_purchase_floors":[24,24,27,53,53],"current_hp_per_floor":[75,75,75,74,74,74,53,39,39,32,32,32,32,29,51,29,75,63,55,55,61,55,55,55,55,55,55,63,75,75,70,70,54,75,64,75,75,75,70,70,75,75,75,75,72,72,58,58,58,27,72,72,72,47,0],"gold":140,"neow_bonus":"UPGRADE_CARD","is_prod":false,"is_daily":false,"chose_seed":false,"campfire_upgraded":10,"win_rate":0,"timestamp":1552688859,"path_taken":["M","$","?","M","M","R","E","M","T","?","M","R","?","M","R","BOSS","M","M","?","M","M","R","$","?","T","$","E","M","R","M","R","BOSS","M","M","?","M","?","R","M","R","T","R","?","R","?","?","R","BOSS","R","$","E","BOSS"],"build_version":"2019-01-23","purchased_purges":2,"victory":false,"max_hp_per_floor":[75,75,75,75,75,75,75,75,75,75,75,75,75,75,75,75,75,75,75,75,75,75,75,75,75,75,75,75,75,75,75,75,75,75,75,75,75,75,75,75,75,75,75,75,72,72,72,72,72,72,72,72,72,74,74],"card_choices":[{"not_picked":["Hologram","Compile Driver"],"picked":"Streamline","floor":1},{"not_picked":["Coolheaded","Sweeping Beam"],"picked":"Loop","floor":4},{"not_picked":["Gash","Beam Cell","Hologram"],"picked":"SKIP","floor":5},{"not_picked":["Streamline","Sweeping Beam"],"picked":"Cold Snap","floor":7},{"not_picked":["Melter","Barrage"],"picked":"Self Repair","floor":8},{"not_picked":["Sweeping Beam","Lockon"],"picked":"Defragment","floor":11},{"not_picked":["Barrage","Steam Power","Cold Snap"],"picked":"SKIP","floor":14},{"not_picked":["Rainbow","Hyperbeam"],"picked":"Echo Form","floor":16},{"not_picked":["Streamline","Gash"],"picked":"Ball Lightning","floor":18},{"not_picked":["Hologram","Rebound"],"picked":"Steam+1","floor":19},{"not_picked":["Coolheaded","Self Repair"],"picked":"Sunder+1","floor":21},{"not_picked":["Ball Lightning","FTL"],"picked":"Coolheaded","floor":22},{"not_picked":["Machine Learning","Compile Driver","Conserve Battery+1"],"picked":"SKIP","floor":28},{"not_picked":["Machine Learning","Compile Driver"],"picked":"Conserve Battery+1","floor":28},{"not_picked":["Hello World","Conserve Battery+1","Leap"],"picked":"SKIP","floor":29},{"not_picked":["Go for the Eyes","Streamline+1","Rebound"],"picked":"SKIP","floor":31},{"not_picked":["Seek","Reboot"],"picked":"Electrodynamics","floor":33},{"not_picked":["Blizzard","Go for the Eyes+1"],"picked":"Hologram+1","floor":35},{"not_picked":["Rip and Tear","Compile Driver+1","Go for the Eyes"],"picked":"SKIP","floor":36},{"not_picked":["BootSequence","Conserve Battery+1","Genetic Algorithm"],"picked":"SKIP","floor":37},{"not_picked":["Sweeping Beam+1","Sunder","Hologram"],"picked":"SKIP","floor":38},{"not_picked":["Melter","Chill"],"picked":"Stack","floor":39},{"not_picked":["Static Discharge+1","Cold Snap"],"picked":"Tempest","floor":41},{"not_picked":["Aggregate+1","Compile Driver","Beam Cell"],"picked":"SKIP","floor":47},{"not_picked":["Hologram+1","Steam+1","Sunder"],"picked":"Singing Bowl","floor":54}],"player_experience":466788,"relics_obtained":[{"floor":7,"key":"Pen Nib"},{"floor":25,"key":"Centennial Puzzle"},{"floor":26,"key":"Boot"},{"floor":28,"key":"War Paint"},{"floor":39,"key":"Turnip"},{"floor":43,"key":"Symbiotic Virus"},{"floor":48,"key":"Singing Bowl"},{"floor":54,"key":"Mercury Hourglass"}],"event_choices":[{"damage_healed":0,"gold_gain":0,"player_choice":"Ignored","damage_taken":0,"max_hp_gain":0,"max_hp_loss":0,"event_name":"Liars Game","floor":3,"gold_loss":0},{"damage_healed":0,"gold_gain":0,"player_choice":"Success","damage_taken":7,"relics_obtained":["Dodecahedron"],"max_hp_gain":0,"max_hp_loss":0,"event_name":"Scrap Ooze","floor":10,"gold_loss":0},{"cards_removed":["Strike_B"],"damage_healed":0,"gold_gain":0,"player_choice":"Card Removal","damage_taken":0,"max_hp_gain":0,"max_hp_loss":0,"event_name":"The Cleric","floor":13,"gold_loss":50},{"cards_removed":["Strike_B"],"damage_healed":0,"gold_gain":0,"player_choice":"Purged","damage_taken":0,"max_hp_gain":0,"max_hp_loss":0,"event_name":"Purifier","floor":20,"gold_loss":0},{"damage_healed":0,"gold_gain":0,"player_choice":"Fight","damage_taken":0,"max_hp_gain":0,"max_hp_loss":0,"event_name":"MindBloom","floor":39,"gold_loss":0},{"cards_removed":["Parasite"],"damage_healed":0,"gold_gain":0,"player_choice":"Offered Curse","damage_taken":0,"relics_obtained":["Spirit Poop"],"max_hp_gain":0,"max_hp_loss":0,"event_name":"Bonfire Elementals","floor":45,"gold_loss":0}],"is_beta":false,"boss_relics":[{"not_picked":["Black Star","Runic Dome"],"picked":"Coffee Dripper"},{"not_picked":["Runic Pyramid","Eternal Feather"],"picked":"Velvet Choker"}],"items_purged_floors":[2,53],"is_endless":false,"potions_floor_spawned":[5,7,8,14,18,19,29,31,35,39],"killed_by":"The Heart","ascension_level":0}