{"gold_per_floor":[113,14,31,48,48,48,48,75,75,89,101,101,135,151,151,256,256,267,192,47,62,80,80,80,80,126,138,152,27,27,47,47,47],"floor_reached":33,"playtime":2185,"items_purged":["Defend_R","Defend_R","Strike_R"],"score":249,"play_id":"51981fe7-fb8c-4f2e-a35e-1619f431b301","local_time":"20180708210601","is_ascension_mode":false,"campfire_choices":[{"data":"Armaments","floor":6,"key":"SMITH"},{"data":"Armaments","floor":12,"key":"SMITH"},{"floor":15,"key":"REST"},{"data":"Double Tap","floor":23,"key":"SMITH"},{"data":"Anger","floor":25,"key":"SMITH"},{"floor":32,"key":"REST"}],"neow_cost":"NONE","seed_source_timestamp":8367169328947,"circlet_count":0,"master_deck":["Strike_R","Strike_R","Strike_R","Bash","Armaments+1","Spot Weakness","True Grit","Twin Strike","Armaments+1","Brutality","Clash","Anger","Cleave","Double Tap+1","Offering","Anger+1","Pommel Strike","Flex","Cleave","True Grit+1","Flex","Blood for Blood"],"relics":["Burning Blood","Pen Nib","Orichalcum","Champion Belt","Eternal Feather","Juzu Bracelet"],"potions_floor_usage":[31,31,33,33],"damage_taken":[{"damage":8,"enemies":"Jaw Worm","floor":1,"turns":3},{"damage":12,"enemies":"Cultist","floor":3,"turns":5},{"damage":10,"enemies":"2 Louse","floor":4,"turns":2},{"damage":1,"enemies":"2 Fungi Beasts","floor":10,"turns":4},{"damage":0,"enemies":"Red Slaver","floor":11,"turns":3},{"damage":17,"enemies":"Gremlin Nob","floor":13,"turns":4},{"damage":2,"enemies":"Blue Slaver","floor":14,"turns":3},{"damage":32,"enemies":"The Guardian","floor":16,"turns":8},{"damage":14,"enemies":"3 Byrds","floor":18,"turns":4},{"damage":19,"enemies":"2 Thieves","floor":21,"turns":2},{"damage":25,"enemies":"Slaver and Parasite","floor":22,"turns":3},{"damage":11,"enemies":"Centurion and Healer","floor":27,"turns":3},{"damage":22,"enemies":"Snecko","floor":28,"turns":4},{"damage":15,"enemies":"Snake Plant","floor":31,"turns":3},{"damage":81,"enemies":"Automaton","floor":33,"turns":6}],"seed_played":"2852330027773735310","potions_obtained":[{"floor":4,"key":"LiquidBronze"},{"floor":10,"key":"Fire Potion"},{"floor":16,"key":"Poison Potion"},{"floor":22,"key":"SteroidPotion"},{"floor":31,"key":"LiquidBronze"}],"is_trial":false,"path_per_floor":["M","$","M","M","?","R","?","T","T","M","M","R","E","M","R","B",null,"M","?","$","M","M","R","$","R","T","M","M","$","?","M","R"],"character_chosen":"IRONCLAD","items_purchased":["True Grit","Pommel Strike"],"campfire_rested":2,"item_purchase_floors":[2,20],"current_hp_per_floor":[78,78,72,68,68,68,61,61,61,66,72,72,61,65,80,54,80,72,72,72,59,40,48,48,56,56,51,35,35,35,26,58,0],"gold":47,"neow_bonus":"THREE_CARDS","is_prod":false,"is_daily":false,"chose_seed":false,"campfire_upgraded":4,"win_rate":0,"timestamp":1531109161,"path_taken":["M","$","M","M","?","R","?","?","T","M","M","R","E","M","R","BOSS","M","?","$","?","M","R","$","R","T","M","M","?","?","M","R","BOSS"],"build_version":"2018-07-05","purchased_purges":3,"victory":false,"max_hp_per_floor":[80,80,80,80,80,80,80,80,80,80,80,80,80,80,80,80,80,80,80,80,80,80,80,80,80,80,80,80,80,80,80,80,80],"card_choices":[{"not_picked":["Anger","Headbutt"],"picked":"Armaments","floor":0},{"not_picked":["True Grit","Pommel Strike"],"picked":"Spot Weakness","floor":1},{"not_picked":["Entrench","Body Slam"],"picked":"Twin Strike","floor":3},{"not_picked":["Twin Strike","Thunderclap"],"picked":"Armaments","floor":4},{"not_picked":["Iron Wave","Sever Soul"],"picked":"Clash","floor":10},{"not_picked":["Feel No Pain","Intimidate"],"picked":"Anger","floor":11},{"not_picked":["Shockwave","Infernal Blade"],"picked":"Cleave","floor":13},{"not_picked":["Pommel Strike","Seeing Red"],"picked":"Double Tap","floor":14},{"not_picked":["Brutality","Limit Break"],"picked":"Offering","floor":16},{"not_picked":["Heavy Blade","Flame Barrier"],"picked":"Anger","floor":18},{"not_picked":["Heavy Blade","Shockwave"],"picked":"Flex","floor":21},{"not_picked":["Body Slam","Clothesline+1"],"picked":"Cleave","floor":22},{"not_picked":["Carnage","Perfected Strike"],"picked":"True Grit+1","floor":27},{"not_picked":["Dual Wield","Searing Blow"],"picked":"Flex","floor":28},{"not_picked":["True Grit","Cleave"],"picked":"Blood for Blood","floor":31}],"player_experience":17956,"relics_obtained":[{"floor":8,"key":"Pen Nib"},{"floor":9,"key":"Orichalcum"},{"floor":13,"key":"Champion Belt"},{"floor":26,"key":"Juzu Bracelet"}],"event_choices":[{"event_name":"Transmorgrifier","player_choice":"Transform","floor":5,"damage_taken":0},{"event_name":"Golden Wing","player_choice":"Card Removal","floor":7,"damage_taken":0},{"event_name":"Beggar","player_choice":"Gave Gold","floor":19,"damage_taken":0},{"event_name":"Drug Dealer","player_choice":"Ignored","floor":30,"damage_taken":0}],"boss_relics":[{"not_picked":["Velvet Choker","White Beast Statue"],"picked":"Eternal Feather"}],"items_purged_floors":[2,20,29],"is_endless":false,"potions_floor_spawned":[4,10,16,22,27,31],"killed_by":"Automaton","ascension_level":0}