{"path_per_floor":["M","?","?","$","?","R","E","M","T","R","E","M","E","M","R","B",null,"M","$","?","M","?"],"character_chosen":"THE_SILENT","items_purchased":["Terror"],"gold_per_floor":[112,112,112,37,37,37,68,78,102,102,136,150,181,201,201,296,296,278,108,108,125,125],"floor_reached":23,"campfire_rested":2,"playtime":1138,"current_hp_per_floor":[62,62,62,62,62,62,12,12,12,33,25,22,14,14,35,10,55,38,38,38,38,38],"items_purged":["Regret","Defend_G"],"gold":125,"score":290,"play_id":"d1e39f60-e481-442e-95c2-15b85345f511","is_prod":false,"is_daily":false,"is_ascension_mode":true,"campfire_upgraded":1,"path_taken":["M","?","?","$","?","R","E","M","T","R","E","M","E","M","R","BOSS","M","$","?","?","?","E"],"build_version":"2018-02-22-PROD2","purchased_purges":2,"victory":false,"master_deck":["Defend_G+1","Defend_G+1","Defend_G+1","Defend_G+1","Strike_G+1","Strike_G+1","Strike_G+1","Survivor","Neutralize+1","Cloak And Dagger+1","Backflip","Dagger Spray","Predator","Burst","Terror","PiercingWail"],"max_hp_per_floor":[70,70,70,70,70,70,70,70,70,70,70,70,70,70,70,70,70,70,70,70,70,70],"relics":["Ring of the Snake","Snake Skull","Art of War","Orichalcum","Bronze Scales","Lantern","Question Card"],"card_choices":[{"not_picked":["Reflex","Deadly Poison"],"picked":"Cloak And Dagger"},{"not_picked":["Riddle With Holes","Distraction"],"picked":"Dagger Spray"},{"not_picked":["Masterful Stab","Expertise"],"picked":"Predator"},{"not_picked":["Unload","Glass Knife"],"picked":"Burst"},{"not_picked":["Blade Dance","Expertise","Dagger Throw"],"picked":"PiercingWail"}],"player_experience":304457,"potions_floor_usage":[13,13,16,16,16],"damage_taken":[{"damage":1,"enemies":"Jaw Worm","floor":1,"turns":7},{"damage":50,"enemies":"Gremlin Nob","floor":7,"turns":7},{"damage":0,"enemies":"Cultist","floor":8,"turns":4},{"damage":8,"enemies":"3 Sentries","floor":11,"turns":10},{"damage":3,"enemies":"Small Slimes","floor":12,"turns":3},{"damage":8,"enemies":"Gremlin Nob","floor":13,"turns":3},{"damage":0,"enemies":"Blue Slaver","floor":14,"turns":3},{"damage":40,"enemies":"Slime Boss","floor":16,"turns":11},{"damage":17,"enemies":"2 Thieves","floor":18,"turns":5},{"damage":0,"enemies":"3 Byrds","floor":21,"turns":4},{"damage":49,"enemies":"Gremlin Leader","floor":23,"turns":8}],"event_choices":[{"event_name":"Transmorgrifier","player_choice":"Transform","floor":2,"damage_taken":0},{"event_name":"Big Fish","player_choice":"Box","floor":3,"damage_taken":0},{"event_name":"Living Wall","player_choice":"Grow","floor":5,"damage_taken":0},{"event_name":"Back to Basics","player_choice":"Simplicity","floor":20,"damage_taken":0},{"event_name":"Vampires","player_choice":"Ignored","floor":22,"damage_taken":0}],"boss_relics":[{"not_picked":["Pandora\u0027s Box","Astrolabe"],"picked":"Question Card"}],"potions_floor_spawned":[1,8,11,13,14,16],"seed_played":"-3615848453697135151","killed_by":"Gremlin Leader","ascension_level":8,"is_trial":false}