{"gold_per_floor":[118,39,39,49,49,49,81,81,81,138,151,151,326,361,361,460,460,480,480,490,490,505,531,531,298,344,344,120,151,151,169,169,269,269,279,160,160,160,174,191,217,217,217,0,0,18,53,53,53,53],"floor_reached":51,"playtime":3683,"items_purged":["Pain","Shame"],"score":847,"play_id":"9ee71f18-7706-4cb4-a305-69d83edc9a2b","local_time":"20190107211043","is_ascension_mode":false,"campfire_choices":[{"data":"Poisoned Stab","floor":6.0,"key":"SMITH"},{"floor":12.0,"key":"REST"},{"floor":15.0,"key":"REST"},{"data":"Adrenaline","floor":24.0,"key":"SMITH"},{"data":"After Image","floor":32.0,"key":"SMITH"},{"data":"Finisher","floor":42.0,"key":"SMITH"},{"data":"Footwork","floor":49,"key":"SMITH"}],"neow_cost":"PERCENT_DAMAGE","seed_source_timestamp":0,"circlet_count":0,"master_deck":["Defend_G","Defend_G","Defend_G","Survivor","Neutralize","Infinite Blades","Footwork","Poisoned Stab+1","Adrenaline+1","PiercingWail+1","Quick Slash","Adrenaline+1","Backflip+1","Bite","Bite","Bite","Bite","Bullet Time+1","Reflex+1","Prepared+1","After Image+1","Finisher+1","Terror+1","Footwork+1","Prepared+1","Predator","Venomology+1","Corpse Explosion+1","Deadly Poison+1","Madness+1","Forethought+1","Good Instincts+1","Apotheosis+1","Acrobatics+1","Acrobatics+1","Backflip+1","Corpse Explosion+1"],"special_seed":0,"relics":["Ring of the Snake","Omamori","Toxic Egg 2","Vajra","Incense Burner","Strawberry","Calling Bell","Boot","Kunai","Gambling Chip","Unceasing Top","Pear","Regal Pillow","Shuriken","Runic Pyramid","Anchor","Centennial Puzzle","Red Mask","Pantograph"],"potions_floor_usage":[47,50,50],"damage_taken":[{"damage":0.0,"enemies":"Cultist","floor":1.0,"turns":5.0},{"damage":0.0,"enemies":"Small Slimes","floor":4.0,"turns":6.0},{"damage":23.0,"enemies":"Gremlin Nob","floor":7.0,"turns":5.0},{"damage":9.0,"enemies":"Gremlin Nob","floor":10.0,"turns":4.0},{"damage":0.0,"enemies":"2 Louse","floor":11.0,"turns":3.0},{"damage":13.0,"enemies":"Lagavulin","floor":14.0,"turns":4.0},{"damage":16.0,"enemies":"Slime Boss","floor":16.0,"turns":13.0},{"damage":23.0,"enemies":"3 Byrds","floor":18.0,"turns":5.0},{"damage":3.0,"enemies":"Chosen","floor":20.0,"turns":5.0},{"damage":6.0,"enemies":"Snake Plant","floor":22.0,"turns":4.0},{"damage":33.0,"enemies":"Book of Stabbing","floor":23.0,"turns":6.0},{"damage":29.0,"enemies":"Slavers","floor":29.0,"turns":5.0},{"damage":1.0,"enemies":"Snecko","floor":31.0,"turns":4.0},{"damage":33.0,"enemies":"Automaton","floor":33.0,"turns":10.0},{"damage":0.0,"enemies":"Orb Walker","floor":35.0,"turns":3.0},{"damage":5.0,"enemies":"3 Shapes","floor":39.0,"turns":3.0},{"damage":2.0,"enemies":"Transient","floor":40.0,"turns":5.0},{"damage":19.0,"enemies":"Nemesis","floor":41.0,"turns":5.0},{"damage":1.0,"enemies":"Jaw Worm Horde","floor":46.0,"turns":3.0},{"damage":0,"enemies":"Giant Head","floor":47,"turns":7},{"damage":0,"enemies":"Donu and Deca","floor":50,"turns":6}],"seed_played":"6892726168733208286","potions_obtained":[{"floor":4.0,"key":"Ancient Potion"},{"floor":10.0,"key":"Poison Potion"},{"floor":11.0,"key":"Swift Potion"},{"floor":23.0,"key":"SkillPotion"},{"floor":29.0,"key":"Fire Potion"},{"floor":33.0,"key":"GhostInAJar"},{"floor":46,"key":"SkillPotion"}],"is_trial":false,"path_per_floor":["M","$","?","M","$","R","E","?","T","?","M","R","?","E","R","B",null,"M","?","M","?","M","E","R","$","T","?","$","E","?","M","R","B",null,"M","$","?","?","M","M","E","R","T","?","$","M","E","?","R","B",null],"character_chosen":"THE_SILENT","items_purchased":["Footwork","After Image","Footwork","Prepared+1","Deadly Poison+1","Madness+1"],"campfire_rested":2,"item_purchase_floors":[2,25,28,28,36,36],"current_hp_per_floor":[49,49,42,42,42,42,19,12,12,3,3,24,24,18,41,25,77,54,53,52,52,53,32,32,32,32,32,32,17,17,22,22,5,63,63,63,53,53,54,63,50,50,50,50,50,58,63,63,63,63],"gold":53,"neow_bonus":"TRANSFORM_TWO_CARDS","is_prod":false,"is_daily":false,"chose_seed":false,"campfire_upgraded":5,"win_rate":0.0,"timestamp":1546913443,"path_taken":["M","?","?","M","$","R","E","?","T","?","M","R","?","E","R","BOSS","M","?","M","?","M","E","R","$","T","?","$","E","?","M","R","BOSS","M","$","?","?","M","M","E","R","T","?","$","M","E","?","R","BOSS"],"build_version":"2019-01-03v4","purchased_purges":2,"victory":true,"max_hp_per_floor":[70,70,70,70,70,70,70,70,70,70,70,70,70,77,77,77,77,77,53,53,53,53,63,63,63,63,63,63,63,63,63,63,63,63,63,63,63,63,63,63,63,63,63,63,63,63,63,63,63,63],"card_choices":[{"not_picked":["Deflect","Dagger Spray"],"picked":"Infinite Blades","floor":1.0},{"not_picked":["PiercingWail","Eviscerate"],"picked":"Poisoned Stab","floor":4.0},{"not_picked":["Flechettes","Poisoned Stab"],"picked":"Adrenaline","floor":7.0},{"not_picked":["Finisher","Quick Slash"],"picked":"PiercingWail+1","floor":10.0},{"not_picked":["Outmaneuver+1","Heel Hook"],"picked":"Bane","floor":11.0},{"not_picked":["Choke","Skewer"],"picked":"Quick Slash","floor":14.0},{"not_picked":["Night Terror+1","Glass Knife"],"picked":"Adrenaline+1","floor":16.0},{"not_picked":["Crippling Poison+1","Deadly Poison+1"],"picked":"Backflip+1","floor":18.0},{"not_picked":["Dodge and Roll+1","Flying Knee"],"picked":"Bullet Time+1","floor":20.0},{"not_picked":["Poisoned Stab","Quick Slash+1"],"picked":"Reflex+1","floor":22.0},{"not_picked":["Poisoned Stab","Dodge and Roll+1"],"picked":"Prepared+1","floor":23.0},{"not_picked":["Poisoned Stab","Slice"],"picked":"Predator","floor":29.0},{"not_picked":["Deadly Poison+1","Dagger Throw"],"picked":"Venomology+1","floor":31.0},{"not_picked":["Tools of the Trade","Adrenaline+1"],"picked":"Corpse Explosion+1","floor":33.0},{"not_picked":["Bane","Masterful Stab","Well Laid Plans+1"],"picked":"SKIP","floor":35.0},{"not_picked":["Magnetism","Panacea+1"],"picked":"Forethought+1","floor":37.0},{"not_picked":["Magnetism","Enlightenment+1"],"picked":"Good Instincts+1","floor":37.0},{"not_picked":["Flash of Steel","Blind+1"],"picked":"Apotheosis+1","floor":37.0},{"not_picked":["Outmaneuver+1","Masterful Stab+1"],"picked":"Acrobatics+1","floor":39.0},{"not_picked":["Flying Knee","Sucker Punch+1"],"picked":"Acrobatics+1","floor":40.0},{"not_picked":["Dodge and Roll+1","Expertise+1"],"picked":"Backflip+1","floor":41.0},{"not_picked":["Backflip+1","Dash"],"picked":"Corpse Explosion+1","floor":46},{"not_picked":["Predator","Slice+1","Bane+1"],"picked":"SKIP","floor":47}],"player_experience":22202,"relics_obtained":[{"floor":7.0,"key":"Omamori"},{"floor":9.0,"key":"Vajra"},{"floor":10.0,"key":"Incense Burner"},{"floor":14.0,"key":"Strawberry"},{"floor":17.0,"key":"Boot"},{"floor":17.0,"key":"Kunai"},{"floor":17.0,"key":"Gambling Chip"},{"floor":23.0,"key":"Pear"},{"floor":26.0,"key":"Regal Pillow"},{"floor":29.0,"key":"Shuriken"},{"floor":41.0,"key":"Anchor"},{"floor":43.0,"key":"Centennial Puzzle"},{"floor":47,"key":"Pantograph"}],"event_choices":[{"cards_removed":["Defend_G"],"damage_healed":0.0,"max_hp_gain":0.0,"max_hp_loss":0.0,"gold_gain":0.0,"event_name":"Golden Wing","player_choice":"Card Removal","floor":3.0,"gold_loss":0.0,"damage_taken":7.0},{"damage_healed":0.0,"max_hp_gain":0.0,"max_hp_loss":0.0,"gold_gain":0.0,"event_name":"Scrap Ooze","player_choice":"Success","floor":8.0,"gold_loss":0.0,"damage_taken":7.0,"relics_obtained":["Toxic Egg 2"]},{"damage_healed":0.0,"max_hp_gain":0.0,"max_hp_loss":0.0,"gold_gain":0.0,"event_name":"Dead Adventurer","player_choice":"Searched \u00271\u0027 times","floor":10.0,"gold_loss":0.0,"damage_taken":0.0},{"damage_healed":0.0,"max_hp_gain":0.0,"max_hp_loss":0.0,"gold_gain":175.0,"event_name":"Liars Game","player_choice":"AGREE","floor":13.0,"gold_loss":0.0,"damage_taken":0.0,"cards_obtained":["Doubt"]},{"damage_healed":0.0,"max_hp_gain":0.0,"max_hp_loss":24.0,"gold_gain":0.0,"event_name":"Vampires","player_choice":"Became a vampire","floor":19.0,"gold_loss":0.0,"damage_taken":0.0,"cards_obtained":["Bite","Bite","Bite","Bite","Bite"]},{"damage_healed":0.0,"max_hp_gain":0.0,"max_hp_loss":0.0,"gold_gain":0.0,"event_name":"The Mausoleum","player_choice":"Opened","floor":21.0,"gold_loss":0.0,"damage_taken":0.0,"relics_obtained":["Unceasing Top"]},{"damage_healed":0.0,"max_hp_gain":0.0,"max_hp_loss":0.0,"gold_gain":0.0,"cards_transformed":["Outmaneuver","Deflect"],"event_name":"Drug Dealer","player_choice":"Became Test Subject","floor":27.0,"gold_loss":0.0,"damage_taken":0.0,"cards_obtained":["Finisher","Terror"]},{"cards_removed":["Bite"],"damage_healed":0.0,"max_hp_gain":0.0,"max_hp_loss":0.0,"gold_gain":0.0,"event_name":"Back to Basics","player_choice":"Elegance","floor":30.0,"gold_loss":0.0,"damage_taken":0.0},{"damage_healed":0.0,"max_hp_gain":0.0,"max_hp_loss":0.0,"gold_gain":0.0,"event_name":"SensoryStone","player_choice":"Memory 3","floor":37.0,"gold_loss":0.0,"damage_taken":10.0},{"cards_removed":["Bane"],"damage_healed":0.0,"max_hp_gain":0.0,"max_hp_loss":0.0,"gold_gain":0.0,"event_name":"Falling","player_choice":"Removed Attack","floor":38.0,"gold_loss":0.0,"damage_taken":0.0},{"damage_healed":0.0,"max_hp_gain":0.0,"max_hp_loss":0.0,"gold_gain":0.0,"event_name":"Tomb of Lord Red Mask","player_choice":"Paid","floor":44.0,"gold_loss":217.0,"damage_taken":0.0,"relics_obtained":["Red Mask"]},{"damage_healed":0,"gold_gain":0,"player_choice":"Ignored","damage_taken":0,"max_hp_gain":0,"max_hp_loss":0,"event_name":"SecretPortal","floor":48,"gold_loss":0}],"is_beta":false,"boss_relics":[{"not_picked":["Lizard Tail","Velvet Choker"],"picked":"Calling Bell"},{"not_picked":["HoveringKite","Empty Cage"],"picked":"Runic Pyramid"}],"items_purged_floors":[25,28],"is_endless":false,"potions_floor_spawned":[4,10,11,23,29,33,39,46],"ascension_level":0}