{"gold_per_floor":[112,131,131,148,73,73,84,12,39,39,39,51,62,80,80,183,183,201,211,211,222,122,122,137,137,137,155,155],"floor_reached":28,"playtime":1841,"items_purged":["Strike_G","Strike_G"],"score":246,"play_id":"9783c332-a14f-42c0-80a8-4898f618c4e6","local_time":"20181017232541","is_ascension_mode":true,"campfire_choices":[{"data":"Neutralize","floor":6,"key":"SMITH"},{"data":"Cloak And Dagger","floor":11,"key":"SMITH"},{"floor":15,"key":"REST"},{"floor":23,"key":"REST"},{"data":"Dagger Spray","floor":25,"key":"SMITH"}],"neow_cost":"","seed_source_timestamp":1300692965429,"circlet_count":0,"master_deck":["Defend_G","Defend_G","Defend_G","Defend_G","Defend_G","Strike_G","Strike_G","Strike_G","Survivor","Neutralize+1","Dagger Throw","Cloak And Dagger+1","Quick Slash","Deflect","Accuracy","Blur","Unload","Flying Knee","Unload","Backstab","Dagger Spray+1","Flying Knee","Blade Dance","Blur"],"relics":["Ring of the Snake","Pen Nib","Potion Belt","Boot","Velvet Choker","Nilry\u0027s Codex","Bottled Lightning"],"potions_floor_usage":[16,16,24,27,28],"damage_taken":[{"damage":10,"enemies":"Cultist","floor":1,"turns":6},{"damage":1,"enemies":"Jaw Worm","floor":2,"turns":4},{"damage":4,"enemies":"Small Slimes","floor":4,"turns":3},{"damage":6,"enemies":"2 Fungi Beasts","floor":7,"turns":3},{"damage":8,"enemies":"Gremlin Gang","floor":12,"turns":5},{"damage":0,"enemies":"Blue Slaver","floor":13,"turns":3},{"damage":3,"enemies":"2 Fungi Beasts","floor":14,"turns":3},{"damage":54,"enemies":"Slime Boss","floor":16,"turns":11},{"damage":15,"enemies":"Spheric Guardian","floor":18,"turns":4},{"damage":7,"enemies":"Chosen","floor":19,"turns":3},{"damage":11,"enemies":"Snake Plant","floor":21,"turns":4},{"damage":9,"enemies":"Centurion and Healer","floor":24,"turns":4},{"damage":17,"enemies":"Snecko","floor":27,"turns":5},{"damage":19,"enemies":"Sentry and Sphere","floor":28,"turns":5}],"seed_played":"684481969757571102","potions_obtained":[{"floor":1,"key":"Fire Potion"},{"floor":7,"key":"Regen Potion"},{"floor":13,"key":"GhostInAJar"},{"floor":21,"key":"Fire Potion"},{"floor":27,"key":"PowerPotion"}],"is_trial":false,"path_per_floor":["M","M","?","M","$","R","M","$","T","?","R","M","M","M","R","B",null,"M","M","?","M","$","R","M","R","T","M"],"character_chosen":"THE_SILENT","items_purchased":["Accuracy"],"campfire_rested":2,"item_purchase_floors":[8],"current_hp_per_floor":[60,59,47,43,43,43,37,37,37,37,37,29,29,26,47,8,70,55,48,32,21,21,42,33,33,33,16,0],"gold":155,"neow_bonus":"","is_prod":false,"is_daily":false,"chose_seed":false,"campfire_upgraded":3,"win_rate":0,"timestamp":1539843941,"path_taken":["M","?","?","M","$","R","M","?","T","?","R","M","?","M","R","BOSS","M","M","?","?","$","R","M","R","T","M","M"],"build_version":"2018-10-11","purchased_purges":2,"victory":false,"max_hp_per_floor":[70,70,70,70,70,70,70,70,70,70,70,70,70,70,70,70,70,70,70,70,70,70,70,70,70,70,70,70],"card_choices":[{"not_picked":["Reflex","Leg Sweep"],"picked":"Dagger Throw","floor":1},{"not_picked":["Poisoned Stab","Acrobatics"],"picked":"Cloak And Dagger","floor":2},{"not_picked":["Prepared","Dodge and Roll"],"picked":"Quick Slash","floor":4},{"not_picked":["Backflip","Slice"],"picked":"Deflect","floor":7},{"not_picked":["Prepared","Sucker Punch"],"picked":"Blur","floor":12},{"not_picked":["Dagger Throw","All Out Attack"],"picked":"Unload","floor":13},{"not_picked":["Choke","Riddle With Holes"],"picked":"Flying Knee","floor":14},{"not_picked":["Storm of Steel","Corpse Explosion"],"picked":"Unload","floor":16},{"not_picked":["Dagger Throw","Quick Slash"],"picked":"Backstab","floor":18},{"not_picked":["Underhanded Strike","Slice"],"picked":"Dagger Spray","floor":19},{"not_picked":["Eviscerate","Dagger Spray"],"picked":"Flying Knee","floor":21},{"not_picked":["Poisoned Stab","Deadly Poison"],"picked":"Blade Dance","floor":24},{"not_picked":["Dodge and Roll","Acrobatics"],"picked":"Blur","floor":27}],"player_experience":174735,"relics_obtained":[{"floor":9,"key":"Potion Belt"},{"floor":20,"key":"Nilry\u0027s Codex"},{"floor":26,"key":"Bottled Lightning"}],"event_choices":[{"event_name":"Scrap Ooze","player_choice":"success","floor":3,"damage_taken":12},{"event_name":"Dead Adventurer","player_choice":"Searched \u00272\u0027 times","floor":10,"damage_taken":0},{"event_name":"Cursed Tome","player_choice":"Obtained Book","floor":20,"damage_taken":0}],"is_beta":false,"boss_relics":[{"not_picked":["Philosopher\u0027s Stone","Runic Pyramid"],"picked":"Velvet Choker"}],"items_purged_floors":[5,22],"is_endless":false,"potions_floor_spawned":[1,7,13,21,27],"killed_by":"Sentry and Sphere","ascension_level":3}