{"path_per_floor":["M","$","M","M","$","R","E","M","T","?","M","?","$","M","R","B",null,"M","$","M","?","?","R","E","M","T","E","T","R","?","M","R","B",null,"M","?","M","M","M","R","E"],"character_chosen":"THE_SILENT","items_purchased":[],"gold_per_floor":[114,39,59,78,78,78,112,126,126,126,146,146,46,60,60,160,160,160,35,35,35,35,35,35,35,35,35,35,35,35,35,35,35,35,35,35,35,35,35,35,35],"floor_reached":42,"campfire_rested":4,"playtime":3205,"current_hp_per_floor":[57,57,57,55,55,55,11,9,9,9,5,5,5,5,26,2,53,59,59,53,53,53,53,50,42,42,6,6,27,27,32,53,1,53,30,30,30,4,4,25,15],"items_purged":["Defend_G","Strike_G","Strike_G"],"gold":35,"score":606,"play_id":"e1964eb7-3bb5-4f63-bc32-4db9becccbfb","is_prod":false,"is_daily":false,"is_ascension_mode":true,"campfire_upgraded":2,"path_taken":["M","$","?","M","$","R","E","M","T","?","M","?","?","M","R","BOSS","M","?","M","?","?","R","E","M","T","E","?","R","?","M","R","BOSS","M","?","?","M","?","R","E","?"],"build_version":"2018-02-22-PROD2","purchased_purges":3,"victory":false,"master_deck":["Defend_G","Defend_G","Defend_G","Strike_G","Strike_G","Survivor","Neutralize+1","Footwork+1","Sucker Punch","Flying Knee","Escape Plan","Deflect","Die Die Die","Backstab","PiercingWail","Skewer+1","Malaise+1","Terror+1","Flying Knee+1","Envenom","Cloak And Dagger+1","Noxious Fumes+1","Backflip+1"],"max_hp_per_floor":[70,70,70,70,70,70,70,70,70,70,70,70,70,70,70,70,70,70,70,70,70,70,70,70,70,70,70,70,70,70,70,70,70,70,70,70,70,70,70,70,72],"relics":["Ring of the Snake","Omamori","Pantograph","Girya","Ectoplasm","Dodecahedron","Lantern","Bronze Scales","Art of War","Lizard Tail","Singing Bowl"],"card_choices":[{"not_picked":["Leg Sweep","Deflect"],"picked":"Footwork"},{"not_picked":["Deflect","Wraith Form"],"picked":"Sucker Punch"},{"not_picked":["Bouncing Flask","Underhanded Strike"],"picked":"Flying Knee"},{"not_picked":["Grand Finale","Well Laid Plans"],"picked":"Escape Plan"},{"not_picked":["Riddle With Holes","Poisoned Stab"],"picked":"Deflect"},{"not_picked":["Terror","Prepared"],"picked":"Die Die Die"},{"not_picked":["All Out Attack","Flying Knee"],"picked":"Backstab"},{"not_picked":["Dagger Throw","Finisher"],"picked":"PiercingWail"},{"not_picked":["Accuracy","Flying Knee"],"picked":"Skewer"},{"not_picked":["Catalyst","Finisher"],"picked":"Malaise"},{"not_picked":["Well Laid Plans","Poisoned Stab"],"picked":"Infinite Blades"},{"not_picked":["Noxious Fumes","Masterful Stab"],"picked":"Terror"},{"not_picked":["Calculated Gamble","Choke"],"picked":"Flying Knee"},{"not_picked":["After Image","Grand Finale"],"picked":"Envenom"},{"not_picked":["Outmaneuver","Deadly Poison"],"picked":"Cloak And Dagger"},{"not_picked":["Acrobatics","Flying Knee"],"picked":"Noxious Fumes"},{"not_picked":["Dash","Flying Knee"],"picked":"Backflip"}],"player_experience":338194,"potions_floor_usage":[18,24,24,24,31,38,38,39],"damage_taken":[{"damage":6.0,"enemies":"Cultist","floor":1.0,"turns":5.0},{"damage":0.0,"enemies":"2 Louse","floor":3.0,"turns":3.0},{"damage":2.0,"enemies":"Jaw Worm","floor":4.0,"turns":5.0},{"damage":44.0,"enemies":"Gremlin Nob","floor":7.0,"turns":6.0},{"damage":2.0,"enemies":"Blue Slaver","floor":8.0,"turns":5.0},{"damage":4.0,"enemies":"3 Louse","floor":11.0,"turns":4.0},{"damage":0.0,"enemies":"Large Slime","floor":14.0,"turns":6.0},{"damage":49.0,"enemies":"The Guardian","floor":16.0,"turns":27.0},{"damage":9,"enemies":"Shell Parasite","floor":18,"turns":7},{"damage":6,"enemies":"3 Byrds","floor":20,"turns":11},{"damage":3,"enemies":"Book of Stabbing","floor":24,"turns":6},{"damage":8,"enemies":"Snecko","floor":25,"turns":6},{"damage":36,"enemies":"Gremlin Leader","floor":27,"turns":12},{"damage":1,"enemies":"Centurion and Healer","floor":31,"turns":4},{"damage":69,"enemies":"Collector","floor":33,"turns":10},{"damage":23,"enemies":"3 Shapes","floor":35,"turns":6},{"damage":0,"enemies":"Orb Walker","floor":37,"turns":2},{"damage":26,"enemies":"Sphere and 2 Shapes","floor":38,"turns":6},{"damage":0,"enemies":"4 Shapes","floor":39,"turns":7},{"damage":49,"enemies":"Nemesis","floor":41,"turns":9},{"damage":23,"enemies":"3 Darklings","floor":42,"turns":1}],"event_choices":[{"event_name":"Liars Game","player_choice":"disagreed","floor":10.0,"damage_taken":0.0},{"event_name":"Living Wall","player_choice":"Forget","floor":12.0,"damage_taken":0.0},{"event_name":"Purifier","player_choice":"One Purge","floor":21,"damage_taken":0},{"event_name":"Golden Shrine","player_choice":"Pray","floor":22,"damage_taken":0},{"event_name":"Accursed Blacksmith","player_choice":"Forge","floor":30,"damage_taken":0}],"boss_relics":[{"not_picked":["Astrolabe","Runic Dome"],"picked":"Ectoplasm"},{"not_picked":["Velvet Choker","Question Card"],"picked":"Lizard Tail"}],"potions_floor_spawned":[1,7,11,14,16,18,20,27,33,37,38],"seed_played":"4586104983177989370","killed_by":"3 Darklings","ascension_level":9,"is_trial":false}