{"gold_per_floor":[361,216,230,230,244,244,275,275,275,301,301],"floor_reached":11,"playtime":316,"items_purged":["Strike_B"],"score":101,"play_id":"f3add90f-9118-4d18-9526-bc39fbc8087f","local_time":"20190105220846","is_ascension_mode":true,"campfire_choices":[{"data":"Static Discharge","floor":6,"key":"SMITH"},{"floor":8,"key":"REST"}],"neow_cost":"PERCENT_DAMAGE","seed_source_timestamp":38893058709755,"circlet_count":0,"master_deck":["Strike_B","Strike_B","Strike_B","Defend_B","Defend_B","Defend_B","Zap","Dualcast","Static Discharge+1","Rebound","Sweeping Beam","Auto Shields"],"relics":["Cracked Core","Gambling Chip","Peace Pipe","Sundial"],"potions_floor_usage":[7],"damage_taken":[{"damage":0,"enemies":"Small Slimes","floor":1,"turns":3},{"damage":6,"enemies":"Cultist","floor":3,"turns":3},{"damage":12,"enemies":"Jaw Worm","floor":5,"turns":2},{"damage":18,"enemies":"Lagavulin","floor":7,"turns":5},{"damage":35,"enemies":"3 Sentries","floor":10,"turns":4},{"damage":7,"enemies":"Lots of Slimes","floor":11,"turns":1}],"seed_played":"-7789402984097906164","potions_obtained":[{"floor":5,"key":"EssenceOfSteel"},{"floor":10,"key":"SkillPotion"}],"is_trial":false,"path_per_floor":["M","$","M","?","M","R","E","R","T","E","M"],"character_chosen":"DEFECT","items_purchased":["Static Discharge"],"campfire_rested":1,"item_purchase_floors":[2],"current_hp_per_floor":[54,54,48,48,36,36,18,40,40,5,0],"gold":301,"neow_bonus":"TWO_FIFTY_GOLD","is_prod":false,"is_daily":false,"chose_seed":false,"campfire_upgraded":1,"win_rate":0,"timestamp":1546733326,"path_taken":["M","$","M","?","?","R","E","R","T","E","M"],"build_version":"2019-01-03v4","purchased_purges":1,"victory":false,"max_hp_per_floor":[75,75,75,75,75,75,75,75,75,75,75],"card_choices":[{"not_picked":["Leap","Redo","Barrage"],"picked":"SKIP","floor":1},{"not_picked":["Aggregate","Compile Driver"],"picked":"Rebound","floor":3},{"not_picked":["Reprogram","Blizzard","Darkness"],"picked":"SKIP","floor":5},{"not_picked":["Steam","Reprogram"],"picked":"Sweeping Beam","floor":7},{"not_picked":["Chaos","Go for the Eyes"],"picked":"Auto Shields","floor":10}],"player_experience":895426,"relics_obtained":[{"floor":7,"key":"Gambling Chip"},{"floor":9,"key":"Peace Pipe"},{"floor":10,"key":"Sundial"}],"event_choices":[{"cards_removed":["Defend_B"],"damage_healed":0,"gold_gain":0,"player_choice":"Offered Basic","damage_taken":0,"max_hp_gain":0,"max_hp_loss":0,"event_name":"Bonfire Elementals","floor":4,"gold_loss":0}],"is_beta":true,"boss_relics":[],"items_purged_floors":[2],"is_endless":false,"potions_floor_spawned":[5,10],"killed_by":"Lots of Slimes","ascension_level":5}