{"gold_per_floor":[117,15,28,28,44,44,64,74,74,74,74,74,86,97,97,199,199,213,40,51,67,67,96,96,113,140,140,140,154,154,226,226,330,330,349,15,15,315,332,332,346,119,119,136,136,154,0,0,0,0],"floor_reached":50,"playtime":3708,"items_purged":["Strike_G","Regret","Regret","Decay"],"score":679,"play_id":"f87cbfa0-3d48-4d42-ad4b-9eb2ad0bd409","local_time":"20180720191517","is_ascension_mode":false,"campfire_choices":[{"data":"Infinite Blades","floor":6,"key":"SMITH"},{"data":"1","floor":12,"key":"LIFT"},{"data":"2","floor":15,"key":"LIFT"},{"data":"3","floor":27,"key":"LIFT"},{"data":"Dash","floor":30,"key":"SMITH"},{"floor":32,"key":"REST"},{"data":"Predator","floor":40,"key":"SMITH"},{"data":"Dagger Spray","floor":45,"key":"SMITH"},{"floor":49,"key":"REST"}],"neow_cost":"","seed_source_timestamp":15966287855426,"circlet_count":0,"master_deck":["Defend_G+1","Defend_G","Defend_G","Defend_G+1","Defend_G","Strike_G","Strike_G","Strike_G","Strike_G","Survivor","Neutralize","Infinite Blades+1","Dagger Spray+1","Predator+1","Sucker Punch","Slice","Slice","Envenom","Adrenaline","Deadly Poison+1","Adrenaline","Flying Knee","Blade Dance","Dash+1","Infinite Blades+1","Blade Dance","Tools of the Trade+1","Caltrops+1","Sucker Punch+1","Predator+1","Quick Slash+1","Infinite Blades+1","Writhe","Finisher+1","Deadly Poison+1","Writhe"],"relics":["Ring of the Snake","Thread and Needle","Girya","Cursed Key","Tingsha","War Paint","Frozen Egg 2","White Beast Statue","TwistedFunnel","Old Coin","Potion Belt","Red Mask"],"potions_floor_usage":[35,38,39,46,46,50,50],"damage_taken":[{"damage":4,"enemies":"2 Louse","floor":1,"turns":3},{"damage":1,"enemies":"Small Slimes","floor":3,"turns":4},{"damage":3,"enemies":"Cultist","floor":5,"turns":3},{"damage":11,"enemies":"3 Louse","floor":7,"turns":3},{"damage":17,"enemies":"Lots of Slimes","floor":8,"turns":5},{"damage":0,"enemies":"Looter","floor":13,"turns":3},{"damage":11,"enemies":"3 Louse","floor":14,"turns":2},{"damage":6,"enemies":"Slime Boss","floor":16,"turns":8},{"damage":4,"enemies":"3 Byrds","floor":18,"turns":5},{"damage":7,"enemies":"2 Thieves","floor":20,"turns":3},{"damage":8,"enemies":"3 Cultists","floor":21,"turns":5},{"damage":12,"enemies":"Book of Stabbing","floor":23,"turns":4},{"damage":3,"enemies":"Snecko","floor":25,"turns":4},{"damage":14,"enemies":"Snake Plant","floor":29,"turns":4},{"damage":52,"enemies":"Automaton","floor":33,"turns":8},{"damage":2,"enemies":"Orb Walker","floor":35,"turns":2},{"damage":4,"floor":38,"turns":5},{"damage":15,"enemies":"3 Darklings","floor":39,"turns":3},{"damage":11,"enemies":"Maw","floor":41,"turns":7},{"damage":27,"enemies":"4 Shapes","floor":44,"turns":4},{"damage":0,"enemies":"3 Darklings","floor":46,"turns":3},{"damage":62,"enemies":"Donu and Deca","floor":50,"turns":7}],"seed_played":"2889128879831142144","potions_obtained":[{"floor":3,"key":"PowerPotion"},{"floor":13,"key":"Poison Potion"},{"floor":14,"key":"Fire Potion"},{"floor":16,"key":"FearPotion"},{"floor":33,"key":"GhostInAJar"},{"floor":35,"key":"Strength Potion"},{"floor":38,"key":"Fruit Juice"},{"floor":39,"key":"AttackPotion"},{"floor":41,"key":"Energy Potion"},{"floor":44,"key":"GhostInAJar"},{"floor":46,"key":"SkillPotion"}],"is_trial":false,"path_per_floor":["M","$","M","?","M","R","M","M","T","$","?","R","M","M","R","B",null,"M","$","M","M","?","E","?","M","T","R","?","M","R","T","R","B",null,"M","$","?","?","M","R","M","$","T","M","R","M","?","?","R"],"character_chosen":"THE_SILENT","items_purchased":["Dagger Spray","Adrenaline","TwistedFunnel","Infinite Blades+1"],"campfire_rested":2,"item_purchase_floors":[2,19,36,42],"current_hp_per_floor":[66,66,65,65,62,62,51,34,34,34,70,70,70,59,59,53,70,66,66,59,51,51,39,39,36,36,36,59,45,45,45,66,14,70,68,68,68,64,54,54,43,43,43,16,16,16,16,35,57,0],"gold":0,"neow_bonus":"","is_prod":false,"is_daily":false,"chose_seed":false,"campfire_upgraded":4,"win_rate":0.0,"timestamp":1532139317,"path_taken":["M","$","M","?","M","R","M","M","T","$","?","R","M","M","R","BOSS","M","$","M","M","?","E","?","M","T","R","?","M","R","?","R","BOSS","M","$","?","?","M","R","?","$","T","M","R","M","?","?","R","BOSS"],"build_version":"2018-07-19v2","purchased_purges":4,"victory":false,"max_hp_per_floor":[70,70,70,70,70,70,70,70,70,70,70,70,70,70,70,70,70,70,70,70,70,70,70,70,70,70,70,70,70,70,70,70,70,70,70,70,70,70,75,75,75,75,75,75,75,75,75,75,75,75],"card_choices":[{"not_picked":["Slice","Prepared"],"picked":"Infinite Blades","floor":1},{"not_picked":["Deadly Poison","Dagger Throw"],"picked":"Terror","floor":3},{"not_picked":["Leg Sweep","Underhanded Strike"],"picked":"Predator","floor":5},{"not_picked":["Reflex","Quick Slash"],"picked":"Sucker Punch","floor":7},{"not_picked":["Acrobatics","Quick Slash"],"picked":"Slice","floor":8},{"not_picked":["Deflect","Blur"],"picked":"Slice","floor":13},{"not_picked":["Underhanded Strike","Poisoned Stab"],"picked":"Envenom","floor":14},{"not_picked":["Night Terror","Glass Knife"],"picked":"Adrenaline","floor":16},{"not_picked":["Well Laid Plans","Poisoned Stab"],"picked":"Deadly Poison+1","floor":18},{"not_picked":["PiercingWail","Quick Slash"],"picked":"Flying Knee","floor":20},{"not_picked":["Footwork","Blur"],"picked":"Blade Dance","floor":21},{"not_picked":["Doppelganger","Acrobatics"],"picked":"Dash","floor":23},{"not_picked":["Dagger Spray","Tactician+1"],"picked":"Dash","floor":25},{"not_picked":["Eviscerate","PiercingWail"],"picked":"Blade Dance","floor":29},{"not_picked":["Unload","Burst"],"picked":"Tools of the Trade+1","floor":33},{"not_picked":["Slice","Well Laid Plans+1"],"picked":"Caltrops+1","floor":35},{"not_picked":["Flying Knee+1","Calculated Gamble+1"],"picked":"Sucker Punch+1","floor":38},{"not_picked":["Dodge and Roll","Calculated Gamble"],"picked":"Predator+1","floor":39},{"not_picked":["PiercingWail+1","Poisoned Stab"],"picked":"Quick Slash+1","floor":41},{"not_picked":["Night Terror","Acrobatics"],"picked":"Finisher+1","floor":44},{"not_picked":["Distraction","Sucker Punch+1"],"picked":"Deadly Poison+1","floor":46}],"player_experience":44020,"relics_obtained":[{"floor":9,"key":"Girya"},{"floor":23,"key":"Tingsha"},{"floor":26,"key":"War Paint"},{"floor":31,"key":"Frozen Egg 2"},{"floor":38,"key":"Old Coin"},{"floor":43,"key":"Potion Belt"}],"event_choices":[{"event_name":"Big Fish","player_choice":"Box","floor":4,"damage_taken":0},{"event_name":"Bonfire Elementals","player_choice":"UNCOMMON","floor":11,"damage_taken":0},{"event_name":"Drug Dealer","player_choice":"Ignored","floor":22,"damage_taken":0},{"event_name":"Duplicator","player_choice":"One dupe","floor":24,"damage_taken":0},{"event_name":"The Library","player_choice":"Heal","floor":28,"damage_taken":0},{"event_name":"Falling","player_choice":"Removed Attack","floor":37,"damage_taken":0},{"event_name":"MindBloom","player_choice":"Fight","floor":38,"damage_taken":0},{"event_name":"Tomb of Lord Red Mask","player_choice":"Paid","floor":47,"damage_taken":0},{"event_name":"Winding Halls","player_choice":"Writhe","floor":48,"damage_taken":0}],"is_beta":false,"boss_relics":[{"not_picked":["Orrery","Velvet Choker"],"picked":"Cursed Key"},{"not_picked":["Snecko Eye","Tiny House"],"picked":"White Beast Statue"}],"items_purged_floors":[2,19,36,42],"is_endless":false,"potions_floor_spawned":[3,13,14,16,21,29,33,35,38,39,41,44,46],"killed_by":"Donu and Deca","ascension_level":0}