{"path_per_floor":["M","M","?","M","?","R","?","M","T","?","R","$","M","?","R","B",null,"M","?"],"character_chosen":"THE_SILENT","items_purchased":["Molten Egg 2","Cloak And Dagger"],"gold_per_floor":[109,119,294,309,309,309,309,325,325,400,400,42,55,55,55,174,174,195,195],"floor_reached":20,"campfire_rested":1,"playtime":868,"current_hp_per_floor":[67,66,66,66,66,66,49,45,45,34,34,34,34,34,55,30,70,26,10],"items_purged":["Doubt"],"gold":195,"score":162,"play_id":"fbfdeee2-b4bc-44d0-9926-74e7b5b61402","is_prod":false,"is_daily":false,"is_ascension_mode":false,"campfire_upgraded":2,"path_taken":["M","M","?","?","?","R","?","M","T","?","R","$","M","?","R","BOSS","M","?","M"],"build_version":"2018-02-15-PROD1","purchased_purges":1,"victory":false,"master_deck":["Defend_G","Defend_G","Defend_G","Defend_G","Defend_G","Strike_G","Strike_G","Strike_G","Strike_G","Strike_G","Survivor","Neutralize+1","Acrobatics","Sucker Punch","Unload","Blade Dance+1","Quick Slash","Cloak And Dagger","Noxious Fumes","A Thousand Cuts","Cloak And Dagger","Flying Knee+1","Outmaneuver","Finisher+1","Escape Plan","Dagger Spray+1","Necronomicurse"],"max_hp_per_floor":[70,70,70,70,70,70,70,70,70,70,70,70,70,70,70,70,70,70,70],"relics":["Ring of the Snake","Prayer Wheel","Golden Idol","Frozen Eye","Molten Egg 2","Calipers","Orrery","Necronomicon"],"card_choices":[{"not_picked":["Skewer","Deflect"],"picked":"Acrobatics"},{"not_picked":["Deflect","Bane"],"picked":"Sucker Punch"},{"not_picked":["Dagger Throw","Prepared"],"picked":"Unload"},{"not_picked":["Cloak And Dagger","Eviscerate"],"picked":"Blade Dance"},{"not_picked":["Sucker Punch","Backflip"],"picked":"Quick Slash"},{"not_picked":["Flying Knee","Acrobatics"],"picked":"Noxious Fumes"},{"not_picked":["Unload","Wraith Form"],"picked":"A Thousand Cuts"},{"not_picked":["Deflect","PiercingWail"],"picked":"Cloak And Dagger"},{"not_picked":["Dagger Throw","Quick Slash"],"picked":"Flying Knee"},{"not_picked":["Masterful Stab","Concentrate"],"picked":"Outmaneuver"},{"not_picked":["Outmaneuver","Burst"],"picked":"Finisher"},{"not_picked":["Dagger Throw","Outmaneuver"],"picked":"Escape Plan"},{"not_picked":["Outmaneuver","Poisoned Stab"],"picked":"Dagger Spray"}],"player_experience":127670,"potions_floor_usage":[16,16,20],"damage_taken":[{"damage":3,"enemies":"2 Louse","floor":1,"turns":2},{"damage":1,"enemies":"Jaw Worm","floor":2,"turns":5},{"damage":0,"enemies":"Small Slimes","floor":4,"turns":6},{"damage":4,"enemies":"Blue Slaver","floor":8,"turns":6},{"damage":0,"enemies":"Red Slaver","floor":13,"turns":5},{"damage":25,"enemies":"Hexaghost","floor":16,"turns":12},{"damage":44,"enemies":"Shell Parasite","floor":18,"turns":7},{"damage":4,"enemies":"Spheric Guardian","floor":20,"turns":3}],"event_choices":[{"event_name":"Liars Game","player_choice":"agreed","floor":3,"damage_taken":0},{"event_name":"The Lab","player_choice":"Got Potions","floor":5,"damage_taken":0},{"event_name":"Golden Idol","player_choice":"Take Damage","floor":7,"damage_taken":0},{"event_name":"World of Goop","player_choice":"Gather Gold","floor":10,"damage_taken":0},{"event_name":"Dead Adventurer","player_choice":"Searched \u00271\u0027 times","floor":14,"damage_taken":0},{"event_name":"Cursed Tome","player_choice":"Obtained Book","floor":19,"damage_taken":0}],"boss_relics":[{"not_picked":["Eternal Feather","Pandora\u0027s Box"],"picked":"Orrery"}],"potions_floor_spawned":[1,4,13,18],"seed_played":"5080044912125830830","killed_by":"Spheric Guardian","ascension_level":0,"is_trial":false}