{"path_per_floor":["M","?","$","M","M","R","?","?","T","M","R","M","?","M","R","B",null,"M","M","?","?","?","R","M","?","T","?","E","M","R","T","R"],"character_chosen":"THE_SILENT","items_purchased":["Flash of Steel","Burst"],"gold_per_floor":[362,362,43,63,73,73,148,148,148,160,160,178,178,195,195,294,294,306,319,319,319,319,319,333,333,386,386,421,436,436,460,460],"floor_reached":33,"campfire_rested":2,"playtime":1096,"current_hp_per_floor":[57,44,44,39,39,39,28,43,43,43,43,43,36,32,50,4,63,63,56,56,56,56,56,56,56,56,56,37,21,21,21,39],"items_purged":["Strike_G"],"gold":460,"score":255,"play_id":"4b235b33-af60-4926-91d3-1e620103fca5","local_time":"20180321172817","is_prod":false,"is_daily":false,"is_ascension_mode":false,"campfire_upgraded":4,"timestamp":1521664097,"path_taken":["M","?","$","M","M","R","?","?","T","?","R","M","?","?","R","BOSS","M","M","?","?","?","R","?","?","T","?","E","M","R","?","R","BOSS"],"build_version":"2018-03-15v3","purchased_purges":1,"victory":false,"master_deck":["Survivor","Neutralize","Flash of Steel","Burst+1","Dagger Throw","Calculated Gamble+1","Heel Hook","Adrenaline+1","Flying Knee","Sucker Punch","Flying Knee","Setup+1","Crippling Poison","Poisoned Stab","Underhanded Strike","Finisher","Quick Slash","Concentrate+1","Writhe"],"max_hp_per_floor":[63,63,63,63,63,63,63,63,63,63,63,63,63,63,63,63,63,63,63,60,60,60,60,60,60,60,60,60,60,60,60,60],"relics":["Ring of the Snake","Tingsha","War Paint","Pandora\u0027s Box","Snake Skull","Anchor","Toxic Egg 2","Omamori"],"card_choices":[{"not_picked":["Dodge and Roll","PiercingWail"],"picked":"Dagger Throw"},{"not_picked":["Night Terror","Crippling Poison"],"picked":"Calculated Gamble"},{"not_picked":["Poisoned Stab","Bouncing Flask"],"picked":"Heel Hook"},{"not_picked":["A Thousand Cuts","Grand Finale"],"picked":"Adrenaline"}],"player_experience":630794,"potions_floor_usage":[14,16],"damage_taken":[{"damage":6,"enemies":"Jaw Worm","floor":1,"turns":5},{"damage":5,"enemies":"Small Slimes","floor":4,"turns":3},{"damage":0,"enemies":"2 Louse","floor":5,"turns":2},{"damage":0,"enemies":"Looter","floor":10,"turns":3},{"damage":0,"enemies":"2 Fungi Beasts","floor":12,"turns":2},{"damage":4,"enemies":"Exordium Thugs","floor":14,"turns":4},{"damage":46,"enemies":"Hexaghost","floor":16,"turns":13},{"damage":0,"enemies":"Chosen","floor":18,"turns":2},{"damage":7,"enemies":"Spheric Guardian","floor":19,"turns":3},{"damage":0,"enemies":"Snake Plant","floor":24,"turns":2},{"damage":19,"enemies":"Book of Stabbing","floor":28,"turns":4},{"damage":16,"enemies":"3 Cultists","floor":29,"turns":4},{"damage":41,"enemies":"Collector","floor":33,"turns":3}],"event_choices":[{"event_name":"Shining Light","player_choice":"Entered Light","floor":2,"damage_taken":0},{"event_name":"World of Goop","player_choice":"Gather Gold","floor":7,"damage_taken":0},{"event_name":"Mushrooms","player_choice":"Healed and dodged fight","floor":8,"damage_taken":0},{"event_name":"Scrap Ooze","player_choice":"success","floor":13,"damage_taken":7},{"event_name":"Back to Basics","player_choice":"Elegance","floor":20,"damage_taken":0},{"event_name":"Vampires","player_choice":"Ignored","floor":21,"damage_taken":0},{"event_name":"Accursed Blacksmith","player_choice":"Forge","floor":22,"damage_taken":0},{"event_name":"The Library","player_choice":"Read","floor":25,"damage_taken":0},{"event_name":"The Mausoleum","player_choice":"Yes","floor":27,"damage_taken":0}],"boss_relics":[{"not_picked":["Ectoplasm","Snecko Eye"],"picked":"Pandora\u0027s Box"}],"potions_floor_spawned":[1,14,16,18,24,28,29],"seed_played":"276203736344169707","killed_by":"Collector","ascension_level":0,"is_trial":false}