{"path_per_floor":["M","M","?","$","M","?","R","M","T","M","?","M","M","M","R","B",null,"M","?","M","?","T"],"character_chosen":"IRONCLAD","items_purchased":[],"gold_per_floor":[112,128,128,53,71,71,71,84,84,94,94,108,119,138,138,236,236,247,247,258,258,337],"floor_reached":23,"campfire_rested":0,"playtime":959,"current_hp_per_floor":[72,72,72,72,67,53,53,43,43,49,49,53,57,61,61,46,72,55,50,31,31,31],"items_purged":["Strike_R"],"gold":337,"score":211,"play_id":"f449f011-d2bd-4fdc-9a9a-2e0c424cc7f2","is_prod":false,"is_daily":false,"is_ascension_mode":false,"campfire_upgraded":2,"path_taken":["M","M","?","$","?","?","R","M","T","M","?","?","M","M","R","BOSS","M","?","?","?","?","E"],"build_version":"2018-02-15-PROD1","purchased_purges":1,"victory":false,"master_deck":["Defend_R","Defend_R","Defend_R+1","Defend_R","Bash","Body Slam+1","Shrug It Off+1","Hemokinesis+1","Shrug It Off","Iron Wave","Rampage+1","Bite","Bite","Bite","Bite","Flame Barrier"],"max_hp_per_floor":[72,72,72,72,72,72,72,72,72,72,72,72,72,72,72,72,72,72,50,50,50,50],"relics":["Burning Blood","Champion Belt","Calipers","Black Star","Bottled Flame"],"card_choices":[{"not_picked":["Wild Strike","Headbutt"],"picked":"Body Slam"},{"not_picked":["Thunderclap","Rampage"],"picked":"Shrug It Off"},{"not_picked":["Evolve","Feed"],"picked":"Shrug It Off"},{"not_picked":["Feel No Pain","Sword Boomerang"],"picked":"Iron Wave"},{"not_picked":["Flex","Disarm"],"picked":"Rampage"},{"not_picked":["Sword Boomerang","Headbutt"],"picked":"Flame Barrier"}],"player_experience":115838,"potions_floor_usage":[],"damage_taken":[{"damage":3,"enemies":"Small Slimes","floor":1,"turns":3},{"damage":1,"enemies":"Cultist","floor":2,"turns":4},{"damage":11,"enemies":"Jaw Worm","floor":5,"turns":5},{"damage":16,"enemies":"Lots of Slimes","floor":8,"turns":4},{"damage":0,"enemies":"2 Fungi Beasts","floor":10,"turns":4},{"damage":2,"enemies":"Exordium Wildlife","floor":12,"turns":4},{"damage":2,"enemies":"Large Slime","floor":13,"turns":4},{"damage":2,"enemies":"2 Fungi Beasts","floor":14,"turns":3},{"damage":21,"enemies":"The Guardian","floor":16,"turns":13},{"damage":23,"enemies":"Spheric Guardian","floor":18,"turns":6},{"damage":37,"enemies":"Shell Parasite","floor":20,"turns":9},{"damage":38,"enemies":"Gremlin Leader","floor":23,"turns":5}],"event_choices":[{"event_name":"Transmorgrifier","player_choice":"Transform","floor":3,"damage_taken":0},{"event_name":"Shining Light","player_choice":"Entered Light","floor":6,"damage_taken":0},{"event_name":"Upgrade Shrine","player_choice":"Upgraded","floor":11,"damage_taken":0},{"event_name":"Vampires","player_choice":"Became a vampire","floor":19,"damage_taken":0},{"event_name":"Bonfire Elementals","player_choice":"SPECIAL","floor":21,"damage_taken":0}],"boss_relics":[{"not_picked":["Black Blood","Philosopher\u0027s Stone"],"picked":"Black Star"}],"potions_floor_spawned":[5,12,16,18],"seed_played":"6236264514605718753","killed_by":"Gremlin Leader","ascension_level":0,"is_trial":false}