{"gold_per_floor":[112,112,123,134,148,176,176,204,231,231,66,83,83,100,100,100],"floor_reached":16,"playtime":594,"items_purged":[],"score":196,"play_id":"257c79bb-fe3a-449e-b842-21949c740407","local_time":"20190118170716","is_ascension_mode":true,"campfire_choices":[{"floor":7,"key":"REST"},{"floor":13,"key":"REST"},{"data":"Neutralize","floor":15,"key":"SMITH"}],"neow_cost":"NONE","seed_source_timestamp":25091516719436,"circlet_count":0,"master_deck":["AscendersBane","Defend_G","Defend_G","Defend_G","Defend_G","Defend_G","Strike_G","Strike_G","Strike_G","Strike_G","Strike_G","Survivor","Neutralize+1","Die Die Die+1","Cloak And Dagger","Dash","Choke","Leg Sweep","Sadistic Nature","Deadly Poison"],"relics":["Ring of the Snake","Blood Vial","Oddly Smooth Stone","Potion Belt"],"potions_floor_usage":[14,16],"damage_taken":[{"damage":0,"enemies":"2 Louse","floor":1,"turns":1},{"damage":0,"enemies":"Cultist","floor":3,"turns":3},{"damage":3,"enemies":"Jaw Worm","floor":4,"turns":5},{"damage":8,"enemies":"Exordium Wildlife","floor":5,"turns":3},{"damage":26,"enemies":"3 Sentries","floor":6,"turns":10},{"damage":38,"enemies":"Gremlin Nob","floor":8,"turns":5},{"damage":0,"enemies":"3 Louse","floor":12,"turns":3},{"damage":1,"enemies":"Lots of Slimes","floor":14,"turns":3},{"damage":33,"enemies":"Slime Boss","floor":16,"turns":7}],"seed_played":"3555872553044073600","potions_obtained":[{"floor":3,"key":"Swift Potion"},{"floor":4,"key":"Dexterity Potion"},{"floor":14,"key":"Energy Potion"}],"is_trial":false,"path_per_floor":["M","?","M","M","M","E","R","E","T","?","$","M","R","M","R","B"],"character_chosen":"THE_SILENT","items_purchased":["Sadistic Nature"],"campfire_rested":2,"item_purchase_floors":[11],"current_hp_per_floor":[59,59,59,56,48,22,41,5,5,5,5,7,26,27,27,0],"gold":100,"neow_bonus":"ONE_RANDOM_RARE_CARD","is_prod":false,"is_daily":false,"chose_seed":false,"campfire_upgraded":1,"win_rate":0,"timestamp":1547838436,"path_taken":["M","?","M","M","?","E","R","E","T","?","?","M","R","M","R","BOSS"],"build_version":"2019-01-16","purchased_purges":0,"victory":false,"max_hp_per_floor":[66,66,66,66,66,66,66,66,66,66,66,66,66,66,66,66],"card_choices":[{"not_picked":["Blade Dance","Prepared"],"picked":"Cloak And Dagger","floor":1},{"not_picked":["Quick Slash","Underhanded Strike","Blade Dance"],"picked":"SKIP","floor":3},{"not_picked":["PiercingWail","Dagger Spray"],"picked":"Dash","floor":4},{"not_picked":["Tactician","Caltrops"],"picked":"Choke","floor":5},{"not_picked":["Quick Slash","PiercingWail","Heel Hook"],"picked":"SKIP","floor":6},{"not_picked":["Underhanded Strike","Endless Agony"],"picked":"Leg Sweep","floor":8},{"not_picked":["Bane","Deflect","PiercingWail"],"picked":"SKIP","floor":12},{"not_picked":["Masterful Stab","All Out Attack"],"picked":"Deadly Poison","floor":14}],"player_experience":912521,"relics_obtained":[{"floor":6,"key":"Blood Vial"},{"floor":8,"key":"Oddly Smooth Stone"},{"floor":9,"key":"Potion Belt"}],"event_choices":[{"damage_healed":0,"gold_gain":0,"player_choice":"Upgraded","damage_taken":0,"max_hp_gain":0,"max_hp_loss":0,"event_name":"Upgrade Shrine","floor":2,"gold_loss":0,"cards_upgraded":["Die Die Die"]},{"damage_healed":0,"gold_gain":0,"player_choice":"Ignored","damage_taken":0,"max_hp_gain":0,"max_hp_loss":0,"event_name":"Golden Idol","floor":10,"gold_loss":0}],"is_beta":true,"boss_relics":[],"items_purged_floors":[],"is_endless":false,"potions_floor_spawned":[3,4,5,14],"killed_by":"Slime Boss","ascension_level":15}