{"path_per_floor":["M","M","$","M","$","E","?","R","T","?","E","M","M","M","R","B",null,"M","?","M","?","$","R","E","$","T","R","M","T","M","?","R"],"character_chosen":"IRONCLAD","items_purchased":["Dropkick"],"gold_per_floor":[113,123,48,64,64,90,90,90,90,149,179,196,212,231,231,333,333,351,351,333,333,211,211,240,190,258,258,278,327,345,260,260],"floor_reached":33,"campfire_rested":4,"playtime":701,"current_hp_per_floor":[80,75,75,62,62,47,35,59,59,32,19,25,25,26,50,31,80,55,55,40,40,40,64,37,37,37,37,21,21,7,7,31],"items_purged":["Defend_R","Defend_R","Defend_R"],"gold":260,"score":275,"play_id":"5168566e-c346-45f1-8c54-ec9cb5fbab4e","local_time":"20180318163100","is_prod":false,"is_daily":false,"is_ascension_mode":false,"campfire_upgraded":1,"timestamp":1521401460,"path_taken":["M","M","$","?","$","E","?","R","T","?","E","?","M","M","R","BOSS","M","?","?","?","$","R","E","$","T","R","M","?","M","?","R","BOSS"],"build_version":"2018-03-15v3","purchased_purges":3,"victory":false,"master_deck":["Strike_R","Strike_R","Strike_R","Strike_R","Strike_R","Defend_R","Bash","Demon Form+1","Rampage","Dropkick"],"max_hp_per_floor":[80,80,80,80,80,80,80,80,80,80,80,80,80,80,80,80,80,80,80,80,80,80,80,80,80,80,80,80,80,80,80,80],"relics":["Burning Blood","Happy Flower","Smiling Mask","Du-Vu Doll","Red Skull","Frozen Egg 2","Philosopher\u0027s Stone","Sundial","Bottled Flame","Vajra","Bag of Marbles"],"card_choices":[{"not_picked":["Wild Strike","Clothesline"],"picked":"Rampage"}],"player_experience":605262,"potions_floor_usage":[6,11,12,16,24,30,30],"damage_taken":[{"damage":6,"enemies":"Cultist","floor":1,"turns":3},{"damage":11,"enemies":"Jaw Worm","floor":2,"turns":4},{"damage":19,"enemies":"Small Slimes","floor":4,"turns":3},{"damage":36,"enemies":"Lagavulin","floor":6,"turns":6},{"damage":33,"enemies":"Gremlin Nob","floor":10,"turns":5},{"damage":19,"enemies":"3 Sentries","floor":11,"turns":5},{"damage":0,"enemies":"3 Louse","floor":12,"turns":1},{"damage":6,"enemies":"Exordium Thugs","floor":13,"turns":3},{"damage":5,"enemies":"Looter","floor":14,"turns":2},{"damage":25,"enemies":"The Guardian","floor":16,"turns":6},{"damage":31,"enemies":"Spheric Guardian","floor":18,"turns":4},{"damage":21,"enemies":"2 Thieves","floor":20,"turns":4},{"damage":33,"enemies":"Gremlin Leader","floor":24,"turns":5},{"damage":22,"enemies":"3 Cultists","floor":28,"turns":4},{"damage":20,"enemies":"Cultist and Chosen","floor":30,"turns":3},{"damage":33,"enemies":"Automaton","floor":33,"turns":2}],"event_choices":[{"event_name":"Scrap Ooze","player_choice":"success","floor":7,"damage_taken":12},{"event_name":"Dead Adventurer","player_choice":"Searched \u00271\u0027 times","floor":10,"damage_taken":0},{"event_name":"Drug Dealer","player_choice":"Ignored","floor":19,"damage_taken":0},{"event_name":"Cursed Tome","player_choice":"Ignored","floor":21,"damage_taken":0},{"event_name":"Addict","player_choice":"Obtained Relic","floor":31,"damage_taken":0}],"boss_relics":[{"not_picked":["Mark of Pain","Ectoplasm"],"picked":"Philosopher\u0027s Stone"}],"potions_floor_spawned":[4,6,11,13,14,24,28],"seed_played":"6364751952425471488","killed_by":"Automaton","ascension_level":0,"is_trial":false}