{"path_per_floor":["M","?","M","$","?","R","E","?","T","M","M","R","M","E","R","B",null,"M","?","?","M","M","M","$","M","T","M","T","$"],"character_chosen":"IRONCLAD","items_purchased":["Whirlwind","Power Through","Immolate","Madness"],"gold_per_floor":[115,65,84,5,80,80,109,109,109,133,146,146,161,202,202,322,322,340,340,340,354,367,382,152,172,172,196,196,6],"floor_reached":30,"campfire_rested":2,"playtime":1900,"current_hp_per_floor":[80,80,77,77,66,66,35,35,35,37,33,55,54,12,34,9,74,74,51,51,47,27,27,27,42,42,21,21,21],"items_purged":["Bite","Writhe"],"gold":6,"score":316,"play_id":"26f6807a-a14a-4dbd-9743-fde2fd789dc8","local_time":"20180306210318","is_prod":false,"is_daily":false,"is_ascension_mode":true,"campfire_upgraded":1,"timestamp":1520380998,"path_taken":["M","?","M","$","?","R","E","?","T","M","M","R","?","E","R","BOSS","M","?","?","M","M","M","?","M","T","?","?","$","M"],"build_version":"2018-03-01-PROD1","purchased_purges":2,"victory":false,"master_deck":["Defend_R","Defend_R","Defend_R","Defend_R","Bash","Armaments+1","Whirlwind","Warcry","Sever Soul","True Grit","Double Tap","Fire Breathing","Bite","Bite","Bite","Bite","Disarm","Sentinel+1","Power Through","Immolate","Parasite","Madness"],"max_hp_per_floor":[80,80,80,80,80,80,80,74,74,74,74,74,74,74,74,74,74,74,51,51,51,51,51,51,51,51,51,51,51],"relics":["Burning Blood","Dead Branch","Golden Idol","Peace Pipe","Shuriken","Cursed Key","Shovel","Gambling Chip"],"card_choices":[{"not_picked":["Anger","Sentinel"],"picked":"Armaments"},{"not_picked":["Bloodletting","Hemokinesis"],"picked":"Warcry"},{"not_picked":["Thunderclap","Bludgeon"],"picked":"Sever Soul"},{"not_picked":["Spot Weakness","Flex"],"picked":"True Grit"},{"not_picked":["Berserk","Impervious"],"picked":"Double Tap"},{"not_picked":["Rupture","Perfected Strike"],"picked":"Fire Breathing"},{"not_picked":["Anger","Clothesline"],"picked":"Disarm"},{"not_picked":["Warcry","Body Slam"],"picked":"Sentinel"}],"player_experience":499019,"potions_floor_usage":[7,16,23,25],"damage_taken":[{"damage":0,"enemies":"Small Slimes","floor":1,"turns":3},{"damage":9,"enemies":"Jaw Worm","floor":3,"turns":3},{"damage":37,"enemies":"3 Sentries","floor":7,"turns":10},{"damage":4,"enemies":"2 Louse","floor":10,"turns":2},{"damage":10,"enemies":"Blue Slaver","floor":11,"turns":6},{"damage":7,"enemies":"2 Fungi Beasts","floor":13,"turns":4},{"damage":48,"enemies":"Lagavulin","floor":14,"turns":8},{"damage":31,"enemies":"The Guardian","floor":16,"turns":19},{"damage":6,"enemies":"3 Byrds","floor":18,"turns":4},{"damage":20,"enemies":"Chosen","floor":21,"turns":5},{"damage":34,"enemies":"Snake Plant","floor":22,"turns":4},{"damage":12,"enemies":"Snecko","floor":23,"turns":5},{"damage":5,"enemies":"Centurion and Healer","floor":25,"turns":7},{"damage":33,"enemies":"Sentry and Sphere","floor":27,"turns":4},{"damage":29,"enemies":"Snecko","floor":30,"turns":3}],"event_choices":[{"event_name":"The Cleric","player_choice":"Card Removal","floor":2,"damage_taken":0},{"event_name":"World of Goop","player_choice":"Gather Gold","floor":5,"damage_taken":0},{"event_name":"Golden Idol","player_choice":"Lose Max HP","floor":8,"damage_taken":0},{"event_name":"Vampires","player_choice":"Became a vampire","floor":19,"damage_taken":0},{"event_name":"Drug Dealer","player_choice":"Ignored","floor":20,"damage_taken":0}],"boss_relics":[{"not_picked":["Sozu","Runic Cube"],"picked":"Cursed Key"}],"potions_floor_spawned":[1,14,22,23,27],"seed_played":"-7926748345760646639","killed_by":"Snecko","ascension_level":4,"is_trial":false}