{"path_per_floor":["M","?","M","?","M","R","M","R","T","?","M","?","?","M","R","B",null,"M","?","$","?","M","R","?","M","T","R","$","?","M","M","R"],"character_chosen":"IRONCLAD","items_purchased":["Juzu Bracelet"],"gold_per_floor":[119,119,139,89,103,103,117,117,117,192,207,207,207,226,226,346,346,364,364,138,138,159,159,84,105,174,174,74,74,89,104,104],"floor_reached":33,"campfire_rested":2,"playtime":1248,"current_hp_per_floor":[72,67,66,66,67,67,63,63,63,52,58,51,51,49,49,30,67,28,28,28,28,26,46,46,19,19,39,39,39,34,38,38],"items_purged":["Strike_R","Strike_R"],"gold":104,"score":273,"play_id":"742124f1-0eae-4ecd-81ac-644763730dae","local_time":"20180305123519","is_prod":false,"is_daily":false,"is_ascension_mode":true,"campfire_upgraded":4,"timestamp":1520264119,"path_taken":["M","?","?","?","M","R","M","R","T","?","?","?","?","M","R","BOSS","M","?","$","?","M","R","?","M","T","R","$","?","M","M","R","BOSS"],"build_version":"2018-03-01-PROD1","purchased_purges":2,"victory":false,"master_deck":["Defend_R","Defend_R","Defend_R","Bash","Sever Soul","Clash+1","Disarm+1","Carnage+1","Flex","Double Tap+1","Feel No Pain"],"max_hp_per_floor":[72,67,67,67,67,67,67,67,67,67,67,67,67,67,67,67,67,67,67,67,67,67,67,67,67,67,67,67,67,67,67,67],"relics":["Black Blood","Charon\u0027s Ashes","Golden Idol","Ice Cream","Juzu Bracelet","Centennial Puzzle"],"card_choices":[{"not_picked":["Searing Blow","True Grit"],"picked":"Sever Soul"},{"not_picked":["Rupture","Anger"],"picked":"Clash"},{"not_picked":["Reckless Charge","Infernal Blade"],"picked":"Disarm"},{"not_picked":["Havoc","Sentinel"],"picked":"Flex"},{"not_picked":["Immolate","Impervious"],"picked":"Double Tap"},{"not_picked":["Headbutt","Battle Trance"],"picked":"Feel No Pain"}],"player_experience":429635,"potions_floor_usage":[7,11,18,22,30,33],"damage_taken":[{"damage":1,"enemies":"Cultist","floor":1,"turns":4},{"damage":7,"enemies":"Small Slimes","floor":3,"turns":3},{"damage":0,"enemies":"2 Louse","floor":5,"turns":1},{"damage":19,"enemies":"Exordium Thugs","floor":7,"turns":5},{"damage":0,"enemies":"Blue Slaver","floor":11,"turns":2},{"damage":8,"enemies":"Looter","floor":14,"turns":2},{"damage":25,"enemies":"Hexaghost","floor":16,"turns":9},{"damage":49,"enemies":"3 Byrds","floor":18,"turns":5},{"damage":12,"enemies":"2 Thieves","floor":22,"turns":3},{"damage":37,"enemies":"3 Cultists","floor":25,"turns":6},{"damage":15,"enemies":"Snake Plant","floor":30,"turns":3},{"damage":6,"enemies":"Chosen and Byrds","floor":31,"turns":5},{"damage":82,"enemies":"Automaton","floor":33,"turns":6}],"event_choices":[{"event_name":"Golden Idol","player_choice":"Lose Max HP","floor":2,"damage_taken":0},{"event_name":"The Cleric","player_choice":"Card Removal","floor":4,"damage_taken":0},{"event_name":"World of Goop","player_choice":"Gather Gold","floor":10,"damage_taken":0},{"event_name":"Golden Wing","player_choice":"Card Removal","floor":12,"damage_taken":0},{"event_name":"Transmorgrifier","player_choice":"Transform","floor":13,"damage_taken":0},{"event_name":"Cursed Tome","player_choice":"Ignored","floor":19,"damage_taken":0},{"event_name":"Drug Dealer","player_choice":"Ignored","floor":21,"damage_taken":0},{"event_name":"Beggar","player_choice":"Gave Gold","floor":24,"damage_taken":0},{"event_name":"The Mausoleum","player_choice":"No","floor":29,"damage_taken":0}],"boss_relics":[{"not_picked":["Black Star","White Beast Statue"],"picked":"Black Blood"}],"potions_floor_spawned":[1,5,7,16,22,31],"seed_played":"-833830446186713023","killed_by":"Automaton","ascension_level":3,"is_trial":false}