{"gold_per_floor":[115,130,305,0,10,36,36,50,50,50,0,0,11,24,24,126,126,146,159,84,84,84,84,84],"floor_reached":24,"playtime":693,"items_purged":["Doubt"],"score":225,"play_id":"da02c854-1bf5-468d-a16c-1168edba4db4","local_time":"20190226001404","is_ascension_mode":true,"campfire_choices":[{"floor":7,"key":"REST"},{"floor":10,"key":"REST"},{"floor":12,"key":"REST"},{"data":"Scrape","floor":15,"key":"SMITH"},{"floor":23,"key":"REST"}],"neow_cost":"PERCENT_DAMAGE","seed_source_timestamp":24586734827577,"circlet_count":0,"master_deck":["Strike_B","Strike_B","Defend_B","Defend_B","Defend_B","Defend_B","Zap","Dualcast","Rip and Tear","Conserve Battery","Scrape+1","Gash","Go for the Eyes","Gash","Rip and Tear","Leap","Echo Form","Steam"],"relics":["Cracked Core","Nunchaku","Juzu Bracelet","Happy Flower","Question Card","Philosopher\u0027s Stone","Enchiridion"],"potions_floor_usage":[16,16,16,24],"damage_taken":[{"damage":8,"enemies":"Small Slimes","floor":1,"turns":3},{"damage":8,"enemies":"2 Louse","floor":2,"turns":2},{"damage":0,"enemies":"Cultist","floor":5,"turns":3},{"damage":33,"enemies":"Lagavulin","floor":6,"turns":5},{"damage":15,"enemies":"Lots of Slimes","floor":8,"turns":3},{"damage":13,"enemies":"Exordium Thugs","floor":13,"turns":4},{"damage":0,"enemies":"Large Slime","floor":14,"turns":4},{"damage":25,"enemies":"Slime Boss","floor":16,"turns":10},{"damage":5,"enemies":"Spheric Guardian","floor":18,"turns":3},{"damage":17,"enemies":"Chosen","floor":19,"turns":4},{"damage":20,"enemies":"Colosseum Slavers","floor":24,"turns":3},{"damage":49,"enemies":"Colosseum Nobs","floor":24,"turns":4}],"seed_played":"2152884728557414770","potions_obtained":[{"floor":5,"key":"EssenceOfSteel"},{"floor":6,"key":"Block Potion"},{"floor":13,"key":"AttackPotion"},{"floor":16,"key":"EssenceOfSteel"}],"is_trial":false,"path_per_floor":["M","M","?","$","M","E","R","M","T","R","$","R","M","M","R","B",null,"M","M","?","?","?","R","?"],"character_chosen":"DEFECT","items_purchased":["Juzu Bracelet","Scrape","Fire Potion"],"campfire_rested":4,"item_purchase_floors":[4,4,11],"current_hp_per_floor":[46,38,38,38,38,5,27,12,12,34,34,56,43,43,43,18,75,70,53,53,37,37,59,0],"gold":84,"neow_bonus":"ONE_RARE_RELIC","is_prod":false,"is_daily":false,"chose_seed":false,"campfire_upgraded":1,"win_rate":0,"timestamp":1551161644,"path_taken":["M","M","?","$","M","E","R","M","T","R","$","R","M","M","R","BOSS","M","M","?","?","?","R","?"],"build_version":"2019-01-23","purchased_purges":1,"victory":false,"max_hp_per_floor":[75,75,75,75,75,75,75,75,75,75,75,75,75,75,75,75,75,75,75,75,75,75,75,75],"card_choices":[{"not_picked":["Ball Lightning","Chaos"],"picked":"Rip and Tear","floor":1},{"not_picked":["Compile Driver","Undo"],"picked":"Conserve Battery","floor":2},{"not_picked":["Skim","Go for the Eyes"],"picked":"Gash","floor":5},{"not_picked":["Fission","Hologram"],"picked":"Go for the Eyes","floor":6},{"not_picked":["Darkness","Barrage"],"picked":"Gash","floor":8},{"not_picked":["Rebound","Redo","Defragment"],"picked":"Rip and Tear","floor":13},{"not_picked":["Loop","Darkness","Ball Lightning"],"picked":"Leap","floor":14},{"not_picked":["Hyperbeam","Meteor Strike","Reboot"],"picked":"Echo Form","floor":16},{"not_picked":["Sweeping Beam","Stack","Genetic Algorithm"],"picked":"Steam","floor":18},{"not_picked":["Leap","Sweeping Beam","Stack+1","Conserve Battery"],"picked":"SKIP","floor":19}],"player_experience":249373,"relics_obtained":[{"floor":6,"key":"Happy Flower"},{"floor":9,"key":"Question Card"},{"floor":21,"key":"Enchiridion"}],"event_choices":[{"damage_healed":0,"gold_gain":175,"player_choice":"AGREE","damage_taken":0,"max_hp_gain":0,"max_hp_loss":0,"event_name":"Liars Game","floor":3,"gold_loss":0,"cards_obtained":["Doubt"]},{"cards_removed":["Strike_B"],"damage_healed":0,"gold_gain":0,"player_choice":"Gave Gold","damage_taken":0,"max_hp_gain":0,"max_hp_loss":0,"event_name":"Beggar","floor":20,"gold_loss":75},{"damage_healed":0,"gold_gain":0,"player_choice":"Obtained Book","damage_taken":16,"max_hp_gain":0,"max_hp_loss":0,"event_name":"Cursed Tome","floor":21,"gold_loss":0},{"cards_removed":["Strike_B"],"damage_healed":0,"gold_gain":0,"player_choice":"Elegance","damage_taken":0,"max_hp_gain":0,"max_hp_loss":0,"event_name":"Back to Basics","floor":22,"gold_loss":0},{"damage_healed":0,"gold_gain":0,"player_choice":"Fight","damage_taken":0,"max_hp_gain":0,"max_hp_loss":0,"event_name":"Colosseum","floor":24,"gold_loss":0},{"damage_healed":0,"gold_gain":0,"player_choice":"Fought Nobs","damage_taken":0,"max_hp_gain":0,"max_hp_loss":0,"event_name":"Colosseum","floor":24,"gold_loss":0}],"is_beta":false,"boss_relics":[{"not_picked":["Snecko Eye","Pandora\u0027s Box"],"picked":"Philosopher\u0027s Stone"}],"items_purged_floors":[4],"is_endless":false,"potions_floor_spawned":[5,6,13,16,24],"killed_by":"Colosseum Nobs","ascension_level":3}