{"path_per_floor":["M","$","?","M","M","?","R","?","T","R","M","M","M","?","R","B",null,"M","?","?","M","M","R","$","R","T","T","M","M","$","M","R"],"character_chosen":"THE_SILENT","items_purchased":["Deadly Poison","Escape Plan"],"gold_per_floor":[118,73,73,84,94,94,94,94,94,94,112,124,136,136,136,240,240,252,252,177,196,213,213,101,101,173,173,192,203,103,114,114],"floor_reached":33,"campfire_rested":1,"playtime":1755,"current_hp_per_floor":[60,60,60,60,60,65,65,65,65,65,57,57,57,57,57,56,68,55,55,55,55,46,46,46,46,46,46,45,22,22,2,22],"items_purged":["Strike_G","Strike_G"],"gold":114,"score":239,"play_id":"1c5dbc12-d684-488e-9ca0-797c9b9cef9e","local_time":"20180321155354","is_prod":false,"is_daily":false,"is_ascension_mode":false,"campfire_upgraded":5,"timestamp":1521658434,"path_taken":["M","$","?","?","M","?","R","?","T","R","M","M","?","?","R","BOSS","M","?","?","M","M","R","$","R","T","?","M","?","$","?","R","BOSS"],"build_version":"2018-03-15v3","purchased_purges":2,"victory":false,"master_deck":["Defend_G","Defend_G","Defend_G","Defend_G","Survivor+1","Neutralize+1","Catalyst+1","Deadly Poison+1","Dagger Spray+1","Escape Plan","Backstab","Tools of the Trade+1","Dagger Throw","Heel Hook+1","Escape Plan","Quick Slash+1"],"max_hp_per_floor":[63,63,63,63,63,68,68,68,68,68,68,68,68,68,68,68,68,68,68,68,68,68,68,68,68,68,68,68,68,68,68,68],"relics":["Ring of the Snake"],"card_choices":[{"not_picked":["PiercingWail","Prepared"],"picked":"Catalyst"},{"not_picked":["Endless Agony","Bane"],"picked":"Dagger Spray"},{"not_picked":["Deflect","Skewer"],"picked":"Escape Plan"},{"not_picked":["Dagger Spray","Bane"],"picked":"Backstab"},{"not_picked":["After Image","Phantasmal Killer"],"picked":"Tools of the Trade"},{"not_picked":["Accuracy","Calculated Gamble"],"picked":"Dagger Throw"},{"not_picked":["Prepared","Cloak And Dagger"],"picked":"Heel Hook"},{"not_picked":["Slice","PiercingWail"],"picked":"Quick Slash"}],"player_experience":625718,"potions_floor_usage":[13,16,31,33,33,33],"damage_taken":[{"damage":3,"enemies":"Jaw Worm","floor":1,"turns":5},{"damage":0,"enemies":"Cultist","floor":4,"turns":3},{"damage":0,"enemies":"Small Slimes","floor":5,"turns":4},{"damage":8,"enemies":"Gremlin Gang","floor":11,"turns":3},{"damage":0,"enemies":"Large Slime","floor":12,"turns":3},{"damage":0,"enemies":"Exordium Wildlife","floor":13,"turns":3},{"damage":1,"enemies":"The Guardian","floor":16,"turns":10},{"damage":13,"enemies":"Shell Parasite","floor":18,"turns":5},{"damage":0,"enemies":"3 Byrds","floor":21,"turns":4},{"damage":9,"enemies":"Snake Plant","floor":22,"turns":4},{"damage":1,"enemies":"Centurion and Healer","floor":28,"turns":5},{"damage":23,"enemies":"Chosen and Byrds","floor":29,"turns":4},{"damage":20,"enemies":"Sentry and Sphere","floor":31,"turns":7},{"damage":34,"enemies":"Champ","floor":33,"turns":9}],"event_choices":[{"event_name":"Upgrade Shrine","player_choice":"Upgraded","floor":3,"damage_taken":0},{"event_name":"Big Fish","player_choice":"Donut","floor":6,"damage_taken":0},{"event_name":"Scrap Ooze","player_choice":"unsuccessful","floor":8,"damage_taken":0},{"event_name":"Living Wall","player_choice":"Forget","floor":14,"damage_taken":0},{"event_name":"Drug Dealer","player_choice":"Ignored","floor":19,"damage_taken":0},{"event_name":"Beggar","player_choice":"Gave Gold","floor":20,"damage_taken":0}],"boss_relics":[{"not_picked":["Philosopher\u0027s Stone","Runic Pyramid","Black Star"]}],"potions_floor_spawned":[1,4,12,16,22,28,29,31],"seed_played":"-5111092449189513831","killed_by":"Champ","ascension_level":0,"is_trial":false}