{"gold_per_floor":[144,69,114,14,59,149,194,194,244,334,379,379,424,469,469,769,769,814,729,154,154,4,49,94,94,94,94,94,94,139,184,184,484,484,529,204,249,294,94,139,184,274,274,274,274,364,364,409,409,409],"floor_reached":50,"playtime":6621,"items_purged":["Defend_R","Strike_R","Strike_R","Strike_R","Strike_R","Defend_R"],"score":566,"play_id":"563ad91b-e08b-4acd-a397-073f531f6d8c","local_time":"20180926183922","daily_mods":["Brewmaster","Midas","Terminal"],"is_ascension_mode":false,"campfire_choices":[{"floor":15,"key":"REST"},{"floor":28,"key":"REST"},{"floor":32,"key":"REST"},{"floor":47,"key":"REST"},{"floor":49,"key":"REST"}],"neow_cost":"","seed_source_timestamp":0,"circlet_count":0,"master_deck":["Strike_R+1","Defend_R","Defend_R","Bash+1","Venomology","Venomology","Venomology","Venomology","Venomology","Armaments+1","Twin Strike","Sentinel","Ghostly Armor","Burning Pact+1","Anger","Burning Pact","Shrug It Off","Pommel Strike","Double Tap","Armaments+1","Seeing Red+1","Shrug It Off","Metallicize+1","Double Tap","Juggernaut+1","Madness","Madness","Feed"],"special_seed":17800,"relics":["Burning Blood","White Beast Statue","Kunai","Anchor","Frozen Egg 2","Bag of Marbles","Fusion Hammer","Mummified Hand","Sling","Letter Opener","Nilry\u0027s Codex","Singing Bowl","Whetstone","Cursed Key","Lantern","Bottled Lightning","Du-Vu Doll","Blood Vial"],"potions_floor_usage":[1,3,3,3,5,5,5,5,6,6,6,6,6,6,7,7,7,7,7,10,10,10,10,10,10,11,14,14,14,14,16,16,16,16,16,16,18,18,23,23,24,24,24,24,24,30,30,30,30,30,31,31,33,33,33,33,35,35,35,35,37,37,38,38,38,38,38,38,40,40,40,41,41,41,41,41,42,42,42,42,42,42,45,45,45,45,45,46,46,46,46,48,48,48,48,48,50,50,50,50,50,50],"damage_taken":[{"damage":0,"enemies":"Small Slimes","floor":1,"turns":6},{"damage":0,"enemies":"Cultist","floor":3,"turns":5},{"damage":0,"enemies":"Jaw Worm","floor":5,"turns":4},{"damage":9,"enemies":"3 Sentries","floor":6,"turns":8},{"damage":9,"enemies":"Exordium Thugs","floor":7,"turns":7},{"damage":15,"enemies":"Lagavulin","floor":10,"turns":7},{"damage":1,"enemies":"Exordium Wildlife","floor":11,"turns":4},{"damage":0,"enemies":"Blue Slaver","floor":13,"turns":3},{"damage":1,"enemies":"2 Fungi Beasts","floor":14,"turns":4},{"damage":61,"enemies":"Slime Boss","floor":16,"turns":14},{"damage":2,"enemies":"Shell Parasite","floor":18,"turns":7},{"damage":0,"enemies":"2 Thieves","floor":23,"turns":3},{"damage":0,"enemies":"Shelled Parasite and Fungi","floor":24,"turns":5},{"damage":0,"enemies":"Centurion and Healer","floor":30,"turns":5},{"damage":0,"enemies":"Snecko","floor":31,"turns":4},{"damage":32,"enemies":"Automaton","floor":33,"turns":8},{"damage":0,"enemies":"Orb Walker","floor":35,"turns":3},{"damage":6,"enemies":"3 Shapes","floor":37,"turns":4},{"damage":20,"enemies":"Reptomancer","floor":38,"turns":5},{"damage":2,"enemies":"Spire Growth","floor":40,"turns":5},{"damage":0,"enemies":"4 Shapes","floor":41,"turns":4},{"damage":1,"enemies":"Giant Head","floor":42,"turns":7},{"damage":1,"enemies":"Mind Bloom Boss Battle","floor":45,"turns":5},{"damage":10,"enemies":"Nemesis","floor":46,"turns":7},{"damage":0,"enemies":"Maw","floor":48,"turns":7},{"damage":66,"enemies":"Time Eater","floor":50,"turns":6}],"seed_played":"-9213636199092254619","potions_obtained":[{"floor":3,"key":"LiquidBronze"},{"floor":5,"key":"Regen Potion"},{"floor":6,"key":"Strength Potion"},{"floor":7,"key":"Strength Potion"},{"floor":10,"key":"Swift Potion"},{"floor":11,"key":"FearPotion"},{"floor":14,"key":"Fruit Juice"},{"floor":16,"key":"Energy Potion"},{"floor":18,"key":"Explosive Potion"},{"floor":24,"key":"Weak Potion"},{"floor":30,"key":"SteroidPotion"},{"floor":31,"key":"Block Potion"},{"floor":33,"key":"BloodPotion"},{"floor":35,"key":"FearPotion"},{"floor":38,"key":"PowerPotion"},{"floor":40,"key":"LiquidBronze"},{"floor":42,"key":"BloodPotion"},{"floor":45,"key":"Block Potion"},{"floor":46,"key":"Explosive Potion"},{"floor":48,"key":"Dexterity Potion"}],"is_trial":false,"path_per_floor":["M","$","M","$","M","E","M","?","T","E","M","?","M","M","R","B",null,"M","?","$","?","$","M","M","?","T","T","R","$","M","M","R","B",null,"M","$","M","M","$","M","M","E","T","?","?","E","R","M","R"],"character_chosen":"IRONCLAD","items_purchased":["Sling","Letter Opener","Lantern"],"campfire_rested":5,"item_purchase_floors":[20,20,36],"current_hp_per_floor":[78,77,76,75,74,71,72,58,58,56,61,61,66,70,69,14,67,66,65,64,63,62,61,60,44,44,44,56,55,60,59,58,32,56,57,56,57,45,45,49,57,58,57,50,57,53,55,60,59,0],"gold":409,"neow_bonus":"","is_prod":false,"is_daily":true,"chose_seed":false,"campfire_upgraded":0,"win_rate":0,"timestamp":1538012362,"path_taken":["M","$","M","$","M","E","M","?","T","E","M","?","?","M","R","BOSS","M","?","$","?","$","M","M","?","T","?","R","$","M","M","R","BOSS","M","$","?","M","?","M","M","E","T","?","?","E","R","M","R","BOSS"],"build_version":"2018-09-20","purchased_purges":6,"victory":false,"max_hp_per_floor":[78,77,76,75,74,73,72,71,70,69,68,67,66,70,69,68,67,66,65,64,63,62,61,60,59,58,57,56,55,60,59,58,57,56,57,56,57,58,57,56,57,58,57,56,57,56,55,60,59,59],"card_choices":[{"not_picked":["Iron Wave","Pommel Strike"],"picked":"Armaments","floor":1},{"not_picked":["Heavy Blade","Evolve"],"picked":"Twin Strike","floor":3},{"not_picked":["Twin Strike","Sever Soul"],"picked":"Sentinel","floor":5},{"not_picked":["Clothesline","Immolate"],"picked":"Ghostly Armor","floor":6},{"not_picked":["Pommel Strike","Combust"],"picked":"Burning Pact","floor":7},{"not_picked":["Clothesline","Body Slam"],"picked":"Anger","floor":10},{"not_picked":["Pommel Strike","Wild Strike"],"picked":"Burning Pact","floor":11},{"not_picked":["Disarm","Burning Pact"],"picked":"Shrug It Off","floor":13},{"not_picked":["Rampage","Entrench"],"picked":"Pommel Strike","floor":14},{"not_picked":["Limit Break","Reaper"],"picked":"Double Tap","floor":16},{"not_picked":["Anger","Body Slam"],"picked":"Armaments+1","floor":18},{"not_picked":["Dual Wield+1","True Grit"],"picked":"Seeing Red+1","floor":23},{"not_picked":["Havoc","True Grit"],"picked":"Shrug It Off","floor":24},{"not_picked":["Wild Strike","Immolate","Sword Boomerang+1"],"picked":"Singing Bowl","floor":30},{"not_picked":["Clash+1","Anger"],"picked":"Metallicize+1","floor":31},{"not_picked":["Exhume","Reaper"],"picked":"Double Tap","floor":33},{"not_picked":["Cleave+1","Clash+1","Body Slam+1"],"picked":"Singing Bowl","floor":35},{"not_picked":["Body Slam+1","Bloodletting+1","Clothesline+1"],"picked":"Singing Bowl","floor":37},{"not_picked":["Clash","Body Slam","Dropkick+1"],"picked":"Singing Bowl","floor":38},{"not_picked":["True Grit","Shockwave"],"picked":"Juggernaut+1","floor":40},{"not_picked":["Battle Trance+1","True Grit","Clothesline+1"],"picked":"Singing Bowl","floor":41},{"not_picked":["Twin Strike","True Grit","Headbutt"],"picked":"Singing Bowl","floor":42},{"not_picked":["Intimidate","Rage+1","Twin Strike+1"],"picked":"Singing Bowl","floor":45},{"not_picked":["Dropkick+1","Spot Weakness"],"picked":"Feed","floor":46},{"not_picked":["Thunderclap","Power Through+1","Heavy Blade+1"],"picked":"Singing Bowl","floor":48}],"player_experience":151512,"relics_obtained":[{"floor":6,"key":"Kunai"},{"floor":9,"key":"Anchor"},{"floor":10,"key":"Frozen Egg 2"},{"floor":25,"key":"Nilry\u0027s Codex"},{"floor":26,"key":"Singing Bowl"},{"floor":27,"key":"Whetstone"},{"floor":42,"key":"Bottled Lightning"},{"floor":45,"key":"Du-Vu Doll"},{"floor":46,"key":"Blood Vial"}],"event_choices":[{"event_name":"Shining Light","player_choice":"Entered Light","floor":8,"damage_taken":0},{"event_name":"Dead Adventurer","player_choice":"Searched \u00272\u0027 times","floor":12,"damage_taken":0},{"event_name":"Addict","player_choice":"Obtained Relic","floor":19,"damage_taken":0},{"event_name":"Vampires","player_choice":"Ignored","floor":21,"damage_taken":0},{"event_name":"Cursed Tome","player_choice":"Obtained Book","floor":25,"damage_taken":0},{"event_name":"Winding Halls","player_choice":"Embrace Madness","floor":44,"damage_taken":0},{"event_name":"MindBloom","player_choice":"Fight","floor":45,"damage_taken":0}],"is_beta":false,"boss_relics":[{"not_picked":["Astrolabe","Pandora\u0027s Box"],"picked":"Fusion Hammer"},{"not_picked":["Runic Cube","Lizard Tail"],"picked":"Cursed Key"}],"items_purged_floors":[2,4,20,22,36,39],"is_endless":false,"potions_floor_spawned":[1,3,5,6,7,10,11,13,14,16,18,23,24,30,31,33,35,37,38,40,41,42,45,46,48],"killed_by":"Time Eater","ascension_level":0}