{"gold_per_floor":[111,111,111,135,135,135,175,175,244,244,279,297,128,148,148,272,272,297,297,297,6,16,16,55,55,55,80,120,136,51,64,64,185,185,205,11,24,42,63,63,98,98,98,0,23,23,41,41,41,41],"floor_reached":51,"playtime":2652,"items_purged":["Strike_R"],"score":876,"play_id":"154aeba2-a384-4e8f-aac7-c199f452747d","local_time":"20190225143349","is_ascension_mode":true,"campfire_choices":[{"data":"Feed","floor":6.0,"key":"SMITH"},{"data":"Armaments","floor":8.0,"key":"SMITH"},{"floor":10.0,"key":"REST"},{"data":"Disarm","floor":15,"key":"SMITH"},{"floor":23,"key":"RECALL"},{"floor":25,"key":"REST"},{"floor":32,"key":"REST"},{"floor":40,"key":"REST"},{"floor":42,"key":"REST"},{"floor":46,"key":"REST"},{"floor":49,"key":"REST"}],"neow_cost":"NONE","seed_source_timestamp":15451427189626,"circlet_count":0,"master_deck":["Defend_R","Defend_R","Defend_R+1","Defend_R","Bash","Feed+1","Shrug It Off","Headbutt","Armaments+1","Carnage","Disarm+1","True Grit","Bludgeon","Warcry+1","Bite","Bite","Bite","Bite","Bite","Metallicize","Cleave","Thunderclap","Battle Trance","Demon Form","Demon Form+1","Mayhem+1","Dramatic Entrance+1"],"special_seed":0,"relics":["Burning Blood","Golden Idol","Boot","Art of War","Gremlin Horn","Thread and Needle","Fusion Hammer","Nunchaku","Bronze Scales","Ornamental Fan","Bottled Tornado","Blue Candle","Sozu","ClockworkSouvenir","Molten Egg 2","Frozen Egg 2","Red Mask"],"potions_floor_usage":[16,22,28,28,33],"damage_taken":[{"damage":7.0,"enemies":"Jaw Worm","floor":1.0,"turns":3.0},{"damage":7.0,"enemies":"Small Slimes","floor":4.0,"turns":6.0},{"damage":20.0,"enemies":"Gremlin Nob","floor":7.0,"turns":4.0},{"damage":42.0,"enemies":"Lagavulin","floor":11.0,"turns":8.0},{"damage":0,"enemies":"Cultist","floor":12,"turns":2},{"damage":4,"enemies":"Blue Slaver","floor":14,"turns":2},{"damage":4,"enemies":"The Guardian","floor":16,"turns":14},{"damage":17,"enemies":"3 Byrds","floor":18,"turns":6},{"damage":2,"enemies":"2 Thieves","floor":22,"turns":4},{"damage":68,"enemies":"Gremlin Leader","floor":24,"turns":14},{"damage":3,"enemies":"3 Cultists","floor":27,"turns":6},{"damage":32,"enemies":"Book of Stabbing","floor":28,"turns":4},{"damage":5,"enemies":"Cultist and Chosen","floor":29,"turns":5},{"damage":0,"enemies":"Chosen and Byrds","floor":31,"turns":5},{"damage":71,"enemies":"Champ","floor":33,"turns":13},{"damage":7,"enemies":"3 Shapes","floor":35,"turns":8},{"damage":0,"enemies":"Orb Walker","floor":37,"turns":4},{"damage":18,"enemies":"Sphere and 2 Shapes","floor":38,"turns":5},{"damage":10,"enemies":"Spire Growth","floor":39,"turns":5},{"damage":45,"enemies":"Nemesis","floor":41,"turns":7},{"damage":34,"enemies":"Maw","floor":45,"turns":8},{"damage":59,"enemies":"Transient","floor":47,"turns":5},{"damage":76,"enemies":"Donu and Deca","floor":50,"turns":9}],"seed_played":"4686594649054116582","potions_obtained":[{"floor":12,"key":"Energy Potion"},{"floor":16,"key":"LiquidBronze"},{"floor":18,"key":"GamblersBrew"},{"floor":22,"key":"LiquidBronze"},{"floor":29,"key":"SpeedPotion"},{"floor":31,"key":"LiquidBronze"}],"is_trial":false,"path_per_floor":["M","?","?","M","?","R","E","R","T","R","E","M","$","M","R","B",null,"M","?","?","$","M","R","E","R","T","M","E","M","?","M","R","B",null,"M","$","M","M","M","R","E","R","T","?","M","R","M","?","R","B",null],"character_chosen":"IRONCLAD","items_purchased":["Disarm","True Grit","Nunchaku","ClockworkSouvenir"],"campfire_rested":7,"item_purchase_floors":[13,13,21,36],"current_hp_per_floor":[82,77,62,64,57,57,43,43,43,67,35,45,45,51,51,53,92,81,64,64,64,68,68,43,64,64,76,56,69,69,84,84,37,84,88,88,88,84,87,92,68,92,92,92,84,96,47,37,65,11],"gold":41,"neow_bonus":"ONE_RANDOM_RARE_CARD","is_prod":false,"is_daily":false,"chose_seed":false,"campfire_upgraded":3,"win_rate":0,"timestamp":1551126829,"path_taken":["M","?","?","M","?","R","E","R","T","R","E","M","$","M","R","BOSS","M","?","?","$","M","R","E","R","T","?","E","M","?","M","R","BOSS","M","$","M","M","M","R","E","R","T","?","M","R","M","?","R","BOSS"],"build_version":"2019-01-23","purchased_purges":1,"victory":true,"max_hp_per_floor":[83,77,77,80,80,80,80,80,80,80,84,88,88,92,92,92,92,92,64,64,64,68,68,72,72,72,76,80,84,84,84,84,84,84,88,88,88,92,92,92,92,92,92,92,96,96,96,96,96,100],"card_choices":[{"not_picked":["Heavy Blade","Infernal Blade"],"picked":"Shrug It Off","floor":1.0},{"not_picked":["Clothesline","Perfected Strike"],"picked":"Headbutt","floor":4.0},{"not_picked":["Burning Pact","Havoc"],"picked":"Armaments","floor":7.0},{"not_picked":["Shrug It Off","Brutality"],"picked":"Carnage","floor":11.0},{"not_picked":["Body Slam","Havoc","Perfected Strike"],"picked":"SKIP","floor":12},{"not_picked":["Pummel","Shrug It Off","Searing Blow"],"picked":"SKIP","floor":14},{"not_picked":["Juggernaut","Impervious"],"picked":"Bludgeon","floor":16},{"not_picked":["Hemokinesis","Rupture+1"],"picked":"Warcry+1","floor":18},{"not_picked":["Armaments","Sword Boomerang","True Grit"],"picked":"SKIP","floor":22},{"not_picked":["Wild Strike","Hemokinesis"],"picked":"Metallicize","floor":24},{"not_picked":["Infernal Blade","Anger"],"picked":"Cleave","floor":27},{"not_picked":["Entrench+1","Perfected Strike+1"],"picked":"Thunderclap","floor":28},{"not_picked":["Whirlwind","Entrench+1"],"picked":"Battle Trance","floor":29},{"not_picked":["Flex","Berserk","Perfected Strike"],"picked":"SKIP","floor":31},{"not_picked":["Feed","Limit Break"],"picked":"Demon Form","floor":33},{"not_picked":["Anger+1","Power Through+1","Wild Strike"],"picked":"SKIP","floor":35},{"not_picked":["Iron Wave","Sword Boomerang","Perfected Strike+1"],"picked":"SKIP","floor":37},{"not_picked":["Clash+1","Havoc","Heavy Blade+1"],"picked":"SKIP","floor":38},{"not_picked":["Cleave","Dual Wield","Body Slam+1"],"picked":"SKIP","floor":39},{"not_picked":["Bloodletting+1","Inflame+1","Iron Wave+1"],"picked":"SKIP","floor":41},{"not_picked":["Rupture+1","Entrench+1"],"picked":"Demon Form+1","floor":45},{"not_picked":["Power Through+1","Perfected Strike+1","Pommel Strike+1"],"picked":"SKIP","floor":47},{"not_picked":["Forethought","Bandage Up"],"picked":"Mayhem+1","floor":48},{"not_picked":["Panacea","Forethought"],"picked":"Dramatic Entrance+1","floor":48}],"player_experience":228236,"relics_obtained":[{"floor":7.0,"key":"Art of War"},{"floor":9.0,"key":"Gremlin Horn"},{"floor":11.0,"key":"Thread and Needle"},{"floor":24,"key":"Bronze Scales"},{"floor":26,"key":"Ornamental Fan"},{"floor":28,"key":"Bottled Tornado"},{"floor":41,"key":"Molten Egg 2"},{"floor":43,"key":"Frozen Egg 2"}],"event_choices":[{"damage_healed":0.0,"max_hp_gain":0.0,"max_hp_loss":6.0,"gold_gain":0.0,"event_name":"Golden Idol","player_choice":"Lose Max HP","floor":2.0,"gold_loss":0.0,"damage_taken":0.0,"relics_obtained":["Golden Idol"]},{"damage_healed":0.0,"max_hp_gain":0.0,"max_hp_loss":0.0,"gold_gain":0.0,"event_name":"Shining Light","player_choice":"Entered Light","floor":3.0,"gold_loss":0.0,"damage_taken":15.0,"cards_upgraded":["Defend_R","Strike_R"]},{"damage_healed":0.0,"max_hp_gain":0.0,"max_hp_loss":0.0,"gold_gain":0.0,"event_name":"Scrap Ooze","player_choice":"Success","floor":5.0,"gold_loss":0.0,"damage_taken":7.0,"relics_obtained":["Boot"]},{"damage_healed":0,"gold_gain":0,"player_choice":"Became a vampire","damage_taken":0,"max_hp_gain":0,"max_hp_loss":28,"event_name":"Vampires","floor":19,"gold_loss":0,"cards_obtained":["Bite","Bite","Bite","Bite","Bite"]},{"damage_healed":0,"gold_gain":0,"player_choice":"Ignored","damage_taken":0,"max_hp_gain":0,"max_hp_loss":0,"event_name":"WeMeetAgain","floor":20,"gold_loss":0},{"damage_healed":0,"gold_gain":0,"player_choice":"Obtained Relic","damage_taken":0,"relics_obtained":["Blue Candle"],"max_hp_gain":0,"max_hp_loss":0,"event_name":"Addict","floor":30,"gold_loss":85},{"damage_healed":0,"gold_gain":0,"player_choice":"Paid","damage_taken":0,"relics_obtained":["Red Mask"],"max_hp_gain":0,"max_hp_loss":0,"event_name":"Tomb of Lord Red Mask","floor":44,"gold_loss":98},{"damage_healed":0,"gold_gain":0,"player_choice":"Memory 3","damage_taken":10,"max_hp_gain":0,"max_hp_loss":0,"event_name":"SensoryStone","floor":48,"gold_loss":0}],"is_beta":false,"boss_relics":[{"not_picked":["Empty Cage","Eternal Feather"],"picked":"Fusion Hammer"},{"not_picked":["Lizard Tail","Coffee Dripper"],"picked":"Sozu"}],"items_purged_floors":[13],"is_endless":false,"potions_floor_spawned":[12,16,18,22,29,31,38,39,41,45],"ascension_level":3}