{"gold_per_floor":[117,137,61,73,85,85,10,10,60,60,75,90,121,121,121,121],"floor_reached":16,"playtime":652,"items_purged":["Strike_G"],"score":189,"play_id":"d2163522-f674-49c4-8b85-e3697e2488af","local_time":"20190124222752","is_ascension_mode":true,"campfire_choices":[{"data":"Noxious Fumes","floor":6,"key":"SMITH"},{"data":"Backstab","floor":8,"key":"SMITH"},{"data":"Wraith Form v2","floor":10,"key":"SMITH"},{"floor":15,"key":"REST"}],"neow_cost":"TEN_PERCENT_HP_LOSS","seed_source_timestamp":38752481394121,"circlet_count":0,"master_deck":["AscendersBane","Defend_G","Defend_G","Defend_G","Defend_G","Strike_G","Strike_G","Strike_G","Survivor","Neutralize","Wraith Form v2+1","Noxious Fumes+1","Catalyst","Flying Knee","Backstab+1","Catalyst+1"],"relics":["Ring of the Snake","Pen Nib","Happy Flower"],"potions_floor_usage":[16],"damage_taken":[{"damage":4,"enemies":"Cultist","floor":1,"turns":4},{"damage":3,"enemies":"2 Louse","floor":2,"turns":3},{"damage":10,"enemies":"Jaw Worm","floor":4,"turns":4},{"damage":9,"enemies":"3 Louse","floor":5,"turns":4},{"damage":5,"enemies":"Blue Slaver","floor":11,"turns":4},{"damage":3,"enemies":"Large Slime","floor":12,"turns":6},{"damage":17,"enemies":"Lagavulin","floor":13,"turns":6},{"damage":30,"enemies":"Slime Boss","floor":16,"turns":9}],"seed_played":"-8111386908030321558","potions_obtained":[{"floor":2,"key":"Energy Potion"},{"floor":12,"key":"GhostInAJar"}],"is_trial":false,"path_per_floor":["M","M","$","M","M","R","$","R","T","R","M","M","E","?","R","B"],"character_chosen":"THE_SILENT","items_purchased":["Backstab"],"campfire_rested":1,"item_purchase_floors":[3],"current_hp_per_floor":[55,52,52,42,33,33,33,33,33,33,28,25,8,8,26,0],"gold":121,"neow_bonus":"TRANSFORM_TWO_CARDS","is_prod":false,"is_daily":false,"chose_seed":false,"campfire_upgraded":3,"win_rate":0,"timestamp":1548376072,"path_taken":["M","M","?","M","?","R","$","R","T","R","M","?","E","?","R","BOSS"],"build_version":"2019-01-23","purchased_purges":1,"victory":false,"max_hp_per_floor":[60,60,60,60,60,60,60,60,60,60,60,60,60,60,60,60],"card_choices":[{"not_picked":["Deflect","Poisoned Stab"],"picked":"Catalyst","floor":1},{"not_picked":["PiercingWail","Leg Sweep"],"picked":"Flying Knee","floor":2},{"not_picked":["Riddle With Holes","Backflip","Endless Agony"],"picked":"SKIP","floor":4},{"not_picked":["Dagger Throw","PiercingWail"],"picked":"Catalyst","floor":5},{"not_picked":["Quick Slash","Acrobatics","Slice"],"picked":"SKIP","floor":11},{"not_picked":["Poisoned Stab","Dagger Throw","Terror"],"picked":"SKIP","floor":12},{"not_picked":["Distraction","Setup","Dagger Throw"],"picked":"SKIP","floor":13}],"player_experience":948224,"relics_obtained":[{"floor":9,"key":"Pen Nib"},{"floor":13,"key":"Happy Flower"}],"event_choices":[{"damage_healed":0,"gold_gain":0,"player_choice":"Grow","damage_taken":0,"max_hp_gain":0,"max_hp_loss":0,"event_name":"Living Wall","floor":14,"gold_loss":0,"cards_upgraded":["Catalyst"]}],"is_beta":true,"boss_relics":[],"items_purged_floors":[7],"is_endless":false,"potions_floor_spawned":[2,12],"killed_by":"Slime Boss","ascension_level":17}