{"gold_per_floor":[10,10,27,45,120,147,147,422,422,422,432,462,473,489,489,489],"floor_reached":16,"playtime":949,"items_purged":[],"score":140,"play_id":"7449de6b-2987-4ae9-b759-66c4a0682e80","local_time":"20190210123619","is_ascension_mode":true,"campfire_choices":[{"floor":7,"key":"REST"},{"floor":10,"key":"REST"},{"floor":15,"key":"REST"}],"neow_cost":"NO_GOLD","seed_source_timestamp":694537289980277,"circlet_count":0,"master_deck":["Defend_G","Defend_G","Defend_G","Defend_G","Defend_G","Strike_G","Strike_G","Strike_G","Survivor","Neutralize","Poisoned Stab","Sucker Punch","Flying Knee","Dash","Regret","Terror","Footwork","Noxious Fumes","Noxious Fumes"],"relics":["Ring of the Snake","CultistMask","Matryoshka","Potion Belt","Centennial Puzzle","Question Card"],"potions_floor_usage":[12,16,16],"damage_taken":[{"damage":4,"enemies":"Jaw Worm","floor":1,"turns":6},{"damage":0,"enemies":"Cultist","floor":3,"turns":5},{"damage":1,"enemies":"2 Louse","floor":4,"turns":3},{"damage":32,"enemies":"3 Sentries","floor":6,"turns":11},{"damage":18,"enemies":"2 Fungi Beasts","floor":11,"turns":4},{"damage":15,"enemies":"Lagavulin","floor":12,"turns":6},{"damage":18,"enemies":"Exordium Thugs","floor":13,"turns":6},{"damage":10,"enemies":"Looter","floor":14,"turns":3},{"damage":24,"enemies":"Slime Boss","floor":16,"turns":6}],"seed_played":"7354691175136944208","potions_obtained":[{"floor":6,"key":"Energy Potion"},{"floor":11,"key":"GhostInAJar"},{"floor":12,"key":"Block Potion"}],"is_trial":false,"path_per_floor":["M","?","M","M","?","E","R","?","T","R","M","E","M","M","R","B"],"character_chosen":"THE_SILENT","items_purchased":[],"campfire_rested":3,"item_purchase_floors":[],"current_hp_per_floor":[66,66,66,65,54,22,43,43,43,64,46,31,13,3,24,0],"gold":489,"neow_bonus":"REMOVE_TWO","is_prod":false,"is_daily":false,"chose_seed":false,"campfire_upgraded":0,"win_rate":0,"timestamp":1549830979,"path_taken":["M","?","?","M","?","E","R","?","T","R","M","E","M","M","R","BOSS"],"build_version":"2019-01-23","purchased_purges":0,"victory":false,"max_hp_per_floor":[70,70,70,70,70,70,70,70,70,70,70,70,70,70,70,70],"card_choices":[{"not_picked":["Underhanded Strike","Calculated Gamble"],"picked":"Poisoned Stab","floor":1},{"not_picked":["Backflip","PiercingWail"],"picked":"Sucker Punch","floor":3},{"not_picked":["Sucker Punch","Dodge and Roll"],"picked":"Flying Knee","floor":4},{"not_picked":["Outmaneuver","Masterful Stab"],"picked":"Dash","floor":6},{"not_picked":["Flechettes","Escape Plan"],"picked":"Terror","floor":11},{"not_picked":["Deflect","Tactician"],"picked":"Footwork","floor":12},{"not_picked":["Dagger Spray","PiercingWail","Endless Agony"],"picked":"Noxious Fumes","floor":13},{"not_picked":["Escape Plan","Dagger Throw","Riddle With Holes"],"picked":"Noxious Fumes","floor":14}],"player_experience":231452,"relics_obtained":[{"floor":6,"key":"Matryoshka"},{"floor":9,"key":"Potion Belt"},{"floor":9,"key":"Centennial Puzzle"},{"floor":12,"key":"Question Card"}],"event_choices":[{"damage_healed":0,"gold_gain":0,"player_choice":"Trade","damage_taken":0,"relics_obtained":["CultistMask"],"max_hp_gain":0,"max_hp_loss":0,"event_name":"FaceTrader","floor":2,"gold_loss":0},{"damage_healed":0,"gold_gain":75,"player_choice":"Gather Gold","damage_taken":11,"max_hp_gain":0,"max_hp_loss":0,"event_name":"World of Goop","floor":5,"gold_loss":0},{"damage_healed":0,"gold_gain":275,"player_choice":"Desecrate","damage_taken":0,"max_hp_gain":0,"max_hp_loss":0,"event_name":"Golden Shrine","floor":8,"gold_loss":0,"cards_obtained":["Regret"]}],"is_beta":false,"boss_relics":[],"items_purged_floors":[],"is_endless":false,"potions_floor_spawned":[6,11,12],"killed_by":"Slime Boss","ascension_level":5}