{"path_per_floor":["M","?","?","M","M","E","R","M","T","?","$","M","R","M","R","B",null,"M","?","?","?","M","R","M","M","T","M","$","?","R"],"character_chosen":"THE_SILENT","items_purchased":["Backstab","Sadistic Nature"],"gold_per_floor":[119,119,69,88,107,137,137,148,148,148,68,80,80,91,91,192,192,204,204,204,129,141,141,154,171,171,184,1,1,1],"floor_reached":31,"campfire_rested":3,"playtime":1505,"current_hp_per_floor":[59,59,59,59,58,10,30,20,20,20,20,20,20,20,40,26,57,51,51,51,51,50,50,38,16,26,18,18,18,41],"items_purged":[],"gold":1,"score":378,"play_id":"2c794778-16f8-41bf-9f98-0cf92ef4be45","local_time":"20180309230032","is_prod":false,"is_daily":false,"is_ascension_mode":true,"campfire_upgraded":1,"timestamp":1520647232,"path_taken":["M","?","?","M","?","E","R","?","T","?","$","M","R","M","R","BOSS","M","?","?","?","M","R","M","M","T","?","$","?","R","E"],"build_version":"2018-03-09","purchased_purges":0,"victory":false,"master_deck":["Defend_G","Defend_G","Defend_G","Defend_G","Defend_G","Strike_G","Survivor","Neutralize+1","Dagger Throw","Dagger Spray","Cloak And Dagger","Infinite Blades","Noxious Fumes","Backstab","Noxious Fumes","Corpse Explosion","Backstab","Sadistic Nature"],"max_hp_per_floor":[70,67,67,67,67,67,67,67,67,67,67,67,67,67,67,67,67,67,67,67,67,67,67,67,67,77,77,77,77,77],"relics":["Ring of the Snake","Bag of Marbles","Spirit Poop","Gambling Chip","Peace Pipe","Sozu","Pear","Blue Candle"],"card_choices":[{"not_picked":["Bane","Blade Dance"],"picked":"Dagger Throw"},{"not_picked":["Predator","PiercingWail"],"picked":"Dagger Spray"},{"not_picked":["Bouncing Flask","PiercingWail"],"picked":"Cloak And Dagger"},{"not_picked":["Predator","Bane"],"picked":"Infinite Blades"},{"not_picked":["Quick Slash","Sucker Punch"],"picked":"Noxious Fumes"},{"not_picked":["Poisoned Stab","Eviscerate"],"picked":"Noxious Fumes"},{"not_picked":["Doppelganger","Night Terror"],"picked":"Corpse Explosion"}],"player_experience":550945,"potions_floor_usage":[16,31],"damage_taken":[{"damage":4,"enemies":"Small Slimes","floor":1,"turns":3},{"damage":0,"enemies":"Cultist","floor":4,"turns":3},{"damage":1,"enemies":"Jaw Worm","floor":5,"turns":2},{"damage":48,"enemies":"Gremlin Nob","floor":6,"turns":5},{"damage":10,"enemies":"Exordium Wildlife","floor":8,"turns":5},{"damage":0,"enemies":"3 Louse","floor":12,"turns":2},{"damage":0,"enemies":"Gremlin Gang","floor":14,"turns":1},{"damage":14,"enemies":"Hexaghost","floor":16,"turns":9},{"damage":6,"enemies":"Shell Parasite","floor":18,"turns":5},{"damage":1,"enemies":"3 Byrds","floor":22,"turns":4},{"damage":12,"enemies":"Cultist and Chosen","floor":24,"turns":6},{"damage":22,"enemies":"Slaver and Parasite","floor":25,"turns":6},{"damage":8,"enemies":"3 Cultists","floor":27,"turns":5},{"damage":44,"enemies":"Gremlin Leader","floor":31,"turns":6}],"event_choices":[{"event_name":"Bonfire Elementals","player_choice":"CURSE","floor":2,"damage_taken":0},{"event_name":"The Cleric","player_choice":"Card Removal","floor":3,"damage_taken":0},{"event_name":"Purifier","player_choice":"One Purge","floor":10,"damage_taken":0},{"event_name":"Vampires","player_choice":"Ignored","floor":19,"damage_taken":0},{"event_name":"Duplicator","player_choice":"One dupe","floor":20,"damage_taken":0},{"event_name":"Beggar","player_choice":"Gave Gold","floor":21,"damage_taken":0},{"event_name":"The Mausoleum","player_choice":"Yes","floor":29,"damage_taken":0}],"boss_relics":[{"not_picked":["Runic Pyramid","Ectoplasm"],"picked":"Sozu"}],"potions_floor_spawned":[6,12,22,24],"seed_played":"91846164552120943","killed_by":"Gremlin Leader","ascension_level":12,"is_trial":false}