{"gold_per_floor":[112,112,187,187,211,245,265,265,346,425,130,130,305,305,305,425,425,449,449,482,482,41,72,72,72,121,147,159,202,214,250,262,394,469,505,517,529,541,553,565,612,624,636,648,660,367,383,3,3,3],"floor_reached":51,"playtime":2991,"items_purged":["Injury","Strike_G"],"score":1063,"play_id":"48b71788-9c93-4a20-99fb-b6a18b727958","local_time":"20190224222053","is_ascension_mode":true,"campfire_choices":[{"data":"Neutralize","floor":8,"key":"SMITH"},{"data":"Dodge and Roll","floor":12,"key":"SMITH"},{"floor":15,"key":"REST"},{"floor":24,"key":"REST"},{"floor":30,"key":"DIG"},{"floor":32,"key":"DIG"},{"floor":40,"key":"DIG"},{"floor":42,"key":"DIG"},{"floor":44,"key":"DIG"},{"floor":49,"key":"REST"}],"neow_cost":"NONE","seed_source_timestamp":790366916163555,"circlet_count":0,"master_deck":["Defend_G+1","Defend_G+1","Defend_G","Defend_G","Defend_G","Strike_G","Strike_G","Survivor","Neutralize+1","Caltrops","Predator","Quick Slash","Dodge and Roll+1","PiercingWail+1","Dash","Caltrops","Unload+1","Flying Knee","Neutralize+1","Blade Dance+1","Blade Dance+1","Infinite Blades+1","Backstab+1","Accuracy+1","A Thousand Cuts","Flying Knee","Quick Slash+1","Writhe","Phantasmal Killer","Accuracy+1","Apotheosis","Dash+1","Infinite Blades+1","Backstab"],"relics":["Ring of the Snake","NeowsBlessing","Golden Idol","Juzu Bracelet","Ornamental Fan","Ancient Tea Set","Blood Vial","Fusion Hammer","Red Mask","Regal Pillow","Toolbox","War Paint","MawBank","Shovel","Darkstone Periapt","Oddly Smooth Stone","Tiny House","Art of War","Whetstone","StoneCalendar","Omamori","Gremlin Horn","Frozen Egg 2","WarpedTongs","Happy Flower"],"potions_floor_usage":[10,10,16,33,35,47,50,50],"damage_taken":[{"damage":0,"enemies":"2 Louse","floor":1,"turns":1},{"damage":0,"enemies":"Small Slimes","floor":5,"turns":1},{"damage":0,"enemies":"Gremlin Nob","floor":6,"turns":1},{"damage":1,"enemies":"Cultist","floor":7,"turns":5},{"damage":14,"enemies":"Gremlin Nob","floor":10,"turns":4},{"damage":12,"enemies":"The Guardian","floor":16,"turns":12},{"damage":1,"enemies":"3 Byrds","floor":18,"turns":3},{"damage":38,"enemies":"Masked Bandits","floor":20,"turns":6},{"damage":32,"enemies":"Slavers","floor":23,"turns":7},{"damage":0,"enemies":"Spheric Guardian","floor":27,"turns":3},{"damage":6,"enemies":"Book of Stabbing","floor":29,"turns":5},{"damage":5,"enemies":"Snake Plant","floor":31,"turns":5},{"damage":34,"enemies":"Collector","floor":33,"turns":11},{"damage":6,"enemies":"3 Darklings","floor":35,"turns":4},{"damage":37,"enemies":"Nemesis","floor":41,"turns":5},{"damage":4,"enemies":"Orb Walker","floor":47,"turns":2},{"damage":75,"enemies":"Donu and Deca","floor":50,"turns":7}],"seed_played":"874846476216884684","potions_obtained":[{"floor":1,"key":"Energy Potion"},{"floor":6,"key":"SkillPotion"},{"floor":7,"key":"Swift Potion"},{"floor":23,"key":"Fire Potion"},{"floor":31,"key":"AttackPotion"},{"floor":34,"key":"Block Potion"}],"is_trial":false,"path_per_floor":["M","?","?","?","M","E","M","R","T","?","$","R","?","?","R","B",null,"M","?","?","?","$","E","R","?","T","M","$","E","R","M","R","B",null,"M","?","?","?","?","R","E","R","T","R","?","$","M","$","R","B",null],"character_chosen":"THE_SILENT","items_purchased":["Blood Vial","Caltrops","Regal Pillow","Toolbox","Accuracy+1","Fruit Juice","Apotheosis","Happy Flower","Infinite Blades+1","Ancient Potion","SkillPotion","Backstab"],"campfire_rested":3,"item_purchase_floors":[11,11,22,22,46,46,46,48,48,48,48,48],"current_hp_per_floor":[63,63,52,52,52,52,51,51,51,37,37,37,37,30,51,41,63,64,64,28,70,70,38,70,57,57,59,59,55,55,52,52,20,66,62,86,86,86,86,86,49,49,49,49,49,49,52,52,91,16],"gold":3,"neow_bonus":"THREE_ENEMY_KILL","is_prod":false,"is_daily":false,"chose_seed":false,"campfire_upgraded":2,"win_rate":0,"timestamp":1551075653,"path_taken":["M","?","?","?","M","E","M","R","T","?","?","R","?","?","R","BOSS","M","?","?","?","$","E","R","?","T","M","$","E","R","M","R","BOSS","M","?","?","?","?","R","E","R","T","R","?","$","M","$","R","BOSS"],"build_version":"2019-01-23","purchased_purges":2,"victory":true,"max_hp_per_floor":[70,70,70,70,70,70,70,70,70,70,70,70,70,70,70,70,70,70,70,70,70,70,70,70,75,75,75,75,75,75,75,75,75,80,80,86,86,86,86,86,86,86,86,86,86,86,91,91,91,91],"card_choices":[{"not_picked":["Endless Agony","Slice"],"picked":"Caltrops","floor":1},{"not_picked":["Poisoned Stab","Calculated Gamble"],"picked":"Quick Slash","floor":5},{"not_picked":["Deadly Poison","Catalyst"],"picked":"Dodge and Roll","floor":6},{"not_picked":["Poisoned Stab","Bouncing Flask"],"picked":"PiercingWail","floor":7},{"not_picked":["Finisher","Quick Slash"],"picked":"Dash","floor":10},{"not_picked":["Phantasmal Killer","Burst"],"picked":"Unload","floor":16},{"not_picked":["Poisoned Stab","Riddle With Holes"],"picked":"Flying Knee","floor":18},{"not_picked":["PiercingWail","Well Laid Plans"],"picked":"Blade Dance+1","floor":20},{"not_picked":["Prepared","Poisoned Stab"],"picked":"Blade Dance+1","floor":23},{"not_picked":["Slice+1","Storm of Steel"],"picked":"Infinite Blades+1","floor":27},{"not_picked":["Underhanded Strike","Deflect+1"],"picked":"Backstab","floor":29},{"not_picked":["Blur","Eviscerate+1"],"picked":"Accuracy+1","floor":31},{"not_picked":["Adrenaline","Storm of Steel"],"picked":"A Thousand Cuts","floor":33},{"not_picked":["PiercingWail","Dagger Spray"],"picked":"Flying Knee","floor":34},{"not_picked":["Acrobatics","Bane"],"picked":"Quick Slash+1","floor":35},{"not_picked":["Endless Agony+1","Catalyst+1","Expertise"],"picked":"SKIP","floor":41},{"not_picked":["Well Laid Plans+1","Eviscerate+1"],"picked":"Dash+1","floor":47}],"player_experience":352244,"relics_obtained":[{"floor":6,"key":"Juzu Bracelet"},{"floor":9,"key":"Ornamental Fan"},{"floor":10,"key":"Ancient Tea Set"},{"floor":20,"key":"Red Mask"},{"floor":23,"key":"War Paint"},{"floor":26,"key":"MawBank"},{"floor":29,"key":"Shovel"},{"floor":30,"key":"Darkstone Periapt"},{"floor":32,"key":"Oddly Smooth Stone"},{"floor":40,"key":"Whetstone"},{"floor":41,"key":"StoneCalendar"},{"floor":42,"key":"Omamori"},{"floor":43,"key":"Gremlin Horn"},{"floor":44,"key":"Frozen Egg 2"}],"event_choices":[{"damage_healed":0,"gold_gain":0,"player_choice":"Take Wound","damage_taken":0,"relics_obtained":["Golden Idol"],"max_hp_gain":0,"max_hp_loss":0,"event_name":"Golden Idol","floor":2,"gold_loss":0,"cards_obtained":["Injury"]},{"damage_healed":0,"gold_gain":75,"player_choice":"Gather Gold","damage_taken":11,"max_hp_gain":0,"max_hp_loss":0,"event_name":"World of Goop","floor":3,"gold_loss":0},{"damage_healed":0,"gold_gain":0,"cards_transformed":["Strike_G"],"player_choice":"Change","damage_taken":0,"max_hp_gain":0,"max_hp_loss":0,"event_name":"Living Wall","floor":4,"gold_loss":0,"cards_obtained":["Predator"]},{"damage_healed":0,"gold_gain":0,"player_choice":"Searched \u00271\u0027 times","damage_taken":0,"max_hp_gain":0,"max_hp_loss":0,"event_name":"Dead Adventurer","floor":10,"gold_loss":0},{"damage_healed":0,"gold_gain":175,"player_choice":"AGREE","damage_taken":0,"max_hp_gain":0,"max_hp_loss":0,"event_name":"Liars Game","floor":13,"gold_loss":0,"cards_obtained":["Doubt"]},{"cards_removed":["Doubt"],"damage_healed":0,"gold_gain":0,"player_choice":"Card Removal","damage_taken":7,"max_hp_gain":0,"max_hp_loss":0,"event_name":"Golden Wing","floor":14,"gold_loss":0},{"damage_healed":0,"gold_gain":0,"player_choice":"Copied","damage_taken":0,"max_hp_gain":0,"max_hp_loss":0,"event_name":"Duplicator","floor":19,"gold_loss":0,"cards_obtained":["Neutralize"]},{"damage_healed":0,"gold_gain":0,"player_choice":"Fought Bandits","damage_taken":0,"max_hp_gain":0,"max_hp_loss":0,"event_name":"Masked Bandits","floor":20,"gold_loss":0},{"damage_healed":42,"gold_gain":0,"player_choice":"Full Heal","damage_taken":0,"max_hp_gain":0,"max_hp_loss":0,"event_name":"Wheel of Change","floor":21,"gold_loss":0},{"damage_healed":0,"gold_gain":0,"player_choice":"Shed Blood","damage_taken":18,"max_hp_gain":5,"max_hp_loss":0,"event_name":"Forgotten Altar","floor":25,"gold_loss":0},{"damage_healed":20,"gold_gain":0,"player_choice":"Writhe","damage_taken":0,"max_hp_gain":0,"max_hp_loss":0,"event_name":"Winding Halls","floor":36,"gold_loss":0,"cards_obtained":["Writhe"]},{"damage_healed":0,"gold_gain":0,"player_choice":"Gave Potion","damage_taken":0,"relics_obtained":["Art of War"],"max_hp_gain":0,"max_hp_loss":0,"event_name":"WeMeetAgain","floor":37,"gold_loss":0},{"damage_healed":0,"gold_gain":0,"player_choice":"Ignored","damage_taken":0,"max_hp_gain":0,"max_hp_loss":0,"event_name":"Mysterious Sphere","floor":38,"gold_loss":0},{"damage_healed":0,"gold_gain":0,"cards_transformed":["Strike_G"],"player_choice":"Transformed","damage_taken":0,"max_hp_gain":0,"max_hp_loss":0,"event_name":"Transmorgrifier","floor":39,"gold_loss":0,"cards_obtained":["Phantasmal Killer"]},{"damage_healed":0,"gold_gain":0,"player_choice":"Rummage","damage_taken":0,"relics_obtained":["WarpedTongs"],"max_hp_gain":0,"max_hp_loss":0,"event_name":"Accursed Blacksmith","floor":45,"gold_loss":0,"cards_obtained":["Pain"]}],"is_beta":false,"boss_relics":[{"not_picked":["Runic Dome","White Beast Statue"],"picked":"Fusion Hammer"},{"not_picked":["Philosopher\u0027s Stone","HoveringKite"],"picked":"Tiny House"}],"items_purged_floors":[11,22],"is_endless":false,"potions_floor_spawned":[1,6,7,23,31],"ascension_level":7}