{"gold_per_floor":[119,119,139,139,158,158,174,199,248,248,248,45,55,5,5,102,102,112,132,132,231,68,68,103,103],"floor_reached":25,"playtime":986,"items_purged":[],"score":285,"play_id":"26ddfe1f-cb4e-4569-8c4c-e25b55cee97e","local_time":"20190226205004","is_ascension_mode":true,"campfire_choices":[{"data":"Beam Cell","floor":6,"key":"SMITH"},{"data":"Creative AI","floor":10,"key":"SMITH"},{"floor":15,"key":"REST"},{"data":"Zap","floor":23,"key":"SMITH"}],"neow_cost":"NONE","seed_source_timestamp":959746261966458,"circlet_count":0,"master_deck":["Strike_B","Strike_B","Defend_B","Defend_B","Defend_B","Defend_B","Zap+1","Dualcast","Beam Cell+1","Streamline","Defragment","Tempest","Creative AI+1","Multi-Cast","Beam Cell+1","Force Field","Seek","Conserve Battery+1","Conserve Battery+1","Electrodynamics"],"relics":["Cracked Core","NeowsBlessing","Meat on the Bone","Juzu Bracelet","DataDisk","DollysMirror","Sozu","Mango","Art of War"],"potions_floor_usage":[24],"damage_taken":[{"damage":0,"enemies":"2 Louse","floor":1,"turns":1},{"damage":0,"enemies":"Small Slimes","floor":3,"turns":1},{"damage":0,"enemies":"Jaw Worm","floor":5,"turns":1},{"damage":4,"enemies":"2 Fungi Beasts","floor":7,"turns":2},{"damage":25,"enemies":"Lagavulin","floor":8,"turns":6},{"damage":21,"enemies":"Large Slime","floor":13,"turns":5},{"damage":48,"enemies":"The Guardian","floor":16,"turns":9},{"damage":16,"enemies":"Spheric Guardian","floor":18,"turns":5},{"damage":35,"enemies":"2 Thieves","floor":19,"turns":5},{"damage":27,"enemies":"Slavers","floor":24,"turns":4},{"damage":24,"enemies":"Snake Plant","floor":25,"turns":2}],"seed_played":"-1663626653144358149","potions_obtained":[{"floor":7,"key":"Explosive Potion"},{"floor":16,"key":"Strength Potion"}],"is_trial":false,"path_per_floor":["M","?","M","?","M","R","M","E","T","R","?","$","M","?","R","B",null,"M","M","?","?","$","R","E","M"],"character_chosen":"DEFECT","items_purchased":["DollysMirror","Electrodynamics"],"campfire_rested":1,"item_purchase_floors":[12,22],"current_hp_per_floor":[68,68,68,61,61,61,57,44,44,44,44,44,35,35,57,21,62,46,23,37,37,37,37,22,0],"gold":103,"neow_bonus":"THREE_ENEMY_KILL","is_prod":false,"is_daily":false,"chose_seed":false,"campfire_upgraded":3,"win_rate":0,"timestamp":1551243004,"path_taken":["M","?","M","?","M","R","M","E","T","R","?","?","M","?","R","BOSS","M","M","?","?","$","R","E","M"],"build_version":"2019-01-23","purchased_purges":0,"victory":false,"max_hp_per_floor":[75,75,75,75,75,75,75,75,75,75,75,75,75,75,75,75,75,75,75,89,89,89,89,89,89],"card_choices":[{"not_picked":["Rebound","Turbo"],"picked":"Beam Cell","floor":1},{"not_picked":["Conserve Battery","Skim"],"picked":"Streamline","floor":3},{"not_picked":["Coolheaded","Beam Cell","Defragment"],"picked":"SKIP","floor":5},{"not_picked":["Coolheaded","Beam Cell"],"picked":"Defragment","floor":5},{"not_picked":["Aggregate","Steam"],"picked":"Tempest","floor":7},{"not_picked":["Doom and Gloom","Turbo"],"picked":"Creative AI","floor":8},{"not_picked":["Ball Lightning","Rebound"],"picked":"Force Field","floor":13},{"not_picked":["Biased Cognition","Hyperbeam"],"picked":"Seek","floor":16},{"not_picked":["Streamline+1","Rebound"],"picked":"Conserve Battery+1","floor":18},{"not_picked":["Redo","Sweeping Beam"],"picked":"Conserve Battery+1","floor":19},{"not_picked":["Stack","Coolheaded+1","Redo"],"picked":"SKIP","floor":24}],"player_experience":371989,"relics_obtained":[{"floor":8,"key":"Juzu Bracelet"},{"floor":9,"key":"DataDisk"},{"floor":24,"key":"Art of War"}],"event_choices":[{"damage_healed":0,"gold_gain":0,"player_choice":"Box","damage_taken":0,"relics_obtained":["Meat on the Bone"],"max_hp_gain":0,"max_hp_loss":0,"event_name":"Big Fish","floor":2,"gold_loss":0,"cards_obtained":["Regret"]},{"cards_removed":["Regret"],"damage_healed":0,"gold_gain":0,"player_choice":"Card Removal","damage_taken":7,"max_hp_gain":0,"max_hp_loss":0,"event_name":"Golden Wing","floor":4,"gold_loss":0},{"damage_healed":0,"gold_gain":0,"cards_transformed":["Strike_B"],"player_choice":"Change","damage_taken":0,"max_hp_gain":0,"max_hp_loss":0,"event_name":"Living Wall","floor":11,"gold_loss":0,"cards_obtained":["Multi-Cast"]},{"cards_removed":["Strike_B"],"damage_healed":0,"gold_gain":0,"player_choice":"Card Removal","damage_taken":0,"max_hp_gain":0,"max_hp_loss":0,"event_name":"The Cleric","floor":14,"gold_loss":50},{"damage_healed":0,"gold_gain":0,"player_choice":"Opened","damage_taken":0,"relics_obtained":["Mango"],"max_hp_gain":0,"max_hp_loss":0,"event_name":"The Mausoleum","floor":20,"gold_loss":0},{"damage_healed":0,"gold_gain":99,"player_choice":"Stole From Cult","damage_taken":0,"max_hp_gain":0,"max_hp_loss":0,"event_name":"Nest","floor":21,"gold_loss":0}],"is_beta":false,"boss_relics":[{"not_picked":["FrozenCore","Snecko Eye"],"picked":"Sozu"}],"items_purged_floors":[],"is_endless":false,"potions_floor_spawned":[7,16,18,24],"killed_by":"Snake Plant","ascension_level":6}