{"path_per_floor":["M","M","$","?","M","R","E","?","T","E","?","M","$","M","R","B",null,"M","?","M"],"character_chosen":"IRONCLAD","items_purchased":["Shovel"],"gold_per_floor":[114,132,57,57,76,76,106,281,306,333,583,599,199,218,218,321,321,335,335,309],"floor_reached":21,"campfire_rested":0,"playtime":1098,"current_hp_per_floor":[80,80,80,80,77,77,67,67,67,59,59,55,55,55,55,34,80,54,54,17],"items_purged":["Defend_R","Doubt"],"gold":309,"score":227,"play_id":"63772db2-cafd-462e-98cd-b310dc06b34c","local_time":"20180307001755","is_prod":false,"is_daily":false,"is_ascension_mode":true,"campfire_upgraded":1,"timestamp":1520392675,"path_taken":["M","M","$","?","M","R","E","?","T","E","?","M","?","M","R","BOSS","M","?","M","?"],"build_version":"2018-03-01-PROD1","purchased_purges":3,"victory":false,"master_deck":["Strike_R","Strike_R","Strike_R","Strike_R","Defend_R","Defend_R","Defend_R","Bash","Armaments+1","Seeing Red","Regret","Headbutt","Flex","Regret","Inflame","True Grit","Offering","Writhe","Spot Weakness"],"max_hp_per_floor":[80,80,80,80,80,80,80,80,80,80,80,80,80,80,80,80,80,80,80,80],"relics":["Burning Blood","Orichalcum","Happy Flower","Oddly Smooth Stone","Torii","Shovel","Prayer Wheel","Cursed Key","Vajra"],"card_choices":[{"not_picked":["Perfected Strike","Flex"],"picked":"Armaments"},{"not_picked":["Battle Trance","Perfected Strike"],"picked":"Seeing Red"},{"not_picked":["True Grit","Twin Strike"],"picked":"Headbutt"},{"not_picked":["Havoc","True Grit"],"picked":"Flex"},{"not_picked":["Hemokinesis","Perfected Strike"],"picked":"Inflame"},{"not_picked":["Wild Strike","Iron Wave"],"picked":"True Grit"},{"not_picked":["Reaper","Impervious"],"picked":"Offering"},{"not_picked":["Perfected Strike","Clothesline"],"picked":"Spot Weakness"}],"player_experience":511340,"potions_floor_usage":[7,10,16],"damage_taken":[{"damage":2,"enemies":"Small Slimes","floor":1,"turns":5},{"damage":0,"enemies":"2 Louse","floor":2,"turns":3},{"damage":9,"enemies":"Cultist","floor":5,"turns":4},{"damage":16,"enemies":"Lagavulin","floor":7,"turns":5},{"damage":14,"enemies":"3 Sentries","floor":10,"turns":7},{"damage":10,"enemies":"3 Louse","floor":12,"turns":5},{"damage":6,"enemies":"Blue Slaver","floor":14,"turns":4},{"damage":27,"enemies":"The Guardian","floor":16,"turns":13},{"damage":32,"enemies":"Shell Parasite","floor":18,"turns":8},{"damage":43,"enemies":"2 Thieves","floor":20,"turns":5},{"damage":23,"enemies":"Cultist and Chosen","floor":21,"turns":4}],"event_choices":[{"event_name":"Big Fish","player_choice":"Box","floor":4,"damage_taken":0},{"event_name":"Liars Game","player_choice":"agreed","floor":8,"damage_taken":0},{"event_name":"Golden Shrine","player_choice":"Desecrate","floor":11,"damage_taken":0},{"event_name":"The Mausoleum","player_choice":"Yes","floor":19,"damage_taken":0}],"boss_relics":[{"not_picked":["Velvet Choker","Runic Dome"],"picked":"Cursed Key"}],"potions_floor_spawned":[2,5,10],"seed_played":"-3500968779902968024","killed_by":"Cultist and Chosen","ascension_level":4,"is_trial":false}