{"path_per_floor":["M","M","?","$","M","R","?","M","T","?","M","?","R","E","R","B",null,"M","$","T","?"],"character_chosen":"THE_SILENT","items_purchased":["Madness","Noxious Fumes","Snake Skull"],"gold_per_floor":[145,155,330,153,169,169,169,182,182,133,157,157,157,191,191,312,312,335,119,193,193],"floor_reached":22,"campfire_rested":2,"playtime":885,"current_hp_per_floor":[63,56,56,56,49,49,49,49,49,49,49,36,55,27,46,1,49,14,14,14,14],"items_purged":["Doubt"],"gold":193,"score":255,"play_id":"8550358b-0d92-46cc-aee5-2e6f5f9fc476","is_prod":false,"is_daily":false,"is_ascension_mode":true,"campfire_upgraded":1,"path_taken":["M","M","?","$","?","R","?","M","T","?","M","?","R","E","R","BOSS","M","$","?","?","M"],"build_version":"2018-02-22-PROD2","purchased_purges":1,"victory":false,"master_deck":["Defend_G","Defend_G","Defend_G+1","Defend_G","Defend_G","Strike_G","Strike_G","Strike_G","Strike_G","Strike_G","Survivor+1","Neutralize","Dagger Spray","Madness+1","Die Die Die","Terror","Well Laid Plans+1","Noxious Fumes"],"max_hp_per_floor":[70,70,70,70,70,70,65,65,65,65,65,65,65,65,65,65,65,65,65,65,65],"relics":["Ring of the Snake","Tiny Chest","Golden Idol","Happy Flower","Frozen Eye","Sozu","Snake Skull","Mercury Hourglass"],"card_choices":[{"not_picked":["Noxious Fumes","Dodge and Roll"],"picked":"Dagger Spray"},{"not_picked":["Dagger Throw","Footwork"],"picked":"Die Die Die"},{"not_picked":["Blade Dance","Bouncing Flask"],"picked":"Terror"},{"not_picked":["Quick Slash","Backflip"],"picked":"Well Laid Plans"}],"player_experience":312027,"potions_floor_usage":[16,16,16],"damage_taken":[{"damage":0,"enemies":"Small Slimes","floor":1,"turns":4},{"damage":7,"enemies":"Cultist","floor":2,"turns":5},{"damage":7,"enemies":"Jaw Worm","floor":5,"turns":7},{"damage":0,"enemies":"3 Louse","floor":8,"turns":1},{"damage":0,"enemies":"Large Slime","floor":11,"turns":5},{"damage":28,"enemies":"Gremlin Nob","floor":14,"turns":5},{"damage":45,"enemies":"Hexaghost","floor":16,"turns":12},{"damage":35,"enemies":"2 Thieves","floor":18,"turns":4},{"damage":0,"enemies":"Spheric Guardian","floor":22,"turns":3}],"event_choices":[{"event_name":"Liars Game","player_choice":"agreed","floor":3,"damage_taken":0},{"event_name":"Golden Idol","player_choice":"Lose Max HP","floor":7,"damage_taken":0},{"event_name":"World of Goop","player_choice":"Left","floor":10,"damage_taken":0},{"event_name":"Shining Light","player_choice":"Entered Light","floor":12,"damage_taken":0},{"event_name":"N\u0027loth","player_choice":"Ignored","floor":21,"damage_taken":0}],"boss_relics":[{"not_picked":["Ectoplasm","White Beast Statue"],"picked":"Sozu"}],"potions_floor_spawned":[1,5,11],"seed_played":"5194987096193022718","killed_by":"Spheric Guardian","ascension_level":8,"is_trial":false}