{"gold_per_floor":[117,117,131,145,220,220,247,266,334,334,359,359,359,372,372,470,470,487,67,81,81,180,207,207,241,266,266,266,301,311,327,327,327],"floor_reached":33,"playtime":1557,"items_purged":["Strike_G"],"score":391,"play_id":"5032e9f5-7fc3-4316-a2ad-c134f721ddd0","local_time":"20190305080158","is_ascension_mode":true,"campfire_choices":[{"data":"Blade Dance","floor":6,"key":"SMITH"},{"data":"Blur","floor":10,"key":"SMITH"},{"data":"Infinite Blades","floor":13,"key":"SMITH"},{"data":"Bouncing Flask","floor":15,"key":"SMITH"},{"data":"Blade Dance","floor":24,"key":"SMITH"},{"floor":27,"key":"REST"},{"floor":32,"key":"REST"}],"neow_cost":"NONE","seed_source_timestamp":197187959665822,"circlet_count":0,"master_deck":["Defend_G","Defend_G","Defend_G","Defend_G","Strike_G","Strike_G","Strike_G","Strike_G","Survivor","Neutralize+1","Blur+1","Bouncing Flask+1","Blade Dance+1","Outmaneuver","Infinite Blades+1","PiercingWail","Dagger Throw","Doppelganger","Flying Knee+1","Noxious Fumes","Blade Dance+1","Adrenaline","Dodge and Roll","Dash","Decay","Leg Sweep","Acrobatics+1"],"relics":["Ring of the Snake","StoneCalendar","Gremlin Horn","Anchor","CultistMask","WristBlade","Ornamental Fan","Blood Vial","Matryoshka","Blue Candle","Bag of Preparation","Calipers"],"potions_floor_usage":[7,16,23,25,30,31],"damage_taken":[{"damage":3,"enemies":"Small Slimes","floor":1,"turns":4},{"damage":0,"enemies":"Cultist","floor":3,"turns":4},{"damage":3,"enemies":"Jaw Worm","floor":4,"turns":4},{"damage":9,"enemies":"Lagavulin","floor":7,"turns":6},{"damage":10,"enemies":"2 Fungi Beasts","floor":8,"turns":3},{"damage":12,"enemies":"Gremlin Nob","floor":11,"turns":4},{"damage":0,"enemies":"Exordium Thugs","floor":14,"turns":4},{"damage":1,"enemies":"Hexaghost","floor":16,"turns":7},{"damage":0,"enemies":"3 Byrds","floor":18,"turns":5},{"damage":11,"enemies":"Spheric Guardian","floor":20,"turns":4},{"damage":15,"enemies":"Gremlin Leader","floor":23,"turns":6},{"damage":23,"enemies":"Book of Stabbing","floor":25,"turns":6},{"damage":18,"enemies":"Slavers","floor":29,"turns":7},{"damage":1,"enemies":"Snake Plant","floor":30,"turns":5},{"damage":20,"enemies":"Sentry and Sphere","floor":31,"turns":5},{"damage":36,"enemies":"Collector","floor":33,"turns":7}],"seed_played":"8103418498781763488","potions_obtained":[{"floor":3,"key":"SkillPotion"},{"floor":4,"key":"Ancient Potion"},{"floor":7,"key":"LiquidBronze"},{"floor":16,"key":"Dexterity Potion"},{"floor":18,"key":"Energy Potion"},{"floor":29,"key":"Fire Potion"}],"is_trial":false,"path_per_floor":["M","?","M","M","?","R","E","M","T","R","E","?","R","M","R","B",null,"M","$","M","?","?","E","R","E","T","R","?","E","M","M","R","B"],"character_chosen":"THE_SILENT","items_purchased":["Noxious Fumes","Blade Dance","Ornamental Fan"],"campfire_rested":2,"item_purchase_floors":[19,19,19],"current_hp_per_floor":[67,67,67,64,53,53,44,34,34,34,22,22,22,22,22,21,58,58,58,47,47,47,34,34,13,13,34,34,18,19,1,22,0],"gold":327,"neow_bonus":"UPGRADE_CARD","is_prod":false,"is_daily":false,"chose_seed":false,"campfire_upgraded":5,"win_rate":0,"timestamp":1551794518,"path_taken":["M","?","?","M","?","R","E","M","T","R","E","?","R","M","R","BOSS","M","$","M","?","?","E","R","E","T","R","?","E","M","M","R","BOSS"],"build_version":"2019-01-23","purchased_purges":1,"victory":false,"max_hp_per_floor":[70,70,70,70,70,70,70,70,70,70,70,70,70,70,70,70,70,70,70,70,70,70,70,70,70,70,70,70,70,70,70,70,70],"card_choices":[{"not_picked":["Poisoned Stab","Bane"],"picked":"Blur","floor":1},{"not_picked":["Bane","Flying Knee"],"picked":"Bouncing Flask","floor":3},{"not_picked":["Dagger Spray","Riddle With Holes"],"picked":"Blade Dance","floor":4},{"not_picked":["Dagger Spray","Expertise"],"picked":"Outmaneuver","floor":7},{"not_picked":["Bane","Flying Knee"],"picked":"Infinite Blades","floor":8},{"not_picked":["Sucker Punch","Underhanded Strike"],"picked":"PiercingWail","floor":11},{"not_picked":["Reflex","Prepared"],"picked":"Dagger Throw","floor":14},{"not_picked":["Malaise","Phantasmal Killer"],"picked":"Doppelganger","floor":16},{"not_picked":["Outmaneuver","Sucker Punch"],"picked":"Flying Knee+1","floor":18},{"not_picked":["PiercingWail","Catalyst+1"],"picked":"Adrenaline","floor":20},{"not_picked":["Setup","Tactician"],"picked":"Dodge and Roll","floor":23},{"not_picked":["Dodge and Roll","Leg Sweep"],"picked":"Dash","floor":25},{"not_picked":["Unload","Prepared+1"],"picked":"Leg Sweep","floor":29},{"not_picked":["Underhanded Strike","Poisoned Stab","Dagger Throw"],"picked":"SKIP","floor":30},{"not_picked":["Dash","PiercingWail"],"picked":"Acrobatics+1","floor":31}],"player_experience":310665,"relics_obtained":[{"floor":7,"key":"StoneCalendar"},{"floor":9,"key":"Gremlin Horn"},{"floor":11,"key":"Anchor"},{"floor":23,"key":"Matryoshka"},{"floor":25,"key":"Blue Candle"},{"floor":26,"key":"Bag of Preparation"},{"floor":29,"key":"Calipers"}],"event_choices":[{"cards_removed":["Defend_G"],"damage_healed":0,"gold_gain":0,"player_choice":"Offered Basic","damage_taken":0,"max_hp_gain":0,"max_hp_loss":0,"event_name":"Bonfire Elementals","floor":2,"gold_loss":0},{"damage_healed":0,"gold_gain":75,"player_choice":"Gather Gold","damage_taken":11,"max_hp_gain":0,"max_hp_loss":0,"event_name":"World of Goop","floor":5,"gold_loss":0},{"damage_healed":0,"gold_gain":0,"player_choice":"Trade","damage_taken":0,"relics_obtained":["CultistMask"],"max_hp_gain":0,"max_hp_loss":0,"event_name":"FaceTrader","floor":12,"gold_loss":0},{"damage_healed":0,"gold_gain":0,"player_choice":"Opened","damage_taken":0,"relics_obtained":["Blood Vial"],"max_hp_gain":0,"max_hp_loss":0,"event_name":"The Mausoleum","floor":21,"gold_loss":0},{"damage_healed":0,"gold_gain":99,"player_choice":"Stole From Cult","damage_taken":0,"max_hp_gain":0,"max_hp_loss":0,"event_name":"Nest","floor":22,"gold_loss":0},{"damage_healed":0,"gold_gain":0,"player_choice":"Cursed","damage_taken":0,"max_hp_gain":0,"max_hp_loss":0,"event_name":"Wheel of Change","floor":28,"gold_loss":0,"cards_obtained":["Decay"]}],"is_beta":false,"boss_relics":[{"not_picked":["Cursed Key","Coffee Dripper"],"picked":"WristBlade"}],"items_purged_floors":[19],"is_endless":false,"potions_floor_spawned":[3,4,7,16,18,29],"killed_by":"Collector","ascension_level":5}