{"path_per_floor":["M","?","M","$","?","$","E","T","T","E","M","M","?","M","R","B",null,"M","?","$","?","M","E","?","E","T","R","$","R","M","?","R","B",null,"M","$","?","$","?","E","?","R","T","M","E","M","M","M","R"],"character_chosen":"THE_SILENT","items_purchased":["Juzu Bracelet","Caltrops","Apotheosis","Girya","Lantern"],"gold_per_floor":[109,184,194,17,17,17,51,76,76,105,117,133,233,249,249,346,346,366,616,67,67,81,114,114,144,196,196,96,96,114,114,114,213,213,225,74,0,0,0,34,34,34,34,45,72,87,103,113,113],"floor_reached":50,"campfire_rested":4,"playtime":3403,"current_hp_per_floor":[63,52,52,52,52,52,52,52,52,34,34,33,33,32,53,38,62,55,55,55,55,55,46,46,19,19,40,40,40,38,38,59,49,65,56,56,56,56,56,39,57,57,57,57,51,50,41,33,54],"items_purged":["Regret","Strike_G"],"gold":113,"score":754,"play_id":"7c65e41f-575c-4733-896a-530b17143dfa","is_prod":false,"is_daily":false,"is_ascension_mode":true,"campfire_upgraded":0,"path_taken":["M","?","M","$","?","$","E","?","T","E","M","M","?","M","R","BOSS","M","?","$","?","M","E","?","E","T","R","$","R","M","?","R","BOSS","M","?","?","$","?","E","?","R","T","M","E","M","M","M","R","BOSS"],"build_version":"2018-02-22-PROD2","purchased_purges":2,"victory":false,"master_deck":["Defend_G+1","Defend_G","Defend_G","Defend_G","Strike_G","Strike_G","Survivor","Neutralize","Leg Sweep","Caltrops","Concentrate","Infinite Blades","Predator","Calculated Gamble","Noxious Fumes","Dagger Throw","Apotheosis+1","Terror+1","Dash","Backstab+1","PiercingWail","Die Die Die","Endless Agony+1","Writhe","Flechettes","Outmaneuver+1"],"max_hp_per_floor":[70,70,70,70,70,70,70,70,70,70,70,70,70,70,70,70,70,70,70,70,70,70,70,70,70,70,70,70,70,70,70,70,70,70,70,70,70,70,70,70,70,70,70,70,70,70,70,70,70],"relics":["Ring of the Snake","NeowsBlessing","Juzu Bracelet","Snake Skull","Bronze Scales","Ice Cream","Dead Branch","The Specimen","Girya","Shovel","Paper Crane","Bag of Preparation","Philosopher\u0027s Stone","Lantern","Red Mask","War Paint","Frozen Eye","Bottled Flame"],"card_choices":[{"not_picked":["Quick Slash","Bouncing Flask"],"picked":"Leg Sweep"},{"not_picked":["Flying Knee","Outmaneuver"],"picked":"Infinite Blades"},{"not_picked":["Slice","Flying Knee"],"picked":"Predator"},{"not_picked":["Leg Sweep","Dodge and Roll"],"picked":"Calculated Gamble"},{"not_picked":["Riddle With Holes","Heel Hook"],"picked":"Noxious Fumes"},{"not_picked":["Sucker Punch","Backflip"],"picked":"Dagger Throw"},{"not_picked":["Quick Slash","Dodge and Roll"],"picked":"Terror"},{"not_picked":["Deflect","Cloak And Dagger"],"picked":"Dash"},{"not_picked":["Bane","Dodge and Roll"],"picked":"Backstab"},{"not_picked":["Wraith Form","Bullet Time"],"picked":"Die Die Die"},{"not_picked":["Dagger Throw","Cloak And Dagger"],"picked":"Endless Agony"},{"not_picked":["Acrobatics","Setup"],"picked":"Flechettes"},{"not_picked":["Poisoned Stab","Choke"],"picked":"Outmaneuver"}],"player_experience":297894,"potions_floor_usage":[33,40,50,50,50],"damage_taken":[{"damage":0.0,"enemies":"2 Louse","floor":1.0,"turns":1.0},{"damage":0.0,"enemies":"Jaw Worm","floor":3.0,"turns":1.0},{"damage":0.0,"enemies":"Gremlin Nob","floor":7.0,"turns":1.0},{"damage":18.0,"enemies":"3 Sentries","floor":10.0,"turns":9.0},{"damage":0.0,"enemies":"Cultist","floor":11.0,"turns":4.0},{"damage":1.0,"enemies":"Red Slaver","floor":12.0,"turns":3.0},{"damage":1.0,"enemies":"3 Louse","floor":14.0,"turns":4.0},{"damage":15.0,"enemies":"Hexaghost","floor":16.0,"turns":7.0},{"damage":7.0,"enemies":"Spheric Guardian","floor":18.0,"turns":4.0},{"damage":0.0,"enemies":"3 Byrds","floor":22.0,"turns":1.0},{"damage":9,"enemies":"Gremlin Leader","floor":23,"turns":7},{"damage":27,"enemies":"Slavers","floor":25,"turns":5},{"damage":2,"enemies":"Centurion and Healer","floor":30,"turns":5},{"damage":10,"enemies":"Automaton","floor":33,"turns":8},{"damage":9,"enemies":"3 Darklings","floor":35,"turns":4},{"damage":20,"enemies":"2 Orb Walkers","floor":40,"turns":4},{"damage":0,"enemies":"3 Shapes","floor":44,"turns":3},{"damage":6,"enemies":"Nemesis","floor":45,"turns":5},{"damage":1,"enemies":"Maw","floor":46,"turns":5},{"damage":9,"enemies":"3 Darklings","floor":47,"turns":3},{"damage":8,"enemies":"4 Shapes","floor":48,"turns":4},{"damage":62,"enemies":"Time Eater","floor":50,"turns":6}],"event_choices":[{"event_name":"World of Goop","player_choice":"Gather Gold","floor":2.0,"damage_taken":0.0},{"event_name":"Transmorgrifier","player_choice":"Transform","floor":5.0,"damage_taken":0.0},{"event_name":"Wheel of Change","player_choice":"Gold","floor":13.0,"damage_taken":0.0},{"event_name":"Golden Shrine","player_choice":"Desecrate","floor":19.0,"damage_taken":0.0},{"event_name":"Upgrade Shrine","player_choice":"Upgraded","floor":21.0,"damage_taken":0.0},{"event_name":"Back to Basics","player_choice":"Elegance","floor":24,"damage_taken":0},{"event_name":"Match and Keep!","player_choice":"1 cards matched","floor":31,"damage_taken":0},{"event_name":"Tomb of Lord Red Mask","player_choice":"Paid","floor":37,"damage_taken":0},{"event_name":"Bonfire Elementals","player_choice":"BASIC","floor":39,"damage_taken":0},{"event_name":"Winding Halls","player_choice":"Writhe","floor":41,"damage_taken":0}],"boss_relics":[{"not_picked":["Snecko Eye","White Beast Statue"],"picked":"Philosopher\u0027s Stone"}],"potions_floor_spawned":[1,7,12,22,25,33,35,46,47],"seed_played":"8828753083149262185","killed_by":"Time Eater","ascension_level":8,"is_trial":false}