{"path_per_floor":["M","?","?","$","M","M","M","R","T","M","?","E","?","$","R","B",null,"M","?","?","?","?","R","E","$","T","E","R","M","M","$","R"],"character_chosen":"THE_SILENT","items_purchased":["Snake Skull"],"gold_per_floor":[114,114,114,39,55,65,75,75,128,138,138,166,166,10,10,113,113,83,83,83,83,83,83,83,83,83,83,83,83,83,83,83],"floor_reached":33,"campfire_rested":3,"playtime":1927,"current_hp_per_floor":[25,25,48,48,48,48,48,48,48,47,40,28,28,28,48,1,51,48,48,48,48,48,48,27,27,27,28,48,48,19,19,39],"items_purged":["Parasite"],"gold":83,"score":422,"play_id":"f17c197a-9f8a-413a-91b3-923ca07e15b8","is_prod":false,"is_daily":false,"is_ascension_mode":true,"campfire_upgraded":2,"path_taken":["M","?","?","$","M","M","?","R","T","M","?","E","?","?","R","BOSS","M","?","?","?","?","R","E","$","T","E","R","M","M","?","R","BOSS"],"build_version":"2018-02-22-PROD2","purchased_purges":1,"victory":false,"master_deck":["Defend_G+1","Defend_G+1","Defend_G+1","Defend_G+1","Strike_G+1","Strike_G+1","Strike_G+1","Strike_G+1","Survivor","Neutralize+1","Backflip","Noxious Fumes","Cloak And Dagger+1","Storm of Steel+1","Adrenaline+1","Envenom","Bullet Time","Blur+1","Catalyst","Dagger Spray"],"max_hp_per_floor":[70,70,70,67,67,67,67,67,67,67,67,67,67,67,67,67,67,67,67,67,67,67,67,67,67,67,67,67,67,67,67,67],"relics":["Ring of the Snake","Ninja Scroll","Anchor","War Paint","Snake Skull","Ectoplasm","Frozen Egg 2","Du-Vu Doll","Ginger"],"card_choices":[{"not_picked":["Cloak And Dagger","Dagger Throw"],"picked":"Backflip"},{"not_picked":["Dagger Throw","Prepared"],"picked":"Noxious Fumes"},{"not_picked":["Riddle With Holes","Deadly Poison"],"picked":"Cloak And Dagger"},{"not_picked":["Acrobatics","Escape Plan"],"picked":"Storm of Steel"},{"not_picked":["Blur","Backflip"],"picked":"Adrenaline"},{"not_picked":["Doppelganger","Phantasmal Killer"],"picked":"Envenom"},{"not_picked":["Deadly Poison","Flying Knee"],"picked":"Bullet Time"},{"not_picked":["Dodge and Roll","Backflip"],"picked":"Blur"},{"not_picked":["Caltrops","Masterful Stab"],"picked":"Catalyst"},{"not_picked":["Prepared","Quick Slash"],"picked":"Dagger Spray"}],"player_experience":387846,"potions_floor_usage":[16,16,18,27,33,33],"damage_taken":[{"damage":3,"enemies":"Cultist","floor":1,"turns":5},{"damage":0,"enemies":"Jaw Worm","floor":5,"turns":4},{"damage":0,"enemies":"2 Louse","floor":6,"turns":2},{"damage":0,"enemies":"Red Slaver","floor":7,"turns":4},{"damage":1,"enemies":"Blue Slaver","floor":10,"turns":5},{"damage":12,"enemies":"3 Sentries","floor":12,"turns":7},{"damage":47,"enemies":"Slime Boss","floor":16,"turns":11},{"damage":3,"enemies":"2 Thieves","floor":18,"turns":4},{"damage":21,"enemies":"Slavers","floor":24,"turns":5},{"damage":14,"enemies":"Gremlin Leader","floor":27,"turns":7},{"damage":0,"enemies":"Chosen","floor":29,"turns":2},{"damage":29,"enemies":"Sentry and Sphere","floor":30,"turns":6},{"damage":77,"enemies":"Collector","floor":33,"turns":9}],"event_choices":[{"event_name":"Accursed Blacksmith","player_choice":"Rummage","floor":2,"damage_taken":0},{"event_name":"Big Fish","player_choice":"Banana","floor":3,"damage_taken":0},{"event_name":"Scrap Ooze","player_choice":"unsuccessful","floor":11,"damage_taken":7},{"event_name":"The Woman in Blue","player_choice":"Bought 0 Potions","floor":13,"damage_taken":0},{"event_name":"Upgrade Shrine","player_choice":"Upgraded","floor":19,"damage_taken":0},{"event_name":"Cursed Tome","player_choice":"Ignored","floor":20,"damage_taken":0},{"event_name":"Addict","player_choice":"Ignored","floor":21,"damage_taken":0},{"event_name":"Back to Basics","player_choice":"Simplicity","floor":22,"damage_taken":0}],"boss_relics":[{"not_picked":["Snecko Eye","Velvet Choker"],"picked":"Ectoplasm"}],"potions_floor_spawned":[7,12,16,18,27,30],"seed_played":"-3381988358094710818","killed_by":"Collector","ascension_level":10,"is_trial":false}