{"path_per_floor":["M","M","$","?","?","R","M","M","T","R","E","M","M","M","R","B",null,"M","$","$","?","M","R","?","M","T","M","R","$","M","$","R","B",null,"M","M","?","?","?","R","?","R","T","R"],"character_chosen":"IRONCLAD","items_purchased":["Spot Weakness","Shuriken"],"gold_per_floor":[366,380,223,223,223,223,242,261,261,261,286,299,311,321,321,417,417,427,72,72,72,86,86,86,97,97,111,111,111,127,2,2,101,101,115,133,233,233,233,233,233,233,259,259,259],"floor_reached":45,"campfire_rested":1,"playtime":1773,"current_hp_per_floor":[66,68,68,68,68,68,59,44,44,44,33,24,23,23,44,7,56,46,46,46,46,41,41,41,42,42,28,28,28,48,48,48,16,42,48,48,48,48,48,48,38,38,38,38,0],"items_purged":["Defend_R","Defend_R","Defend_R"],"gold":259,"score":563,"play_id":"2888b345-7cd0-4ee6-aba2-962f72e7942d","local_time":"20180402184845","is_prod":false,"is_daily":false,"is_ascension_mode":true,"campfire_upgraded":8,"timestamp":1522705725,"path_taken":["M","M","$","?","?","R","M","M","T","R","E","M","?","M","R","BOSS","M","?","$","?","M","R","?","M","T","M","R","$","?","?","R","BOSS","M","M","?","?","?","R","?","R","T","R","E"],"build_version":"2018-03-29v2","purchased_purges":4,"victory":false,"master_deck":["Bash","Clash","Fiend Fire+1","Spot Weakness+1","Second Wind+1","Iron Wave","Thunderclap","Feel No Pain+1","Offering+1","Flame Barrier+1","Feel No Pain+1","Bite","Bite","Bite","Bite+1","Bite","Feed","Flash of Steel","Master of Strategy+1","Secret Technique+1","Injury"],"max_hp_per_floor":[72,72,72,72,72,72,72,72,72,72,72,72,72,72,72,72,72,72,72,72,72,72,72,50,50,50,50,50,50,50,50,50,50,50,50,50,50,50,50,50,50,50,50,50,50],"relics":["Black Blood","Dream Catcher","Kunai","Bottled Lightning","Shuriken","Toxic Egg 2","Cursed Key","Lantern"],"card_choices":[{"not_picked":["Twin Strike","Carnage"],"picked":"Clash","floor":1},{"not_picked":["Pommel Strike","Pummel"],"picked":"Fiend Fire","floor":2},{"not_picked":["Disarm","Armaments"],"picked":"Second Wind","floor":7},{"not_picked":["Armaments","Flex"],"picked":"Iron Wave","floor":11},{"not_picked":["Fire Breathing","Inflame"],"picked":"Thunderclap","floor":13},{"not_picked":["Flex","Feed"],"picked":"Feel No Pain","floor":15},{"not_picked":["Bludgeon","Feed"],"picked":"Offering","floor":16},{"not_picked":["Clash","Perfected Strike"],"picked":"Flame Barrier","floor":18},{"not_picked":["Brutality","Berserk"],"picked":"Feed","floor":33},{"not_picked":["Good Instincts","Mind Blast"],"picked":"Flash of Steel","floor":41},{"not_picked":["Finesse","Secret Weapon"],"picked":"Master of Strategy","floor":41},{"not_picked":["Thinking Ahead","Blind"],"picked":"Secret Technique","floor":41}],"player_experience":669493,"potions_floor_usage":[11,14,16,22,30,33],"damage_taken":[{"damage":12,"enemies":"Jaw Worm","floor":1,"turns":2},{"damage":4,"enemies":"Small Slimes","floor":2,"turns":3},{"damage":15,"enemies":"2 Louse","floor":7,"turns":2},{"damage":21,"enemies":"2 Fungi Beasts","floor":8,"turns":3},{"damage":17,"enemies":"3 Sentries","floor":11,"turns":7},{"damage":15,"enemies":"Gremlin Gang","floor":12,"turns":5},{"damage":7,"enemies":"Large Slime","floor":13,"turns":4},{"damage":12,"enemies":"Lots of Slimes","floor":14,"turns":3},{"damage":43,"enemies":"The Guardian","floor":16,"turns":10},{"damage":20,"enemies":"3 Byrds","floor":18,"turns":4},{"damage":15,"enemies":"Shell Parasite","floor":22,"turns":4},{"damage":15,"enemies":"Snake Plant","floor":25,"turns":4},{"damage":30,"enemies":"Slaver and Parasite","floor":27,"turns":4},{"damage":8,"enemies":"Centurion and Healer","floor":30,"turns":10},{"damage":70,"enemies":"Champ","floor":33,"turns":12},{"damage":14,"enemies":"3 Darklings","floor":35,"turns":3},{"damage":16,"enemies":"3 Shapes","floor":36,"turns":4},{"damage":45,"enemies":"2 Orb Walkers","floor":45,"turns":3}],"event_choices":[{"event_name":"Big Fish","player_choice":"Box","floor":4,"damage_taken":0},{"event_name":"Purifier","player_choice":"One Purge","floor":5,"damage_taken":0},{"event_name":"Duplicator","player_choice":"One dupe","floor":21,"damage_taken":0},{"event_name":"Vampires","player_choice":"Became a vampire","floor":24,"damage_taken":0},{"event_name":"Golden Shrine","player_choice":"Pray","floor":37,"damage_taken":0},{"event_name":"SecretPortal","player_choice":"Rejected Portal.","floor":38,"damage_taken":0},{"event_name":"SensoryStone","player_choice":"Memory 3","floor":41,"damage_taken":0}],"boss_relics":[{"not_picked":["Eternal Feather","Velvet Choker"],"picked":"Black Blood"},{"not_picked":["Orrery","Pandora\u0027s Box"],"picked":"Cursed Key"}],"potions_floor_spawned":[7,8,13,14,18,25,33],"seed_played":"-4992912915305115913","killed_by":"2 Orb Walkers","ascension_level":6,"is_trial":false}