{"path_per_floor":["M","M","?","$","M","E","M","M","T","M","$","M","R","M","R","B",null,"M","?","$","?","$","E","$","R","T","?","E","R","?","M","R"],"character_chosen":"IRONCLAD","items_purchased":["Sword Boomerang","Whirlwind","Anger"],"gold_per_floor":[115,125,125,71,91,117,127,137,137,157,46,66,66,79,79,174,174,188,188,40,40,40,72,72,72,99,99,124,124,69,80,80],"floor_reached":33,"campfire_rested":2,"playtime":1297,"current_hp_per_floor":[80,80,80,80,80,58,53,41,41,45,45,48,48,42,42,29,80,64,64,64,64,64,17,17,41,41,25,31,31,31,37,61],"items_purged":["Strike_R","Strike_R"],"gold":80,"score":310,"play_id":"12fcb483-23fe-4e7d-801f-19c9119227aa","is_prod":false,"is_daily":false,"is_ascension_mode":false,"campfire_upgraded":3,"path_taken":["M","?","?","$","M","E","M","?","T","M","$","M","R","M","R","BOSS","M","?","$","?","$","E","?","R","T","?","E","R","?","?","R","BOSS"],"build_version":"2018-02-15-PROD1","purchased_purges":2,"victory":false,"master_deck":["Strike_R","Strike_R","Strike_R","Defend_R","Defend_R","Defend_R","Defend_R","Bash","Spot Weakness","Heavy Blade+1","Sword Boomerang","Shrug It Off","Fiend Fire","Dual Wield+1","Cleave","Sword Boomerang","Whirlwind","Flex+1","Armaments+1","Anger","Rampage","Twin Strike","Double Tap"],"max_hp_per_floor":[80,80,80,80,80,80,80,80,80,80,80,80,80,80,80,80,80,80,80,80,80,80,80,80,80,80,80,80,80,80,80,80],"relics":["Burning Blood","Vajra","Art of War","Omamori","Ancient Tea Set","Sozu","Bronze Scales","Orichalcum","Enchiridion","Anchor","Tiny Chest"],"card_choices":[{"not_picked":["Bludgeon","Warcry"],"picked":"Spot Weakness"},{"not_picked":["Reckless Charge","Spot Weakness"],"picked":"Heavy Blade"},{"not_picked":["Inflame","Perfected Strike"],"picked":"Shrug It Off"},{"not_picked":["Searing Blow","Body Slam"],"picked":"Fiend Fire"},{"not_picked":["Rage","Iron Wave"],"picked":"Dual Wield"},{"not_picked":["Seeing Red","Shrug It Off"],"picked":"Cleave"},{"not_picked":["Headbutt","Iron Wave"],"picked":"Sword Boomerang"},{"not_picked":["Thunderclap","Seeing Red"],"picked":"Flex"},{"not_picked":["Pommel Strike","Clothesline"],"picked":"Armaments"},{"not_picked":["Flex","Seeing Red"],"picked":"Rampage"},{"not_picked":["Bludgeon","Warcry"],"picked":"Twin Strike"},{"not_picked":["Flex","Intimidate"],"picked":"Double Tap"}],"player_experience":80877,"potions_floor_usage":[6,16,16],"damage_taken":[{"damage":6,"enemies":"Cultist","floor":1,"turns":3},{"damage":3,"enemies":"Small Slimes","floor":2,"turns":3},{"damage":3,"enemies":"2 Louse","floor":5,"turns":2},{"damage":28,"enemies":"Gremlin Nob","floor":6,"turns":4},{"damage":11,"enemies":"Exordium Thugs","floor":7,"turns":4},{"damage":18,"enemies":"Red Slaver","floor":8,"turns":3},{"damage":2,"enemies":"Blue Slaver","floor":10,"turns":3},{"damage":3,"enemies":"Large Slime","floor":12,"turns":4},{"damage":12,"enemies":"Exordium Wildlife","floor":14,"turns":3},{"damage":34,"enemies":"Slime Boss","floor":16,"turns":8},{"damage":22,"enemies":"2 Thieves","floor":18,"turns":3},{"damage":53,"enemies":"Book of Stabbing","floor":23,"turns":6},{"damage":0,"enemies":"Gremlin Leader","floor":28,"turns":6},{"damage":0,"enemies":"Spheric Guardian","floor":31,"turns":3},{"damage":75,"enemies":"Champ","floor":33,"turns":7}],"event_choices":[{"event_name":"Big Fish","player_choice":"Box","floor":3,"damage_taken":0},{"event_name":"Back to Basics","player_choice":"Elegance","floor":19,"damage_taken":0},{"event_name":"Beggar","player_choice":"Ignored","floor":21,"damage_taken":0},{"event_name":"Cursed Tome","player_choice":"Obtained Book","floor":27,"damage_taken":0},{"event_name":"Addict","player_choice":"Obtained Relic","floor":30,"damage_taken":0}],"boss_relics":[{"not_picked":["Runic Pyramid","Orrery"],"picked":"Sozu"}],"potions_floor_spawned":[1,2,5,7,14,16,23],"seed_played":"-9184861290450386841","killed_by":"Champ","ascension_level":0,"is_trial":false}