{"path_per_floor":["M","M","$","?","M","R","?","M","T","M","M","$","R","M","R","B",null,"M","?","$","M","M","R","M"],"character_chosen":"IRONCLAD","items_purchased":["Offering","Whirlwind","Dual Wield"],"gold_per_floor":[109,124,49,224,237,237,237,251,251,266,277,24,24,42,42,137,137,147,147,70,83,98,98,111],"floor_reached":25,"campfire_rested":1,"playtime":488,"current_hp_per_floor":[78,73,73,73,79,79,63,61,61,47,39,39,63,57,57,26,80,80,80,80,72,61,61,39],"items_purged":["Defend_R","Doubt"],"gold":38,"score":197,"play_id":"46fc00fb-6a28-47ca-b384-799a84462580","local_time":"20180318121224","is_prod":false,"is_daily":false,"is_ascension_mode":false,"campfire_upgraded":3,"timestamp":1521385944,"path_taken":["M","M","$","?","?","R","?","M","T","?","M","$","R","M","R","BOSS","M","?","$","M","M","R","M","$"],"build_version":"2018-03-15v3","purchased_purges":3,"victory":false,"master_deck":["Strike_R","Strike_R","Strike_R","Strike_R+1","Strike_R","Defend_R+1","Bash","Flex+1","Rampage+1","Thunderclap","Offering","Rage+1","Whirlwind+1","Clash","Dual Wield"],"max_hp_per_floor":[80,80,80,80,80,80,80,80,80,80,80,80,80,80,80,80,80,80,80,80,80,80,80,80],"relics":["Burning Blood","Charon\u0027s Ashes","Runic Dome"],"card_choices":[{"not_picked":["Shockwave","Flame Barrier"],"picked":"Flex"},{"not_picked":["Clothesline","Infernal Blade"],"picked":"Rampage"},{"not_picked":["Anger","Flex"],"picked":"Thunderclap"},{"not_picked":["Clothesline","Body Slam"],"picked":"Rage"},{"not_picked":["Pommel Strike","Intimidate"],"picked":"Clash"}],"player_experience":592490,"potions_floor_usage":[5,14],"damage_taken":[{"damage":8,"enemies":"Small Slimes","floor":1,"turns":3},{"damage":11,"enemies":"Jaw Worm","floor":2,"turns":2},{"damage":0,"enemies":"Cultist","floor":5,"turns":2},{"damage":8,"enemies":"2 Fungi Beasts","floor":8,"turns":4},{"damage":20,"enemies":"Looter","floor":10,"turns":3},{"damage":14,"enemies":"Blue Slaver","floor":11,"turns":4},{"damage":12,"enemies":"Red Slaver","floor":14,"turns":2},{"damage":37,"enemies":"Slime Boss","floor":16,"turns":8},{"damage":4,"enemies":"Chosen","floor":18,"turns":2},{"damage":14,"enemies":"Shell Parasite","floor":21,"turns":3},{"damage":17,"enemies":"Snake Plant","floor":22,"turns":2},{"damage":28,"enemies":"Slaver and Parasite","floor":24,"turns":3}],"event_choices":[{"event_name":"Liars Game","player_choice":"agreed","floor":4,"damage_taken":0},{"event_name":"Shining Light","player_choice":"Entered Light","floor":7,"damage_taken":0},{"event_name":"Purifier","player_choice":"One Purge","floor":19,"damage_taken":0}],"boss_relics":[{"not_picked":["Lizard Tail","Black Blood"],"picked":"Runic Dome"}],"potions_floor_spawned":[1,5,14,21],"seed_played":"4635054241771507010","ascension_level":0,"is_trial":false}