{"gold_per_floor":[367,383,129,129,129,157,157,332,332,352,352,387,403,467,467,562,562,574,574,394,414,429,429,459,734,734,734,767,782,358,370,370,472,472,482,482,498,510,510,510,537,21,48,88,112,124,149,194,206,218],"floor_reached":51,"playtime":4868,"items_purged":["Regret","Parasite"],"score":883,"play_id":"a2da0fb6-3be2-4575-a32b-d0bf3abcfdab","local_time":"20190113232646","is_ascension_mode":false,"campfire_choices":[{"data":"Metallicize","floor":7,"key":"SMITH"},{"data":"Armaments","floor":11,"key":"SMITH"},{"floor":15,"key":"REST"},{"data":"Metallicize","floor":23,"key":"SMITH"},{"data":"Evolve","floor":27,"key":"SMITH"},{"data":"Pommel Strike","floor":32,"key":"SMITH"},{"data":"Limit Break","floor":40,"key":"SMITH"},{"data":"Metallicize","floor":46,"key":"SMITH"},{"floor":49,"key":"REST"}],"neow_cost":"PERCENT_DAMAGE","seed_source_timestamp":0,"circlet_count":0,"master_deck":["Strike_R","Strike_R","Strike_R","Strike_R","Defend_R","Defend_R","Defend_R","Defend_R","Bash","Metallicize+1","Cleave","Finesse","Feed","Armaments+1","Battle Trance","Iron Wave","Whirlwind","Feed","Bandage Up","Metallicize+1","Bloodletting+1","Evolve+1","Headbutt","Demon Form","Evolve","Shrug It Off","Violence+1","Shockwave+1","Limit Break+1","Searing Blow+1","Shrug It Off","Flex+1","Pommel Strike+1","Hemokinesis","Burning Pact+1","Madness","Madness+1","Clothesline","Pommel Strike","Metallicize+1","Sadistic Nature","Rage","Parasite","Havoc+1","Warcry","Shrug It Off+1","Metallicize+1","Heavy Blade"],"special_seed":0,"relics":["Burning Blood","Membership Card","Bag of Marbles","Magic Flower","Mummified Hand","StoneCalendar","Centennial Puzzle","Cursed Key","HandDrill","Dodecahedron","Du-Vu Doll","Boot","Prayer Wheel","Pen Nib","Philosopher\u0027s Stone","Ancient Tea Set","War Paint","Ornamental Fan","ClockworkSouvenir","MawBank","Nunchaku","Charon\u0027s Ashes"],"potions_floor_usage":[13,16,22,45,50,50,50],"damage_taken":[{"damage":1.0,"enemies":"Jaw Worm","floor":1.0,"turns":3.0},{"damage":5,"enemies":"Small Slimes","floor":2,"turns":3},{"damage":20,"enemies":"Gremlin Nob","floor":6,"turns":4},{"damage":1,"enemies":"2 Louse","floor":10,"turns":2},{"damage":18,"enemies":"3 Sentries","floor":12,"turns":11},{"damage":0,"enemies":"Lots of Slimes","floor":13,"turns":1},{"damage":33,"enemies":"Lagavulin Event","floor":14,"turns":7},{"damage":18,"enemies":"The Guardian","floor":16,"turns":9},{"damage":11,"enemies":"3 Byrds","floor":18,"turns":6},{"damage":20,"enemies":"Spheric Guardian","floor":21,"turns":6},{"damage":18,"enemies":"Chosen and Byrds","floor":22,"turns":7},{"damage":31,"enemies":"Book of Stabbing","floor":24,"turns":6},{"damage":33,"enemies":"Slavers","floor":28,"turns":6},{"damage":22,"enemies":"Sentry and Sphere","floor":29,"turns":5},{"damage":18,"enemies":"Snake Plant","floor":31,"turns":4},{"damage":23,"enemies":"Champ","floor":33,"turns":9},{"damage":33,"enemies":"3 Shapes","floor":35,"turns":4},{"damage":10,"enemies":"Orb Walker","floor":37,"turns":3},{"damage":14,"enemies":"Sphere and 2 Shapes","floor":38,"turns":6},{"damage":61,"enemies":"Nemesis","floor":41,"turns":5},{"damage":13,"enemies":"Giant Head","floor":44,"turns":7},{"damage":26,"enemies":"4 Shapes","floor":45,"turns":5},{"damage":47,"enemies":"Jaw Worm Horde","floor":47,"turns":5},{"damage":11,"enemies":"Nemesis","floor":48,"turns":7},{"damage":54,"enemies":"Time Eater","floor":50,"turns":8}],"seed_played":"-7753852510925691592","potions_obtained":[{"floor":1,"key":"LiquidBronze"},{"floor":2,"key":"GamblersBrew"},{"floor":13,"key":"Fruit Juice"},{"floor":14,"key":"Fire Potion"},{"floor":18,"key":"Block Potion"},{"floor":24,"key":"LiquidBronze"},{"floor":28,"key":"PowerPotion"},{"floor":44,"key":"Fruit Juice"},{"floor":45,"key":"Regen Potion"}],"is_trial":false,"path_per_floor":["M","M","$","?","?","E","R","?","T","M","R","E","M","?","R","B",null,"M","?","$","M","M","R","E","?","T","R","E","M","$","M","R","B",null,"M","?","M","M","?","R","E","$","T","E","M","R","M","E","R","B",null],"character_chosen":"IRONCLAD","items_purchased":["Membership Card","Finesse","Bandage Up","HandDrill","Metallicize","Prayer Wheel","Pen Nib","Evolve","Shrug It Off","Violence","War Paint","Ornamental Fan","Pommel Strike","Metallicize","Sadistic Nature","ClockworkSouvenir","Rage"],"campfire_rested":2,"item_purchase_floors":[3,3,20,20,20,30,30,30,30,30,42,42,42,42,42,42,42],"current_hp_per_floor":[61,62,62,50,43,29,29,29,29,42,42,39,53,29,56,52,95,102,102,102,102,109,109,99,99,99,99,91,87,87,84,84,76,121,103,103,108,120,103,103,60,60,60,62,61,61,34,38,80,60],"gold":230,"neow_bonus":"TWO_FIFTY_GOLD","is_prod":false,"is_daily":false,"chose_seed":false,"campfire_upgraded":7,"win_rate":0.0,"timestamp":1547440006,"path_taken":["M","M","$","?","?","E","R","?","T","M","R","E","M","?","R","BOSS","M","?","$","M","M","R","E","?","T","R","E","?","$","M","R","BOSS","M","?","M","M","?","R","E","$","T","E","M","R","M","E","R","BOSS"],"build_version":"2019-01-10","purchased_purges":2,"victory":true,"max_hp_per_floor":[80,80,80,80,80,80,80,80,80,83,83,87,92,92,92,95,95,102,102,102,105,111,111,115,115,115,115,121,121,121,121,121,121,121,127,127,127,134,134,134,134,131,131,131,139,139,142,142,142,142],"card_choices":[{"not_picked":["Twin Strike","Havoc"],"picked":"Metallicize","floor":1},{"not_picked":["Sword Boomerang","Rupture"],"picked":"Cleave","floor":2},{"not_picked":["Bloodletting","Armaments"],"picked":"Feed","floor":6},{"not_picked":["Intimidate","Anger"],"picked":"Armaments","floor":10},{"not_picked":["Uppercut","Disarm"],"picked":"Battle Trance","floor":12},{"not_picked":["Havoc","Entrench"],"picked":"Iron Wave","floor":13},{"not_picked":["Feel No Pain","Corruption"],"picked":"Whirlwind","floor":14},{"not_picked":["Berserk","Immolate"],"picked":"Feed","floor":16},{"not_picked":["Blood for Blood","Perfected Strike+1","Cleave"],"picked":"SKIP","floor":18},{"not_picked":["True Grit+1","Reckless Charge"],"picked":"Bloodletting+1","floor":21},{"not_picked":["Warcry+1","Heavy Blade"],"picked":"Evolve","floor":22},{"not_picked":["Evolve","Clash"],"picked":"Headbutt","floor":24},{"not_picked":["Clothesline+1","Rampage"],"picked":"Pommel Strike","floor":28},{"not_picked":["Sentinel","Iron Wave"],"picked":"Demon Form","floor":29},{"not_picked":["Wild Strike+1","Ghostly Armor"],"picked":"Shockwave+1","floor":31},{"not_picked":["Cleave","Clash+1","Body Slam"],"picked":"SKIP","floor":31},{"not_picked":["Cleave","Clash+1","Body Slam"],"picked":"SKIP","floor":31},{"not_picked":["Brutality","Demon Form"],"picked":"Limit Break","floor":33},{"not_picked":["Iron Wave+1","Clash"],"picked":"Searing Blow+1","floor":35},{"not_picked":["Iron Wave","Rupture+1"],"picked":"Shrug It Off","floor":35},{"not_picked":["True Grit","Wild Strike+1"],"picked":"Flex+1","floor":37},{"not_picked":["Clash","Bloodletting+1"],"picked":"Pommel Strike+1","floor":37},{"not_picked":["Seeing Red+1","Shrug It Off"],"picked":"Hemokinesis","floor":38},{"not_picked":["Iron Wave+1","Sword Boomerang","Burning Pact+1"],"picked":"SKIP","floor":38},{"not_picked":["Iron Wave+1","Sword Boomerang"],"picked":"Burning Pact+1","floor":38},{"not_picked":["Juggernaut","Armaments"],"picked":"Clothesline","floor":41},{"not_picked":["Blood for Blood","Bloodletting"],"picked":"Havoc+1","floor":44},{"not_picked":["Twin Strike+1","True Grit"],"picked":"Warcry","floor":45},{"not_picked":["Clash+1","Combust+1"],"picked":"Shrug It Off+1","floor":45},{"not_picked":["Exhume","Seeing Red+1"],"picked":"Metallicize+1","floor":47},{"not_picked":["Rampage","Clothesline","Flex"],"picked":"SKIP","floor":47},{"not_picked":["Pommel Strike+1","Armaments"],"picked":"Heavy Blade","floor":48}],"player_experience":36780,"relics_obtained":[{"floor":6,"key":"Magic Flower"},{"floor":9,"key":"Mummified Hand"},{"floor":12,"key":"StoneCalendar"},{"floor":14,"key":"Centennial Puzzle"},{"floor":24,"key":"Dodecahedron"},{"floor":26,"key":"Du-Vu Doll"},{"floor":28,"key":"Boot"},{"floor":41,"key":"Ancient Tea Set"},{"floor":43,"key":"MawBank"},{"floor":44,"key":"Nunchaku"},{"floor":48,"key":"Charon\u0027s Ashes"}],"event_choices":[{"damage_healed":0,"gold_gain":0,"player_choice":"Success","damage_taken":12,"relics_obtained":["Bag of Marbles"],"max_hp_gain":0,"max_hp_loss":0,"event_name":"Scrap Ooze","floor":4,"gold_loss":0},{"cards_removed":["Strike_R"],"damage_healed":0,"gold_gain":0,"player_choice":"Card Removal","damage_taken":7,"max_hp_gain":0,"max_hp_loss":0,"event_name":"Golden Wing","floor":5,"gold_loss":0},{"damage_healed":0,"gold_gain":175,"player_choice":"AGREE","damage_taken":0,"max_hp_gain":0,"max_hp_loss":0,"event_name":"Liars Game","floor":8,"gold_loss":0,"cards_obtained":["Doubt"]},{"damage_healed":0,"gold_gain":30,"player_choice":"Searched \u00273\u0027 times","damage_taken":0,"max_hp_gain":0,"max_hp_loss":0,"event_name":"Dead Adventurer","floor":14,"gold_loss":0},{"cards_removed":["Doubt"],"damage_healed":0,"gold_gain":0,"player_choice":"Elegance","damage_taken":0,"max_hp_gain":0,"max_hp_loss":0,"event_name":"Back to Basics","floor":19,"gold_loss":0},{"damage_healed":0,"gold_gain":275,"player_choice":"Desecrate","damage_taken":0,"max_hp_gain":0,"max_hp_loss":0,"event_name":"Golden Shrine","floor":25,"gold_loss":0,"cards_obtained":["Regret"]},{"cards_removed":["Pommel Strike"],"damage_healed":0,"gold_gain":0,"player_choice":"Removed Attack","damage_taken":0,"max_hp_gain":0,"max_hp_loss":0,"event_name":"Falling","floor":36,"gold_loss":0},{"damage_healed":0,"gold_gain":0,"player_choice":"Embrace Madness","damage_taken":17,"max_hp_gain":0,"max_hp_loss":0,"event_name":"Winding Halls","floor":39,"gold_loss":0,"cards_obtained":["Madness","Madness"]}],"is_beta":false,"boss_relics":[{"not_picked":["Snecko Eye","Ectoplasm"],"picked":"Cursed Key"},{"not_picked":["Black Star","Fusion Hammer"],"picked":"Philosopher\u0027s Stone"}],"items_purged_floors":[30,42],"is_endless":false,"potions_floor_spawned":[1,2,13,14,18,24,28,44,45,47],"ascension_level":0}