{"gold_per_floor":[116,135,36,36,52,52,85,85,85,116,116,16,31,31,31,130,130,143,154,154,169,268,268,301,301,301,320,80,80,90,90,90,90],"floor_reached":33,"playtime":2554,"items_purged":["Defend_R","Strike_R"],"score":341,"play_id":"afca4e1a-e25a-41bf-b6a4-47bd871b04d0","local_time":"20190128225950","is_ascension_mode":true,"campfire_choices":[{"data":"Cleave","floor":6,"key":"SMITH"},{"floor":8,"key":"REST"},{"floor":11,"key":"REST"},{"floor":15,"key":"REST"},{"floor":23,"key":"REST"},{"floor":25,"key":"REST"},{"data":"Juggernaut","floor":32,"key":"SMITH"}],"neow_cost":"NONE","seed_source_timestamp":638952381474261,"circlet_count":0,"master_deck":["Strike_R","Strike_R","Defend_R","Defend_R","Defend_R","Bash","Cleave+1","Pommel Strike","Juggernaut","Intimidate","Sword Boomerang","Juggernaut+1","Body Slam+1","Shrug It Off","Carnage","Havoc+1","Flame Barrier","Headbutt","Brutality"],"relics":["Burning Blood","Lantern","WarpedTongs","Dodecahedron","Red Skull","Pocketwatch","Philosopher\u0027s Stone","Bottled Tornado","Meat on the Bone","Mummified Hand"],"potions_floor_usage":[18,24,24,24,30],"damage_taken":[{"damage":8,"enemies":"Jaw Worm","floor":1,"turns":4},{"damage":1,"enemies":"Cultist","floor":2,"turns":4},{"damage":3,"enemies":"2 Louse","floor":5,"turns":3},{"damage":57,"enemies":"Lagavulin","floor":7,"turns":7},{"damage":33,"enemies":"Gremlin Nob","floor":10,"turns":4},{"damage":14,"enemies":"Exordium Wildlife","floor":13,"turns":3},{"damage":55,"enemies":"Slime Boss","floor":16,"turns":8},{"damage":23,"enemies":"2 Thieves","floor":18,"turns":3},{"damage":18,"enemies":"Chosen","floor":19,"turns":3},{"damage":28,"enemies":"Snake Plant","floor":21,"turns":3},{"damage":12,"enemies":"Book of Stabbing","floor":24,"turns":3},{"damage":12,"enemies":"Cultist and Chosen","floor":27,"turns":4},{"damage":12,"enemies":"Centurion and Healer","floor":30,"turns":4},{"damage":78,"enemies":"Automaton","floor":33,"turns":6}],"seed_played":"8933326083427083563","potions_obtained":[{"floor":7,"key":"EssenceOfSteel"},{"floor":16,"key":"FearPotion"},{"floor":19,"key":"Block Potion"},{"floor":21,"key":"AttackPotion"},{"floor":27,"key":"SteroidPotion"}],"is_trial":false,"path_per_floor":["M","M","$","?","M","R","E","R","T","E","R","$","M","?","R","B",null,"M","M","?","M","?","R","E","R","T","M","$","?","M","?","R","B"],"character_chosen":"IRONCLAD","items_purchased":["Pommel Strike","Mummified Hand"],"campfire_rested":5,"item_purchase_floors":[3,28],"current_hp_per_floor":[78,80,80,80,80,80,29,53,53,26,50,50,42,34,58,9,62,45,33,33,11,11,35,29,53,53,47,47,47,53,53,53,0],"gold":90,"neow_bonus":"RANDOM_COMMON_RELIC","is_prod":false,"is_daily":false,"chose_seed":false,"campfire_upgraded":2,"win_rate":0,"timestamp":1548745190,"path_taken":["M","M","$","?","M","R","E","R","T","E","R","?","?","?","R","BOSS","M","?","?","M","?","R","E","R","T","M","$","?","?","?","R","BOSS"],"build_version":"2019-01-23","purchased_purges":2,"victory":false,"max_hp_per_floor":[80,80,80,80,80,80,80,80,80,80,80,80,80,80,80,80,80,80,80,80,80,80,80,80,80,80,80,80,80,80,80,80,80],"card_choices":[{"not_picked":["Pommel Strike","Dual Wield"],"picked":"Cleave","floor":1},{"not_picked":["Clash","Body Slam","Wild Strike"],"picked":"SKIP","floor":2},{"not_picked":["Wild Strike","Clash","Heavy Blade"],"picked":"SKIP","floor":5},{"not_picked":["Warcry","Wild Strike"],"picked":"Juggernaut","floor":7},{"not_picked":["Wild Strike","Heavy Blade"],"picked":"Intimidate","floor":10},{"not_picked":["Havoc","Clash"],"picked":"Sword Boomerang","floor":13},{"not_picked":["Exhume","Berserk"],"picked":"Juggernaut","floor":16},{"not_picked":["Clothesline","Dropkick"],"picked":"Body Slam+1","floor":18},{"not_picked":["Power Through","Twin Strike"],"picked":"Shrug It Off","floor":19},{"not_picked":["Clash","Whirlwind"],"picked":"Havoc+1","floor":21},{"not_picked":["Sever Soul","Warcry"],"picked":"Flame Barrier","floor":24},{"not_picked":["Anger","Hemokinesis+1"],"picked":"Headbutt","floor":27},{"not_picked":["Hemokinesis","Perfected Strike"],"picked":"Brutality","floor":30}],"player_experience":193555,"relics_obtained":[{"floor":7,"key":"Dodecahedron"},{"floor":9,"key":"Red Skull"},{"floor":10,"key":"Pocketwatch"},{"floor":24,"key":"Bottled Tornado"},{"floor":26,"key":"Meat on the Bone"}],"event_choices":[{"damage_healed":0,"gold_gain":0,"player_choice":"Rummage","damage_taken":0,"relics_obtained":["WarpedTongs"],"max_hp_gain":0,"max_hp_loss":0,"event_name":"Accursed Blacksmith","floor":4,"gold_loss":0,"cards_obtained":["Pain"]},{"damage_healed":0,"gold_gain":0,"player_choice":"Damaged","damage_taken":8,"max_hp_gain":0,"max_hp_loss":0,"event_name":"Wheel of Change","floor":14,"gold_loss":0},{"damage_healed":0,"gold_gain":0,"cards_transformed":["Pain","Strike_R"],"player_choice":"Became Test Subject","damage_taken":0,"max_hp_gain":0,"max_hp_loss":0,"event_name":"Drug Dealer","floor":20,"gold_loss":0,"cards_obtained":["Clumsy","Carnage"]},{"damage_healed":0,"gold_gain":99,"player_choice":"Stole From Cult","damage_taken":0,"max_hp_gain":0,"max_hp_loss":0,"event_name":"Nest","floor":22,"gold_loss":0},{"cards_removed":["Strike_R"],"damage_healed":0,"gold_gain":0,"player_choice":"Elegance","damage_taken":0,"max_hp_gain":0,"max_hp_loss":0,"event_name":"Back to Basics","floor":29,"gold_loss":0},{"cards_removed":["Clumsy"],"damage_healed":0,"gold_gain":0,"player_choice":"Purged","damage_taken":0,"max_hp_gain":0,"max_hp_loss":0,"event_name":"Purifier","floor":31,"gold_loss":0}],"is_beta":false,"boss_relics":[{"not_picked":["Runic Dome","Lizard Tail"],"picked":"Philosopher\u0027s Stone"}],"items_purged_floors":[3,12],"is_endless":false,"potions_floor_spawned":[7,16,19,21,27],"killed_by":"Automaton","ascension_level":5}