{"gold_per_floor":[362,378,151,167,19,19,51,51,51,51,110,128,142,142],"floor_reached":14,"playtime":474,"items_purged":["Strike_R"],"score":115,"play_id":"16b2a683-6a80-4c0d-ac35-a2044f765794","local_time":"20190218121246","is_ascension_mode":true,"campfire_choices":[{"data":"Armaments","floor":6,"key":"SMITH"},{"data":"Offering","floor":8,"key":"SMITH"}],"neow_cost":"TEN_PERCENT_HP_LOSS","seed_source_timestamp":138921144319292,"circlet_count":0,"master_deck":["Strike_R","Strike_R","Strike_R","Strike_R","Defend_R","Defend_R","Defend_R","Defend_R","Bash+1","Iron Wave","Power Through","Disarm","Armaments+1","Offering+1"],"relics":["Burning Blood","Bronze Scales","Dodecahedron","Anchor","Tiny Chest"],"potions_floor_usage":[12,14],"damage_taken":[{"damage":8,"enemies":"2 Louse","floor":1,"turns":4},{"damage":6,"enemies":"Cultist","floor":2,"turns":3},{"damage":3,"enemies":"Small Slimes","floor":4,"turns":5},{"damage":31,"enemies":"3 Sentries","floor":7,"turns":8},{"damage":35,"enemies":"Lagavulin","floor":11,"turns":7},{"damage":6,"enemies":"Exordium Wildlife","floor":12,"turns":3},{"damage":6,"enemies":"Looter","floor":13,"turns":4},{"damage":18,"enemies":"Exordium Thugs","floor":14,"turns":2}],"seed_played":"8809164395343732762","potions_obtained":[{"floor":11,"key":"Explosive Potion"},{"floor":13,"key":"AttackPotion"}],"is_trial":false,"path_per_floor":["M","M","$","M","$","R","E","R","T","?","E","M","M","M"],"character_chosen":"IRONCLAD","items_purchased":["Bronze Scales","Disarm","Offering"],"campfire_rested":0,"item_purchase_floors":[3,3,5],"current_hp_per_floor":[70,70,70,72,72,72,47,47,47,47,18,18,18,0],"gold":142,"neow_bonus":"TWO_FIFTY_GOLD","is_prod":false,"is_daily":false,"chose_seed":false,"campfire_upgraded":2,"win_rate":0,"timestamp":1550513566,"path_taken":["M","M","$","M","$","R","E","R","T","?","E","?","M","M"],"build_version":"2019-01-23","purchased_purges":1,"victory":false,"max_hp_per_floor":[72,72,72,72,72,72,72,72,72,72,72,72,72,72],"card_choices":[{"not_picked":["Rupture","Havoc"],"picked":"Iron Wave","floor":1},{"not_picked":["Uppercut","Intimidate"],"picked":"Power Through","floor":2},{"not_picked":["Thunderclap","Twin Strike"],"picked":"Armaments","floor":4},{"not_picked":["Armaments","Hemokinesis","Headbutt"],"picked":"SKIP","floor":7},{"not_picked":["Exhume","Perfected Strike","Disarm"],"picked":"SKIP","floor":11},{"not_picked":["Havoc","Whirlwind","Bloodletting"],"picked":"SKIP","floor":12},{"not_picked":["Combust","Armaments","Hemokinesis"],"picked":"SKIP","floor":13}],"player_experience":204815,"relics_obtained":[{"floor":7,"key":"Dodecahedron"},{"floor":9,"key":"Anchor"},{"floor":11,"key":"Tiny Chest"}],"event_choices":[{"damage_healed":0,"gold_gain":0,"player_choice":"Upgraded","damage_taken":0,"max_hp_gain":0,"max_hp_loss":0,"event_name":"Upgrade Shrine","floor":10,"gold_loss":0,"cards_upgraded":["Bash"]}],"is_beta":false,"boss_relics":[],"items_purged_floors":[5],"is_endless":false,"potions_floor_spawned":[11,13],"killed_by":"Exordium Thugs","ascension_level":3}