{"gold_per_floor":[119,119,135,147,29,29,47,73,73,89,89,102,118,134,134,231,231,231,231],"floor_reached":19,"playtime":699,"items_purged":[],"score":225,"play_id":"15dd5933-d48b-436e-8188-f4f680d9f42a","local_time":"20190313121522","is_ascension_mode":true,"campfire_choices":[{"data":"White Noise","floor":6,"key":"SMITH"},{"floor":11,"key":"REST"},{"data":"Doom and Gloom","floor":15,"key":"SMITH"}],"neow_cost":"NONE","seed_source_timestamp":392991340230632,"circlet_count":0,"master_deck":["Strike_B","Strike_B","Strike_B","Defend_B","Defend_B","Defend_B","Defend_B","Zap","Dualcast","White Noise+1","Rebound","Leap","Doom and Gloom+1","Coolheaded","Skim","Chill","Multi-Cast","Conserve Battery","Fission","BootSequence+1"],"relics":["Cracked Core","NeowsBlessing","Centennial Puzzle","Ectoplasm"],"potions_floor_usage":[14],"damage_taken":[{"damage":0,"enemies":"Jaw Worm","floor":1,"turns":1},{"damage":0,"enemies":"Cultist","floor":3,"turns":1},{"damage":0,"enemies":"Small Slimes","floor":4,"turns":1},{"damage":15,"enemies":"Gremlin Gang","floor":7,"turns":3},{"damage":35,"enemies":"Gremlin Nob","floor":8,"turns":4},{"damage":2,"enemies":"Exordium Wildlife","floor":10,"turns":4},{"damage":0,"enemies":"3 Louse","floor":12,"turns":3},{"damage":3,"enemies":"2 Fungi Beasts","floor":13,"turns":2},{"damage":0,"enemies":"Large Slime","floor":14,"turns":5},{"damage":5,"enemies":"Hexaghost","floor":16,"turns":11},{"damage":13,"enemies":"Chosen","floor":18,"turns":6},{"damage":14,"enemies":"Shell Parasite","floor":19,"turns":4}],"seed_played":"563575375077360218","potions_obtained":[{"floor":1,"key":"SkillPotion"},{"floor":3,"key":"GamblersBrew"},{"floor":10,"key":"FocusPotion"},{"floor":12,"key":"Explosive Potion"},{"floor":18,"key":"FearPotion"}],"is_trial":false,"path_per_floor":["M","?","M","M","$","R","M","E","T","M","R","M","M","M","R","B",null,"M","M"],"character_chosen":"DEFECT","items_purchased":["Doom and Gloom","Coolheaded"],"campfire_rested":1,"item_purchase_floors":[5,5],"current_hp_per_floor":[68,68,68,68,68,68,53,18,18,16,38,38,35,35,35,30,64,51,37],"gold":231,"neow_bonus":"THREE_ENEMY_KILL","is_prod":false,"is_daily":false,"chose_seed":false,"campfire_upgraded":2,"win_rate":0,"timestamp":1552497322,"path_taken":["M","?","?","M","$","R","M","E","T","M","R","M","M","M","R","BOSS","M","M"],"build_version":"2019-01-23","purchased_purges":0,"victory":false,"max_hp_per_floor":[75,75,75,75,75,75,75,75,75,75,75,75,75,75,75,75,75,75,75],"card_choices":[{"not_picked":["Coolheaded","Storm"],"picked":"White Noise","floor":1},{"not_picked":["Loop","Leap"],"picked":"Rebound","floor":3},{"not_picked":["Go for the Eyes","Beam Cell"],"picked":"Leap","floor":4},{"not_picked":["Steam Power","Beam Cell"],"picked":"Skim","floor":7},{"not_picked":["Melter","Redo"],"picked":"Chill","floor":8},{"not_picked":["Cold Snap","Recycle","Ball Lightning"],"picked":"SKIP","floor":10},{"not_picked":["Melter","Tempest","Chaos"],"picked":"SKIP","floor":12},{"not_picked":["Chaos","Scrape"],"picked":"Multi-Cast","floor":13},{"not_picked":["Rebound","Streamline"],"picked":"Conserve Battery","floor":14},{"not_picked":["All For One","Buffer"],"picked":"Fission","floor":16},{"not_picked":["Gash","Hologram"],"picked":"BootSequence+1","floor":18}],"player_experience":348563,"relics_obtained":[{"floor":8,"key":"Centennial Puzzle"}],"event_choices":[{"cards_removed":["Strike_B"],"damage_healed":0,"gold_gain":0,"player_choice":"Offered Basic","damage_taken":0,"max_hp_gain":0,"max_hp_loss":0,"event_name":"Bonfire Elementals","floor":2,"gold_loss":0}],"is_beta":false,"boss_relics":[{"not_picked":["Eternal Feather","FrozenCore"],"picked":"Ectoplasm"}],"items_purged_floors":[],"is_endless":false,"potions_floor_spawned":[1,3,10,12,13,18],"killed_by":"Shell Parasite","ascension_level":6}