{"path_per_floor":["M","M","?","?","M","R","?","M","T","M","R","?","M","$","R","B",null,"M","?","M","M","$","R","?","T","T","R","M","?","M","M","R"],"character_chosen":"IRONCLAD","items_purchased":["Madness"],"gold_per_floor":[113,128,128,128,144,144,94,105,105,117,117,117,136,86,86,182,182,198,198,209,226,81,81,81,81,81,81,94,94,107,118,118],"floor_reached":33,"campfire_rested":1,"playtime":1827,"current_hp_per_floor":[66,70,67,67,72,72,72,71,71,72,72,72,70,70,70,38,72,71,71,54,39,39,39,39,39,39,60,54,54,59,48,48],"items_purged":["Defend_R","Defend_R"],"gold":118,"score":275,"play_id":"4a148080-398e-463e-9401-5cac583ecd3a","local_time":"20180305163134","is_prod":false,"is_daily":false,"is_ascension_mode":true,"campfire_upgraded":0,"timestamp":1520278294,"path_taken":["M","M","?","?","M","R","?","M","T","M","R","?","M","$","R","BOSS","M","?","M","M","?","R","?","?","T","R","M","?","M","?","R","BOSS"],"build_version":"2018-03-01-PROD1","purchased_purges":3,"victory":false,"master_deck":["Bash","Flex","Clash","Rage+1","Headbutt","Rampage","Madness"],"max_hp_per_floor":[72,72,72,72,72,72,72,72,72,72,72,72,72,72,72,72,72,72,72,72,72,72,72,72,72,72,72,72,72,72,72,72],"relics":["Burning Blood","Shovel","Smiling Mask","Happy Flower","Peace Pipe","Question Card","Frozen Eye","Torii"],"card_choices":[{"not_picked":["Metallicize","Seeing Red"],"picked":"Flex"},{"not_picked":["Disarm","Body Slam"],"picked":"Clash"},{"not_picked":["Armaments","Ghostly Armor"],"picked":"Rage"},{"not_picked":["Thunderclap","Sword Boomerang"],"picked":"Headbutt"},{"not_picked":["Twin Strike","Havoc","Pummel"],"picked":"Rampage"}],"player_experience":433912,"potions_floor_usage":[16,18,21],"damage_taken":[{"damage":12,"enemies":"Jaw Worm","floor":1,"turns":4},{"damage":2,"enemies":"Small Slimes","floor":2,"turns":4},{"damage":1,"enemies":"Cultist","floor":5,"turns":4},{"damage":7,"enemies":"Looter","floor":8,"turns":3},{"damage":0,"enemies":"Exordium Wildlife","floor":10,"turns":2},{"damage":8,"enemies":"Large Slime","floor":13,"turns":4},{"damage":38,"enemies":"The Guardian","floor":16,"turns":9},{"damage":7,"enemies":"3 Byrds","floor":18,"turns":6},{"damage":23,"enemies":"Shell Parasite","floor":20,"turns":4},{"damage":33,"enemies":"Snecko","floor":21,"turns":5},{"damage":12,"enemies":"Sentry and Sphere","floor":28,"turns":5},{"damage":1,"enemies":"3 Cultists","floor":30,"turns":5},{"damage":17,"enemies":"Centurion and Healer","floor":31,"turns":4},{"damage":57,"enemies":"Automaton","floor":33,"turns":6}],"event_choices":[{"event_name":"Scrap Ooze","player_choice":"success","floor":3,"damage_taken":3},{"event_name":"Living Wall","player_choice":"Forget","floor":4,"damage_taken":0},{"event_name":"The Cleric","player_choice":"Card Removal","floor":7,"damage_taken":0},{"event_name":"Accursed Blacksmith","player_choice":"Forge","floor":12,"damage_taken":0},{"event_name":"The Mausoleum","player_choice":"No","floor":19,"damage_taken":0},{"event_name":"Back to Basics","player_choice":"Elegance","floor":24,"damage_taken":0},{"event_name":"Duplicator","player_choice":"Ignored","floor":29,"damage_taken":0}],"boss_relics":[{"not_picked":["Tiny House","Runic Dome"],"picked":"Question Card"}],"potions_floor_spawned":[5,8,16,18,31],"seed_played":"8057034007865050007","killed_by":"Automaton","ascension_level":3,"is_trial":false}