{"path_per_floor":["M","M","?","$","?","E","?","R","T","T","R","E","M","M","R","B",null,"M","M","?","$","?"],"character_chosen":"IRONCLAD","items_purchased":["Apotheosis","Vajra"],"gold_per_floor":[119,134,309,24,99,124,124,124,172,172,172,207,219,238,238,337,337,353,368,368,116,116],"floor_reached":23,"campfire_rested":1,"playtime":1169,"current_hp_per_floor":[77,80,80,80,69,36,36,60,60,60,60,64,72,71,71,30,84,72,41,41,41,25],"items_purged":["Doubt","Strike_R"],"gold":116,"score":217,"play_id":"4dd327a7-f510-473d-9fbb-8bc24d4362ca","is_prod":false,"is_daily":false,"is_ascension_mode":true,"campfire_upgraded":2,"path_taken":["M","M","?","$","?","E","?","R","T","?","R","E","?","?","R","BOSS","M","M","?","?","?","E"],"build_version":"2018-02-22-PROD2","purchased_purges":2,"victory":false,"master_deck":["Strike_R+1","Strike_R","Strike_R+1","Defend_R","Defend_R+1","Defend_R","Defend_R","Bash","Rampage+1","Apotheosis+1","Flex+1","Headbutt","Feed","Heavy Blade","Cleave"],"max_hp_per_floor":[80,80,80,80,80,80,80,80,80,80,80,82,84,84,84,84,84,84,84,84,84,89],"relics":["Burning Blood","Whetstone","War Paint","Singing Bowl","Orichalcum","Matryoshka","Black Star","Vajra"],"card_choices":[{"not_picked":["Wild Strike","Uppercut"],"picked":"Rampage"},{"not_picked":["Feel No Pain","True Grit"],"picked":"Flex"},{"not_picked":["Entrench","Warcry"],"picked":"Headbutt"},{"not_picked":["Fiend Fire","Limit Break"],"picked":"Feed"},{"not_picked":["Armaments","Reckless Charge"],"picked":"Heavy Blade"},{"not_picked":["Warcry","Flex"],"picked":"Cleave"}],"player_experience":271856,"potions_floor_usage":[16,23],"damage_taken":[{"damage":9,"enemies":"Small Slimes","floor":1,"turns":4},{"damage":3,"enemies":"Jaw Worm","floor":2,"turns":4},{"damage":39,"enemies":"Lagavulin","floor":6,"turns":8},{"damage":4,"enemies":"3 Sentries","floor":12,"turns":7},{"damage":0,"enemies":"2 Louse","floor":13,"turns":2},{"damage":7,"enemies":"Red Slaver","floor":14,"turns":3},{"damage":47,"enemies":"Hexaghost","floor":16,"turns":10},{"damage":18,"enemies":"Spheric Guardian","floor":18,"turns":5},{"damage":37,"enemies":"3 Byrds","floor":19,"turns":7},{"damage":35,"enemies":"Book of Stabbing","floor":23,"turns":5}],"event_choices":[{"event_name":"Liars Game","player_choice":"agreed","floor":3,"damage_taken":0},{"event_name":"World of Goop","player_choice":"Gather Gold","floor":5,"damage_taken":0},{"event_name":"Living Wall","player_choice":"Forget","floor":7,"damage_taken":0},{"event_name":"Vampires","player_choice":"Ignored","floor":20,"damage_taken":0},{"event_name":"Forgotten Altar","player_choice":"Shed Blood","floor":22,"damage_taken":0}],"boss_relics":[{"not_picked":["Ectoplasm","Runic Cube"],"picked":"Black Star"}],"potions_floor_spawned":[2,12,16,18],"seed_played":"2225723825649054436","killed_by":"Book of Stabbing","ascension_level":2,"is_trial":false}