{"gold_per_floor":[115,115,40,57,57,57,57,9,9,74,85,97,97,112,112,112],"floor_reached":16,"playtime":577,"items_purged":["Defend_G"],"score":170,"play_id":"f62875fe-9a7e-4711-a1a8-f7efa0d1e936","local_time":"20181110195326","is_ascension_mode":true,"campfire_choices":[{"floor":7,"key":"REST"},{"floor":13,"key":"REST"},{"floor":15,"key":"REST"}],"neow_cost":"NONE","seed_source_timestamp":28948057038602,"circlet_count":0,"master_deck":["AscendersBane","Defend_G","Defend_G","Defend_G+1","Defend_G","Strike_G+1","Strike_G","Strike_G+1","Strike_G","Strike_G","Survivor+1","Neutralize","Sucker Punch","Deadly Poison"],"relics":["Ring of the Snake","War Paint","The Specimen","Tiny Chest"],"potions_floor_usage":[10],"damage_taken":[{"damage":0,"enemies":"2 Louse","floor":1,"turns":2},{"damage":16,"enemies":"Jaw Worm","floor":4,"turns":4},{"damage":32,"enemies":"3 Sentries","floor":10,"turns":8},{"damage":0,"enemies":"Cultist","floor":11,"turns":3},{"damage":10,"enemies":"Large Slime","floor":12,"turns":6},{"damage":11,"enemies":"Looter","floor":14,"turns":3},{"damage":45,"enemies":"Slime Boss","floor":16,"turns":10}],"seed_played":"-2068797820144865737","potions_obtained":[{"floor":4,"key":"Swift Potion"},{"floor":14,"key":"Weak Potion"}],"is_trial":false,"path_per_floor":["M","?","$","M","$","?","R","$","T","E","M","M","R","M","R","B"],"character_chosen":"THE_SILENT","items_purchased":["Deadly Poison"],"campfire_rested":3,"item_purchase_floors":[8],"current_hp_per_floor":[59,46,46,30,30,35,56,56,56,24,24,14,35,24,45,0],"gold":112,"neow_bonus":"RANDOM_COMMON_RELIC","is_prod":false,"is_daily":false,"chose_seed":false,"campfire_upgraded":0,"win_rate":0,"timestamp":1541886806,"path_taken":["M","?","$","M","$","?","R","?","T","E","?","M","R","M","R","BOSS"],"build_version":"2018-11-08","purchased_purges":1,"victory":false,"max_hp_per_floor":[66,66,66,66,66,71,71,71,71,71,71,71,71,71,71,71],"card_choices":[{"not_picked":["Slice","Poisoned Stab","PiercingWail"],"picked":"SKIP","floor":1},{"not_picked":["Bane","Riddle With Holes"],"picked":"Sucker Punch","floor":4},{"not_picked":["Concentrate","Underhanded Strike","Flying Knee"],"picked":"SKIP","floor":10},{"not_picked":["Cloak And Dagger","Malaise","Masterful Stab"],"picked":"SKIP","floor":11},{"not_picked":["Blade Dance","Underhanded Strike","PiercingWail"],"picked":"SKIP","floor":12},{"not_picked":["Flying Knee","Sucker Punch","PiercingWail"],"picked":"SKIP","floor":14}],"player_experience":878973,"relics_obtained":[{"floor":9,"key":"The Specimen"},{"floor":10,"key":"Tiny Chest"}],"event_choices":[{"damage_healed":0,"gold_gain":0,"player_choice":"Entered Light","damage_taken":13,"max_hp_gain":0,"max_hp_loss":0,"event_name":"Shining Light","floor":2,"gold_loss":0,"cards_upgraded":["Strike_G","Strike_G"]},{"damage_healed":0,"gold_gain":0,"player_choice":"Donut","damage_taken":0,"max_hp_gain":5,"max_hp_loss":0,"event_name":"Big Fish","floor":6,"gold_loss":0}],"is_beta":true,"boss_relics":[],"items_purged_floors":[3],"is_endless":false,"potions_floor_spawned":[4,14],"killed_by":"Slime Boss","ascension_level":14}