{"gold_per_floor":[114,114,15,25,45,70,70,81,81,98,133,133,133,149,149,251,251,268,318,328,344,35,35,68,68,136,153,28,28],"floor_reached":29,"playtime":1155,"items_purged":["Strike_G","Strike_G","Strike_G"],"score":281,"play_id":"372f17b6-cee3-43ce-b68c-f2f8206c4d5c","local_time":"20190215223226","is_ascension_mode":true,"campfire_choices":[{"data":"Predator","floor":7,"key":"SMITH"},{"floor":12,"key":"REST"},{"data":"Deadly Poison","floor":15,"key":"SMITH"},{"floor":23,"key":"REST"}],"neow_cost":"NONE","seed_source_timestamp":88448916743199,"circlet_count":0,"master_deck":["Defend_G","Defend_G","Defend_G","Defend_G","Defend_G","Strike_G","Strike_G","Survivor","Neutralize","Crippling Poison+1","Slice","Deadly Poison+1","Predator+1","Bane","Terror","Dagger Spray","Noxious Fumes","Deadly Poison","Corpse Explosion","Backflip","Reflex+1","Catalyst"],"relics":["Ring of the Snake","NeowsBlessing","Bronze Scales","Question Card","Ornamental Fan","Sundial","HoveringKite","Orichalcum","Bottled Flame"],"potions_floor_usage":[11,16,27,29],"damage_taken":[{"damage":0,"enemies":"Jaw Worm","floor":1,"turns":1},{"damage":0,"enemies":"Small Slimes","floor":4,"turns":1},{"damage":0,"enemies":"Cultist","floor":5,"turns":1},{"damage":31,"enemies":"Lagavulin","floor":6,"turns":6},{"damage":6,"enemies":"Exordium Wildlife","floor":8,"turns":4},{"damage":3,"enemies":"Red Slaver","floor":10,"turns":3},{"damage":19,"enemies":"3 Sentries","floor":11,"turns":7},{"damage":9,"enemies":"Large Slime","floor":14,"turns":4},{"damage":21,"enemies":"Slime Boss","floor":16,"turns":7},{"damage":13,"enemies":"Spheric Guardian","floor":18,"turns":4},{"damage":16,"enemies":"Shell Parasite","floor":20,"turns":4},{"damage":19,"enemies":"Shelled Parasite and Fungi","floor":21,"turns":4},{"damage":12,"enemies":"Gremlin Leader","floor":24,"turns":5},{"damage":12,"enemies":"Sentry and Sphere","floor":27,"turns":5},{"damage":22,"enemies":"Book of Stabbing","floor":29,"turns":4}],"seed_played":"-2196200597306689161","potions_obtained":[{"floor":8,"key":"Poison Potion"},{"floor":11,"key":"Regen Potion"},{"floor":20,"key":"EssenceOfSteel"},{"floor":27,"key":"Swift Potion"}],"is_trial":false,"path_per_floor":["M","?","$","M","M","E","R","M","T","M","E","R","T","M","R","B",null,"M","?","M","M","$","R","E","?","T","M","$","E"],"character_chosen":"THE_SILENT","items_purchased":["Slice","Reflex","Explosive Potion","Ancient Potion"],"campfire_rested":2,"item_purchase_floors":[3,22,22,22],"current_hp_per_floor":[70,70,70,70,70,39,39,33,33,30,11,32,32,23,23,17,70,57,57,41,22,22,43,31,31,31,19,19,0],"gold":28,"neow_bonus":"THREE_ENEMY_KILL","is_prod":false,"is_daily":false,"chose_seed":false,"campfire_upgraded":2,"win_rate":0,"timestamp":1550291546,"path_taken":["M","?","$","M","M","E","R","M","T","M","E","R","?","M","R","BOSS","M","?","M","?","$","R","E","?","T","?","$","E"],"build_version":"2019-01-23","purchased_purges":3,"victory":false,"max_hp_per_floor":[70,70,70,70,70,70,70,70,70,70,70,70,70,70,70,70,70,70,70,70,70,70,70,70,70,70,70,70,70],"card_choices":[{"not_picked":["PiercingWail","Blade Dance"],"picked":"Crippling Poison","floor":1},{"not_picked":["Underhanded Strike","Slice"],"picked":"Deadly Poison","floor":4},{"not_picked":["Bane","Calculated Gamble"],"picked":"Predator","floor":5},{"not_picked":["Storm of Steel","Blade Dance"],"picked":"Bane","floor":6},{"not_picked":["Bane","Deflect"],"picked":"Terror","floor":8},{"not_picked":["Backflip","Quick Slash","Bane"],"picked":"Dagger Spray","floor":10},{"not_picked":["Concentrate","Endless Agony","Poisoned Stab"],"picked":"Noxious Fumes","floor":11},{"not_picked":["Blade Dance","Caltrops","Bouncing Flask"],"picked":"Deadly Poison","floor":14},{"not_picked":["Burst","Doppelganger","After Image"],"picked":"Corpse Explosion","floor":16},{"not_picked":["Accuracy","Sucker Punch","Eviscerate+1"],"picked":"Backflip","floor":18},{"not_picked":["Flying Knee","PiercingWail","Concentrate","Blade Dance"],"picked":"SKIP","floor":20},{"not_picked":["Bouncing Flask","Outmaneuver","Well Laid Plans","PiercingWail"],"picked":"SKIP","floor":21},{"not_picked":["Bane","Riddle With Holes","Blur+1","Quick Slash"],"picked":"SKIP","floor":24},{"not_picked":["Infinite Blades","Sucker Punch","All Out Attack"],"picked":"Catalyst","floor":27}],"player_experience":181795,"relics_obtained":[{"floor":6,"key":"Bronze Scales"},{"floor":9,"key":"Question Card"},{"floor":11,"key":"Ornamental Fan"},{"floor":13,"key":"Sundial"},{"floor":24,"key":"Orichalcum"},{"floor":26,"key":"Bottled Flame"}],"event_choices":[{"damage_healed":0,"gold_gain":0,"player_choice":"Grow","damage_taken":0,"max_hp_gain":0,"max_hp_loss":0,"event_name":"Living Wall","floor":2,"gold_loss":0,"cards_upgraded":["Crippling Poison"]},{"damage_healed":0,"gold_gain":100,"player_choice":"Bet on Murderer","damage_taken":0,"max_hp_gain":0,"max_hp_loss":0,"event_name":"The Joust","floor":19,"gold_loss":50},{"damage_healed":0,"gold_gain":0,"player_choice":"Forge","damage_taken":0,"max_hp_gain":0,"max_hp_loss":0,"event_name":"Accursed Blacksmith","floor":25,"gold_loss":0,"cards_upgraded":["Reflex"]}],"is_beta":false,"boss_relics":[{"not_picked":["White Beast Statue","Fusion Hammer"],"picked":"HoveringKite"}],"items_purged_floors":[3,22,28],"is_endless":false,"potions_floor_spawned":[8,11,20,24,27],"killed_by":"Book of Stabbing","ascension_level":2}