{"gold_per_floor":[110,72,72,72,72,106,118,141,224,236,42,54,67,86,86,186,186,205,205,130,142,42,42,57,57],"floor_reached":25,"playtime":858,"items_purged":["Strike_G","Expertise"],"score":226,"play_id":"780e2c32-3fa3-4346-9903-3dc3e23074fa","local_time":"20190205193425","is_ascension_mode":false,"campfire_choices":[{"data":"Bouncing Flask","floor":7,"key":"SMITH"},{"data":"Doppelganger","floor":10,"key":"SMITH"},{"floor":15,"key":"REST"},{"data":"Noxious Fumes","floor":23,"key":"SMITH"}],"neow_cost":"NONE","seed_source_timestamp":445403823514449,"circlet_count":0,"master_deck":["Defend_G","Defend_G","Defend_G+1","Defend_G","Defend_G","Strike_G+1","Survivor","Neutralize","Well Laid Plans","Bouncing Flask+1","Doppelganger+1","Backflip","Deadly Poison","Noxious Fumes+1","Poisoned Stab","Die Die Die","Deadly Poison","Catalyst+1"],"relics":["Ring of the Snake","NeowsBlessing","MawBank","Darkstone Periapt","Art of War","Empty Cage"],"potions_floor_usage":[16,18],"damage_taken":[{"damage":0,"enemies":"2 Louse","floor":1,"turns":1},{"damage":0,"enemies":"Lagavulin","floor":6,"turns":1},{"damage":0,"enemies":"Jaw Worm","floor":8,"turns":1},{"damage":0,"enemies":"Cultist","floor":12,"turns":3},{"damage":18,"enemies":"Lots of Slimes","floor":13,"turns":4},{"damage":10,"enemies":"Looter","floor":14,"turns":2},{"damage":17,"enemies":"Hexaghost","floor":16,"turns":7},{"damage":4,"enemies":"2 Thieves","floor":18,"turns":4},{"damage":0,"enemies":"Chosen","floor":21,"turns":4},{"damage":31,"enemies":"3 Cultists","floor":24,"turns":5},{"damage":42,"enemies":"Gremlin Leader","floor":25,"turns":4}],"seed_played":"2464560115588735381","potions_obtained":[{"floor":6,"key":"Block Potion"},{"floor":13,"key":"SteroidPotion"},{"floor":14,"key":"AttackPotion"},{"floor":16,"key":"GamblersBrew"},{"floor":18,"key":"SpeedPotion"}],"is_trial":false,"path_per_floor":["M","$","?","?","?","E","R","M","T","R","$","M","M","M","R","B",null,"M","?","$","M","$","R","M","E"],"character_chosen":"THE_SILENT","items_purchased":["Well Laid Plans","Deadly Poison","Art of War"],"campfire_rested":1,"item_purchase_floors":[2,11,11],"current_hp_per_floor":[70,70,56,56,56,56,56,56,56,56,56,56,38,28,49,32,70,66,66,66,66,66,66,35,0],"gold":57,"neow_bonus":"THREE_ENEMY_KILL","is_prod":false,"is_daily":false,"chose_seed":false,"campfire_upgraded":3,"win_rate":0,"timestamp":1549416865,"path_taken":["M","$","?","?","?","E","R","M","T","R","$","M","?","M","R","BOSS","M","?","$","M","?","R","?","E"],"build_version":"2019-01-23","purchased_purges":2,"victory":false,"max_hp_per_floor":[70,70,70,70,70,70,70,70,70,70,70,70,70,70,70,70,70,70,70,70,70,70,70,70,70],"card_choices":[{"not_picked":["Slice","Flying Knee"],"picked":"Expertise","floor":1},{"not_picked":["Outmaneuver","Bane"],"picked":"Doppelganger","floor":6},{"not_picked":["Dagger Spray","Quick Slash"],"picked":"Backflip","floor":8},{"not_picked":["Bouncing Flask","Masterful Stab"],"picked":"Noxious Fumes","floor":12},{"not_picked":["Distraction","Accuracy","Dagger Throw"],"picked":"SKIP","floor":13},{"not_picked":["Heel Hook","Outmaneuver"],"picked":"Poisoned Stab","floor":14},{"not_picked":["Bullet Time","Tools of the Trade"],"picked":"Die Die Die","floor":16},{"not_picked":["Dagger Throw","Blade Dance","Acrobatics"],"picked":"SKIP","floor":18},{"not_picked":["Backflip","Dagger Throw+1","Sucker Punch"],"picked":"SKIP","floor":21},{"not_picked":["Sucker Punch","Slice"],"picked":"Catalyst+1","floor":24}],"player_experience":118609,"relics_obtained":[{"floor":6,"key":"MawBank"},{"floor":9,"key":"Darkstone Periapt"}],"event_choices":[{"damage_healed":0,"gold_gain":0,"player_choice":"Entered Light","damage_taken":14,"max_hp_gain":0,"max_hp_loss":0,"event_name":"Shining Light","floor":3,"gold_loss":0,"cards_upgraded":["Defend_G","Strike_G"]},{"damage_healed":0,"gold_gain":0,"cards_transformed":["Strike_G"],"player_choice":"Change","damage_taken":0,"max_hp_gain":0,"max_hp_loss":0,"event_name":"Living Wall","floor":4,"gold_loss":0,"cards_obtained":["Bouncing Flask"]},{"damage_healed":0,"gold_gain":0,"player_choice":"Leave","damage_taken":0,"max_hp_gain":0,"max_hp_loss":0,"event_name":"The Cleric","floor":5,"gold_loss":0},{"damage_healed":0,"gold_gain":0,"player_choice":"Copied","damage_taken":0,"max_hp_gain":0,"max_hp_loss":0,"event_name":"Duplicator","floor":19,"gold_loss":0,"cards_obtained":["Deadly Poison"]}],"is_beta":false,"boss_relics":[{"not_picked":["Snecko Eye","HoveringKite"],"picked":"Empty Cage"}],"items_purged_floors":[20,22],"is_endless":false,"potions_floor_spawned":[6,13,14,16,18,24],"killed_by":"Gremlin Leader","ascension_level":0}