{"path_per_floor":["M","?","?","M","M","R","E","R","T","$","$","M","M","M","R","B",null,"M","?","$","?","$","M","M","E","T","R","$","M","R","M","R","B",null,"M","$","M","$","M","R","?","M","T","M","M","M","M","T","R"],"character_chosen":"IRONCLAD","items_purchased":[],"gold_per_floor":[17,17,17,34,48,48,76,76,76,1,1,20,38,50,50,149,149,161,211,111,36,36,49,65,97,123,123,123,140,140,157,157,256,256,274,149,165,15,28,28,28,39,39,53,71,90,100,100,100],"floor_reached":50,"campfire_rested":2,"playtime":1267,"current_hp_per_floor":[75,59,80,79,80,80,48,48,48,48,48,45,51,50,50,11,80,67,67,67,67,67,55,49,31,31,55,55,49,49,45,69,33,80,72,72,68,68,74,74,74,56,56,50,37,43,44,44,44],"items_purged":["Defend_R","Body Slam","Inflame","Clothesline"],"gold":100,"score":468,"play_id":"0ac4e5be-e5f6-4947-ac6e-b172e54c2503","local_time":"20180318232747","is_prod":false,"is_daily":false,"is_ascension_mode":false,"campfire_upgraded":5,"timestamp":1521426467,"path_taken":["M","?","?","?","M","R","E","R","T","?","$","M","M","M","R","BOSS","M","?","$","?","$","M","?","E","T","R","?","?","R","?","R","BOSS","M","$","M","$","M","R","?","M","T","M","?","M","M","?","R","BOSS"],"build_version":"2018-03-15v3","purchased_purges":4,"victory":false,"master_deck":["Bash+1","Flex+1","Whirlwind+1","Inflame","Anger","Clash+1","Dropkick+1","Double Tap+1","Dropkick+1"],"max_hp_per_floor":[80,80,80,80,80,80,80,80,80,80,80,80,80,80,80,80,80,80,80,80,80,80,80,80,80,80,80,80,80,80,80,80,80,80,80,80,80,80,80,80,80,80,80,80,80,80,80,80,80],"relics":["Burning Blood","Gambling Chip","Champion Belt","Pandora\u0027s Box","Darkstone Periapt","Bronze Scales","Sozu","Girya","Paper Frog"],"card_choices":[{"not_picked":["Wild Strike","Perfected Strike"],"picked":"Flex"},{"not_picked":["True Grit","Reaper"],"picked":"Whirlwind"},{"not_picked":["Iron Wave","True Grit"],"picked":"Clash"},{"not_picked":["Dark Embrace","Twin Strike"],"picked":"Dropkick"},{"not_picked":["Impervious","Demon Form"],"picked":"Double Tap"},{"not_picked":["Iron Wave","Blood for Blood"],"picked":"Dropkick"}],"player_experience":614496,"potions_floor_usage":[5,16,16,44],"damage_taken":[{"damage":11,"enemies":"Jaw Worm","floor":1,"turns":2},{"damage":7,"enemies":"2 Louse","floor":4,"turns":2},{"damage":0,"enemies":"Small Slimes","floor":5,"turns":1},{"damage":38,"enemies":"3 Sentries","floor":7,"turns":8},{"damage":9,"enemies":"Blue Slaver","floor":12,"turns":2},{"damage":0,"enemies":"Large Slime","floor":13,"turns":2},{"damage":7,"enemies":"Looter","floor":14,"turns":2},{"damage":45,"enemies":"Hexaghost","floor":16,"turns":6},{"damage":19,"enemies":"Shell Parasite","floor":18,"turns":3},{"damage":18,"enemies":"Chosen","floor":23,"turns":3},{"damage":12,"enemies":"Slaver and Parasite","floor":24,"turns":2},{"damage":24,"enemies":"Slavers","floor":25,"turns":3},{"damage":12,"enemies":"Centurion and Healer","floor":29,"turns":2},{"damage":10,"enemies":"Sentry and Sphere","floor":31,"turns":2},{"damage":42,"enemies":"Automaton","floor":33,"turns":6},{"damage":14,"enemies":"3 Shapes","floor":35,"turns":2},{"damage":10,"enemies":"Orb Walker","floor":37,"turns":2},{"damage":0,"enemies":"Sphere and 2 Shapes","floor":39,"turns":1},{"damage":24,"enemies":"4 Shapes","floor":42,"turns":1},{"damage":12,"enemies":"Maw","floor":44,"turns":4},{"damage":19,"enemies":"Sphere and 2 Shapes","floor":45,"turns":3},{"damage":0,"enemies":"3 Darklings","floor":46,"turns":2},{"damage":5,"enemies":"Maw","floor":47,"turns":4},{"damage":0,"enemies":"Donu and Deca","floor":50,"turns":1}],"event_choices":[{"event_name":"Shining Light","player_choice":"Entered Light","floor":2,"damage_taken":0},{"event_name":"Big Fish","player_choice":"Banana","floor":3,"damage_taken":0},{"event_name":"The Joust","player_choice":"Bet on Murderer","floor":19,"damage_taken":0},{"event_name":"Beggar","player_choice":"Gave Gold","floor":21,"damage_taken":0},{"event_name":"Tomb of Lord Red Mask","player_choice":"Ignored","floor":41,"damage_taken":0}],"boss_relics":[{"not_picked":["Mark of Pain","White Beast Statue"],"picked":"Pandora\u0027s Box"},{"not_picked":["Black Star","Lizard Tail"],"picked":"Sozu"}],"potions_floor_spawned":[1,4,5,13,25,31,33,42,46,47],"seed_played":"286868850390219639","killed_by":"Donu and Deca","ascension_level":0,"is_trial":false}