{"gold_per_floor":[112,126,45,45,58,83,83,109,109,109,123,47,47,80,80,182,182,200,217,217,316,16,16,31,31,57,77,9,27,47,47,47,150,150,170,186,286,298,310,310,326,326,350,350,384,403,90,90,90,90],"floor_reached":50,"playtime":1676,"items_purged":["Strike_B"],"score":621,"play_id":"e6fe0ee1-4e82-4279-9b83-fef5b93a31d6","local_time":"20190225202819","is_ascension_mode":true,"campfire_choices":[{"data":"Dualcast","floor":10,"key":"SMITH"},{"floor":13,"key":"REST"},{"data":"Capacitor","floor":15,"key":"SMITH"},{"data":"Storm","floor":23,"key":"SMITH"},{"data":"Ghostly","floor":25,"key":"SMITH"},{"data":"Ghostly","floor":32,"key":"SMITH"},{"floor":40,"key":"REST"},{"floor":42,"key":"REST"},{"data":"Ghostly","floor":44,"key":"SMITH"},{"data":"Fission","floor":49,"key":"SMITH"}],"neow_cost":"NONE","seed_source_timestamp":10058750848170,"circlet_count":0,"master_deck":["Strike_B","Defend_B+1","Defend_B","Defend_B+1","Defend_B","Zap","Dualcast+1","Ball Lightning","Rebound","Defragment+1","Electrodynamics","Doom and Gloom","Hologram","Capacitor+1","Capacitor","Fission+1","Ghostly+1","Ghostly+1","Ghostly","Ghostly","Ghostly+1","Storm+1","Core Surge","Defragment","Redo+1","Thunder Strike","Parasite","Machine Learning","Amplify"],"relics":["Cracked Core","PreservedInsect","Letter Opener","Blood Vial","Mercury Hourglass","Empty Cage","Bag of Preparation","Busted Crown","Anchor","Bag of Marbles"],"potions_floor_usage":[33],"damage_taken":[{"damage":4,"enemies":"Small Slimes","floor":1,"turns":3},{"damage":7,"enemies":"Jaw Worm","floor":2,"turns":2},{"damage":0,"enemies":"2 Louse","floor":5,"turns":1},{"damage":21,"enemies":"Lagavulin","floor":6,"turns":5},{"damage":16,"enemies":"Gremlin Nob","floor":8,"turns":3},{"damage":6,"enemies":"2 Fungi Beasts","floor":11,"turns":2},{"damage":9,"enemies":"3 Sentries","floor":14,"turns":2},{"damage":0,"enemies":"Slime Boss","floor":16,"turns":5},{"damage":15,"enemies":"3 Byrds","floor":18,"turns":3},{"damage":22,"enemies":"Spheric Guardian","floor":19,"turns":4},{"damage":0,"enemies":"3 Cultists","floor":24,"turns":3},{"damage":18,"enemies":"Chosen and Byrds","floor":27,"turns":7},{"damage":5,"enemies":"Cultist and Chosen","floor":29,"turns":6},{"damage":3,"enemies":"3 Cultists","floor":30,"turns":5},{"damage":4,"enemies":"Collector","floor":33,"turns":9},{"damage":1,"enemies":"3 Shapes","floor":35,"turns":3},{"damage":2,"enemies":"3 Darklings","floor":36,"turns":3},{"damage":6,"enemies":"Transient","floor":38,"turns":5},{"damage":32,"enemies":"Maw","floor":39,"turns":6},{"damage":3,"enemies":"Writhing Mass","floor":41,"turns":5},{"damage":1,"enemies":"Reptomancer","floor":45,"turns":5},{"damage":23,"enemies":"3 Darklings","floor":46,"turns":2},{"damage":38,"enemies":"Donu and Deca","floor":50,"turns":5}],"seed_played":"-2936358640350702352","potions_obtained":[{"floor":2,"key":"EssenceOfSteel"},{"floor":5,"key":"AttackPotion"},{"floor":6,"key":"Poison Potion"},{"floor":11,"key":"SkillPotion"},{"floor":33,"key":"Swift Potion"},{"floor":35,"key":"FocusPotion"}],"is_trial":false,"path_per_floor":["M","M","$","?","M","E","?","E","T","R","M","$","R","E","R","B",null,"M","M","?","?","$","R","M","R","T","M","$","M","M","?","R","B",null,"M","M","?","M","M","R","M","R","T","R","E","M","$","?","R","B"],"character_chosen":"DEFECT","items_purchased":["Defragment","Capacitor","Bag of Preparation","Storm","Defragment","Machine Learning","Amplify"],"campfire_rested":3,"item_purchase_floors":[3,12,22,22,28,47,47],"current_hp_per_floor":[78,71,71,71,71,50,34,18,18,18,14,14,38,31,31,33,82,67,47,41,41,41,41,41,41,41,23,23,20,19,41,41,37,41,40,39,39,35,5,17,16,28,28,28,29,8,8,36,36,0],"gold":90,"neow_bonus":"TEN_PERCENT_HP_BONUS","is_prod":false,"is_daily":false,"chose_seed":false,"campfire_upgraded":7,"win_rate":0,"timestamp":1551148099,"path_taken":["M","M","$","?","M","E","?","E","T","R","M","$","R","E","R","BOSS","M","M","?","?","$","R","M","R","T","M","$","M","M","?","R","BOSS","M","M","?","M","M","R","M","R","T","R","E","?","?","?","R","BOSS"],"build_version":"2019-01-23","purchased_purges":1,"victory":false,"max_hp_per_floor":[82,82,82,82,82,82,82,82,82,82,82,82,82,82,82,82,82,82,82,41,41,41,41,41,41,41,41,41,41,41,41,41,41,41,41,41,41,41,41,41,41,41,41,41,41,41,41,36,36,36],"card_choices":[{"not_picked":["Turbo","Streamline"],"picked":"Ball Lightning","floor":1},{"not_picked":["Streamline","Steam Power"],"picked":"Rebound","floor":2},{"not_picked":["Chill","Compile Driver"],"picked":"Electrodynamics","floor":5},{"not_picked":["Leap","Hologram"],"picked":"Doom and Gloom","floor":6},{"not_picked":["Force Field","Fusion","Barrage"],"picked":"SKIP","floor":8},{"not_picked":["Ball Lightning","Cold Snap"],"picked":"Hologram","floor":11},{"not_picked":["Meteor Strike","Coolheaded"],"picked":"Capacitor","floor":14},{"not_picked":["All For One","Biased Cognition"],"picked":"Fission","floor":16},{"not_picked":["Melter","Conserve Battery+1"],"picked":"Double Energy","floor":18},{"not_picked":["Beam Cell","Sweeping Beam","Ball Lightning"],"picked":"SKIP","floor":19},{"not_picked":["Conserve Battery","Compile Driver+1","Sweeping Beam"],"picked":"SKIP","floor":24},{"not_picked":["Chill+1","Streamline+1"],"picked":"Core Surge","floor":27},{"not_picked":["Beam Cell","Melter","Aggregate"],"picked":"SKIP","floor":29},{"not_picked":["Skim","Hologram"],"picked":"Redo+1","floor":30},{"not_picked":["All For One","Seek"],"picked":"Thunder Strike","floor":33},{"not_picked":["Redo"],"picked":"SKIP","floor":35},{"not_picked":["Sunder"],"picked":"SKIP","floor":36},{"not_picked":["Beam Cell"],"picked":"SKIP","floor":38},{"not_picked":["Go for the Eyes"],"picked":"SKIP","floor":39},{"not_picked":["Streamline"],"picked":"SKIP","floor":41},{"not_picked":["Go for the Eyes"],"picked":"SKIP","floor":45},{"not_picked":["Hologram"],"picked":"SKIP","floor":46}],"player_experience":235273,"relics_obtained":[{"floor":6,"key":"PreservedInsect"},{"floor":8,"key":"Letter Opener"},{"floor":9,"key":"Blood Vial"},{"floor":14,"key":"Mercury Hourglass"},{"floor":43,"key":"Anchor"},{"floor":45,"key":"Bag of Marbles"}],"event_choices":[{"damage_healed":0,"gold_gain":0,"player_choice":"Grow","damage_taken":0,"max_hp_gain":0,"max_hp_loss":0,"event_name":"Living Wall","floor":4,"gold_loss":0,"cards_upgraded":["Defragment"]},{"damage_healed":0,"gold_gain":0,"player_choice":"Entered Light","damage_taken":16,"max_hp_gain":0,"max_hp_loss":0,"event_name":"Shining Light","floor":7,"gold_loss":0,"cards_upgraded":["Defend_B","Defend_B"]},{"damage_healed":0,"gold_gain":0,"player_choice":"Became a Ghost","damage_taken":0,"max_hp_gain":0,"max_hp_loss":41,"event_name":"Ghosts","floor":20,"gold_loss":0,"cards_obtained":["Ghostly","Ghostly","Ghostly","Ghostly","Ghostly"]},{"damage_healed":0,"gold_gain":99,"player_choice":"Stole From Cult","damage_taken":0,"max_hp_gain":0,"max_hp_loss":0,"event_name":"Nest","floor":21,"gold_loss":0},{"cards_removed":["Double Energy"],"damage_healed":22,"gold_gain":0,"player_choice":"Offered Uncommon","damage_taken":0,"max_hp_gain":0,"max_hp_loss":0,"event_name":"Bonfire Elementals","floor":31,"gold_loss":0},{"damage_healed":0,"gold_gain":100,"player_choice":"Pray","damage_taken":0,"max_hp_gain":0,"max_hp_loss":0,"event_name":"Golden Shrine","floor":37,"gold_loss":0},{"damage_healed":36,"gold_gain":0,"player_choice":"Heal","damage_taken":0,"max_hp_gain":0,"max_hp_loss":5,"event_name":"The Moai Head","floor":48,"gold_loss":0}],"is_beta":false,"boss_relics":[{"not_picked":["Velvet Choker","Coffee Dripper"],"picked":"Empty Cage"},{"not_picked":["Runic Pyramid","Orrery"],"picked":"Busted Crown"}],"items_purged_floors":[22],"is_endless":false,"potions_floor_spawned":[2,5,6,11,27,33,35,39,45],"killed_by":"Donu and Deca","ascension_level":2}