{"gold_per_floor":[213,213,90,109,26,52,67,67,67,67,67,77,89,101,101,200,200,212,224,224,224,270,298,298,298,298,213,213,213,213,230,230,230],"floor_reached":33,"playtime":1127,"items_purged":["Parasite"],"score":263,"play_id":"f5a5402f-753e-41ec-8cb3-760cfc5aca44","local_time":"20190202191242","is_ascension_mode":false,"campfire_choices":[{"data":"Perfected Strike","floor":8.0,"key":"SMITH"},{"data":"Swift Strike","floor":11.0,"key":"SMITH"},{"data":"Inflame","floor":15.0,"key":"SMITH"},{"floor":25,"key":"REST"},{"data":"Barricade","floor":30,"key":"SMITH"},{"floor":32,"key":"REST"}],"neow_cost":"NONE","seed_source_timestamp":0,"circlet_count":0,"master_deck":["Strike_R","Strike_R","Strike_R","Strike_R","Strike_R","Defend_R+1","Defend_R+1","Defend_R","Defend_R","Bash","Iron Wave","Perfected Strike+1","Wild Strike","Swift Strike+1","Cleave","Inflame+1","Twin Strike","Flame Barrier","Barricade+1","Perfected Strike+1","Shrug It Off+1","Clash","Twin Strike"],"special_seed":0,"relics":["Black Blood","Question Card","Mummified Hand","Letter Opener","War Paint","Bag of Preparation","Ornamental Fan","Omamori","Bird Faced Urn"],"potions_floor_usage":[33,33],"damage_taken":[{"damage":4.0,"enemies":"Small Slimes","floor":1.0,"turns":3.0},{"damage":0.0,"enemies":"Cultist","floor":4.0,"turns":2.0},{"damage":26.0,"enemies":"Lagavulin","floor":6.0,"turns":6.0},{"damage":11.0,"enemies":"Jaw Worm","floor":7.0,"turns":2.0},{"damage":17.0,"enemies":"Exordium Thugs","floor":12.0,"turns":3.0},{"damage":2.0,"enemies":"Blue Slaver","floor":13.0,"turns":2.0},{"damage":0.0,"enemies":"Large Slime","floor":14.0,"turns":4.0},{"damage":50.0,"enemies":"The Guardian","floor":16.0,"turns":8.0},{"damage":5,"enemies":"Spheric Guardian","floor":18,"turns":3},{"damage":15,"enemies":"3 Byrds","floor":19,"turns":4},{"damage":52,"enemies":"Gremlin Leader","floor":23,"turns":6},{"damage":14,"enemies":"Snecko","floor":31,"turns":4},{"damage":98,"enemies":"Automaton","floor":33,"turns":12}],"seed_played":"3320721918169481708","potions_obtained":[{"floor":7.0,"key":"Ancient Potion"},{"floor":12.0,"key":"Dexterity Potion"},{"floor":16.0,"key":"LiquidBronze"},{"floor":31,"key":"AttackPotion"}],"is_trial":false,"path_per_floor":["M","?","$","M","$","E","M","R","T","T","R","M","M","M","R","B",null,"M","M","?","$","T","E","T","R","T","?","?","?","R","M","R","B"],"character_chosen":"IRONCLAD","items_purchased":["PowerPotion","Swift Strike"],"campfire_rested":2,"item_purchase_floors":[3,5],"current_hp_per_floor":[80,80,77,77,77,57,52,52,52,52,52,41,45,51,51,7,77,77,72,72,72,72,30,30,53,53,53,53,53,53,51,74,0],"gold":230,"neow_bonus":"HUNDRED_GOLD","is_prod":false,"is_daily":false,"chose_seed":false,"campfire_upgraded":4,"win_rate":0.0,"timestamp":1549156362,"path_taken":["M","?","$","?","?","E","M","R","T","?","R","M","M","M","R","BOSS","M","M","?","$","?","E","?","R","T","?","?","?","R","M","R","BOSS"],"build_version":"2019-01-23","purchased_purges":1,"victory":false,"max_hp_per_floor":[80,80,77,77,77,77,77,77,77,77,77,77,77,77,77,77,77,77,77,77,77,77,77,77,77,77,77,77,77,77,77,77,77],"card_choices":[{"not_picked":["Sword Boomerang","Flex"],"picked":"Iron Wave","floor":1.0},{"not_picked":["True Grit","Hemokinesis"],"picked":"Wild Strike","floor":4.0},{"not_picked":["Iron Wave","Ghostly Armor","Searing Blow"],"picked":"SKIP","floor":6.0},{"not_picked":["Dropkick","Clothesline","Wild Strike"],"picked":"Cleave","floor":7.0},{"not_picked":["Wild Strike","Second Wind","Feel No Pain"],"picked":"Inflame","floor":12.0},{"not_picked":["Clash","Anger","Demon Form"],"picked":"Twin Strike","floor":13.0},{"not_picked":["Iron Wave","True Grit","Armaments"],"picked":"Flame Barrier","floor":14.0},{"not_picked":["Feed","Double Tap","Immolate"],"picked":"Barricade","floor":16.0},{"not_picked":["Sword Boomerang","Pummel","Armaments"],"picked":"Perfected Strike","floor":18},{"not_picked":["Second Wind+1","Fire Breathing","Cleave"],"picked":"Shrug It Off+1","floor":19},{"not_picked":["Offering","Sword Boomerang","Bloodletting"],"picked":"Clash","floor":23},{"not_picked":["Flex","Armaments","Cleave","Heavy Blade"],"picked":"SKIP","floor":31}],"player_experience":102749,"relics_obtained":[{"floor":6.0,"key":"Question Card"},{"floor":9.0,"key":"Mummified Hand"},{"floor":10.0,"key":"Letter Opener"},{"floor":22,"key":"War Paint"},{"floor":23,"key":"Bag of Preparation"},{"floor":24,"key":"Ornamental Fan"},{"floor":26,"key":"Omamori"}],"event_choices":[{"damage_healed":0.0,"max_hp_gain":0.0,"max_hp_loss":0.0,"gold_gain":0.0,"event_name":"Match and Keep!","player_choice":"3 cards matched","floor":2.0,"gold_loss":0.0,"damage_taken":0.0,"cards_obtained":["Bash","Parasite","Perfected Strike"]},{"cards_removed":["Bash"],"damage_healed":0,"gold_gain":0,"player_choice":"Purged","damage_taken":0,"max_hp_gain":0,"max_hp_loss":0,"event_name":"Purifier","floor":20,"gold_loss":0},{"damage_healed":0,"gold_gain":0,"player_choice":"Obtained Relic","damage_taken":0,"relics_obtained":["Bird Faced Urn"],"max_hp_gain":0,"max_hp_loss":0,"event_name":"Addict","floor":27,"gold_loss":85},{"damage_healed":0,"gold_gain":0,"player_choice":"Read","damage_taken":0,"max_hp_gain":0,"max_hp_loss":0,"event_name":"The Library","floor":28,"gold_loss":0,"cards_obtained":["Twin Strike"]},{"damage_healed":0,"gold_gain":0,"player_choice":"Forge","damage_taken":0,"max_hp_gain":0,"max_hp_loss":0,"event_name":"Accursed Blacksmith","floor":29,"gold_loss":0,"cards_upgraded":["Perfected Strike"]}],"is_beta":false,"boss_relics":[{"not_picked":["Empty Cage","Orrery"],"picked":"Black Blood"}],"items_purged_floors":[3],"is_endless":false,"potions_floor_spawned":[7,12,13,16,31],"killed_by":"Automaton","ascension_level":0}