{"gold_per_floor":[111,111,81,33,53,53,88,108,108,108,126,126,152,170,170,272,272,283,283,283,300,318,318,37,69,69,87,102,127,127,161,161,259,259,270,270,370,385,68,94,94,124,124,156,156,182,202,302,302,302,302,302,40,69,69],"floor_reached":55,"playtime":1904,"items_purged":["Strike_R","Strike_R"],"score":1268,"play_id":"e212ad87-38b0-46cf-abb2-b106c05be4db","local_time":"20190311233357","is_ascension_mode":true,"campfire_choices":[{"data":"Flame Barrier","floor":6.0,"key":"SMITH"},{"data":"Defend_R","floor":15.0,"key":"SMITH"},{"floor":23.0,"key":"REST"},{"data":"1","floor":30.0,"key":"LIFT"},{"data":"2","floor":32.0,"key":"LIFT"},{"data":"3","floor":41.0,"key":"LIFT"},{"floor":45.0,"key":"REST"},{"floor":49,"key":"RECALL"},{"floor":52,"key":"REST"}],"neow_cost":"NONE","seed_source_timestamp":348864108418020,"circlet_count":0,"master_deck":["Strike_R","Strike_R","Defend_R","Defend_R+1","Defend_R+1","Defend_R+1","Bash","Flame Barrier+1","True Grit+1","Clothesline","Spot Weakness+1","Offering+1","Battle Trance+1","Shrug It Off+1","Double Tap+1","Cleave+1","Inflame+1","Flex+1","Limit Break+1","Twin Strike","Rage+1","Sword Boomerang+1","Warcry+1","Anger","True Grit+1","Limit Break+1","Sword Boomerang+1","Thunderclap","Rage+1","Pommel Strike+1","Juggernaut","Flex+1","Berserk"],"special_seed":0,"relics":["Burning Blood","NeowsBlessing","Toxic Egg 2","Meat on the Bone","Du-Vu Doll","Spirit Poop","Dodecahedron","Fusion Hammer","Paper Frog","Shuriken","Girya","Question Card","Mercury Hourglass","Busted Crown","Ice Cream","War Paint","Art of War","Regal Pillow","Anchor","Vajra","Singing Bowl","Kunai","Incense Burner"],"potions_floor_usage":[50],"damage_taken":[{"damage":0.0,"enemies":"Jaw Worm","floor":1.0,"turns":1.0},{"damage":0.0,"enemies":"2 Louse","floor":5.0,"turns":1.0},{"damage":0.0,"enemies":"Gremlin Nob","floor":7.0,"turns":1.0},{"damage":4.0,"enemies":"Cultist","floor":8.0,"turns":3.0},{"damage":13.0,"enemies":"Exordium Wildlife","floor":11.0,"turns":5.0},{"damage":31.0,"enemies":"3 Sentries","floor":13.0,"turns":10.0},{"damage":6.0,"enemies":"2 Fungi Beasts","floor":14.0,"turns":3.0},{"damage":26.0,"enemies":"The Guardian","floor":16.0,"turns":12.0},{"damage":0.0,"enemies":"3 Byrds","floor":18.0,"turns":4.0},{"damage":12.0,"enemies":"2 Thieves","floor":21.0,"turns":4.0},{"damage":16.0,"enemies":"Centurion and Healer","floor":22.0,"turns":7.0},{"damage":6.0,"enemies":"Book of Stabbing","floor":25.0,"turns":2.0},{"damage":6.0,"enemies":"Snecko","floor":27.0,"turns":1.0},{"damage":6.0,"enemies":"Cultist and Chosen","floor":28.0,"turns":3.0},{"damage":7.0,"enemies":"Slavers","floor":29.0,"turns":4.0},{"damage":11.0,"enemies":"Book of Stabbing","floor":31.0,"turns":2.0},{"damage":6.0,"enemies":"Automaton","floor":33.0,"turns":2.0},{"damage":6.0,"enemies":"3 Shapes","floor":35.0,"turns":1.0},{"damage":5.0,"enemies":"Mind Bloom Boss Battle","floor":37.0,"turns":3.0},{"damage":4.0,"enemies":"Orb Walker","floor":38.0,"turns":3.0},{"damage":8.0,"enemies":"Nemesis","floor":40.0,"turns":3.0},{"damage":0.0,"enemies":"Reptomancer","floor":42.0,"turns":2.0},{"damage":29.0,"enemies":"Nemesis","floor":44.0,"turns":3.0},{"damage":6,"enemies":"Reptomancer","floor":46,"turns":2},{"damage":0,"enemies":"4 Shapes","floor":47,"turns":2},{"damage":14,"enemies":"Donu and Deca","floor":50,"turns":4},{"damage":40,"enemies":"Shield and Spear","floor":54,"turns":3},{"damage":58,"enemies":"The Heart","floor":55,"turns":3}],"seed_played":"9148134200214420727","potions_obtained":[{"floor":1.0,"key":"Weak Potion"},{"floor":3.0,"key":"Fire Potion"},{"floor":3.0,"key":"Energy Potion"},{"floor":11.0,"key":"PowerPotion"},{"floor":16.0,"key":"Swift Potion"},{"floor":18.0,"key":"FearPotion"},{"floor":22.0,"key":"EssenceOfSteel"},{"floor":28.0,"key":"Swift Potion"},{"floor":31.0,"key":"FearPotion"},{"floor":35.0,"key":"AttackPotion"},{"floor":40.0,"key":"Ancient Potion"},{"floor":42.0,"key":"Regen Potion"},{"floor":47,"key":"AttackPotion"},{"floor":54,"key":"Dexterity Potion"}],"is_trial":false,"path_per_floor":["M","?","?","$","M","R","E","M","T","?","M","?","E","M","R","B",null,"M","T","?","M","M","R","$","E","T","M","M","E","R","E","R","B",null,"M","?","?","M","$","E","R","E","T","E","R","E","M","?","R","B",null,"R","$","E","B"],"character_chosen":"IRONCLAD","items_purchased":["True Grit+1","Limit Break+1","Twin Strike","Rage+1","War Paint","Kunai"],"campfire_rested":3,"item_purchase_floors":[4,24,24,39,39,53],"current_hp_per_floor":[78,71,71,71,77,77,80,80,80,80,73,73,48,48,48,40,70,76,76,76,70,60,80,80,80,80,80,80,79,79,74,74,74,79,79,76,76,76,76,74,74,76,76,53,76,78,78,78,78,70,76,78,78,56,0],"gold":69,"neow_bonus":"THREE_ENEMY_KILL","is_prod":false,"is_daily":false,"chose_seed":false,"campfire_upgraded":2,"win_rate":0,"timestamp":1552365237,"path_taken":["M","?","?","$","M","R","E","?","T","?","M","?","E","M","R","BOSS","M","?","?","M","?","R","?","E","T","?","M","E","R","E","R","BOSS","M","?","?","M","$","E","R","E","T","E","R","E","M","?","R","BOSS","R","$","E","BOSS"],"build_version":"2019-01-23","purchased_purges":2,"victory":false,"max_hp_per_floor":[80,80,80,80,80,80,80,80,80,80,80,80,80,80,80,80,80,80,80,80,80,80,80,80,80,80,80,80,80,80,80,80,80,80,80,76,76,76,76,76,76,76,76,76,76,78,78,78,78,78,78,78,78,78,78],"card_choices":[{"not_picked":["Sword Boomerang","Pommel Strike"],"picked":"Flame Barrier","floor":1.0},{"not_picked":["Dual Wield+1","Infernal Blade+1","Clash"],"picked":"SKIP","floor":5.0},{"not_picked":["Infernal Blade+1","Thunderclap"],"picked":"Clothesline","floor":7.0},{"not_picked":["Headbutt","Anger"],"picked":"Spot Weakness+1","floor":8.0},{"not_picked":["Wild Strike","Heavy Blade"],"picked":"Offering+1","floor":11.0},{"not_picked":["Reckless Charge","Feel No Pain"],"picked":"Battle Trance+1","floor":13.0},{"not_picked":["Anger","Heavy Blade"],"picked":"Shrug It Off+1","floor":14.0},{"not_picked":["Brutality","Exhume+1"],"picked":"Double Tap+1","floor":16.0},{"not_picked":["True Grit+1","Anger"],"picked":"Cleave+1","floor":18.0},{"not_picked":["Shrug It Off+1","True Grit+1"],"picked":"Inflame+1","floor":21.0},{"not_picked":["Hemokinesis","Infernal Blade+1"],"picked":"Flex+1","floor":22.0},{"not_picked":["Havoc+1","Warcry+1"],"picked":"Rage+1","floor":25.0},{"not_picked":["Bludgeon","Havoc+1"],"picked":"Sword Boomerang+1","floor":27.0},{"not_picked":["Body Slam","Clash"],"picked":"Warcry+1","floor":28.0},{"not_picked":["Burning Pact+1","Ghostly Armor+1"],"picked":"Anger","floor":29.0},{"not_picked":["Clothesline","Inflame","Heavy Blade"],"picked":"True Grit+1","floor":31.0},{"not_picked":["Dark Embrace","Fiend Fire","Berserk"],"picked":"Limit Break+1","floor":33.0},{"not_picked":["Spot Weakness+1"],"picked":"Sword Boomerang+1","floor":35.0},{"not_picked":["Havoc+1"],"picked":"Thunderclap","floor":37.0},{"not_picked":["Second Wind+1","Rampage+1"],"picked":"SKIP","floor":38.0},{"not_picked":["Disarm+1","Thunderclap+1"],"picked":"SKIP","floor":40.0},{"not_picked":["Armaments+1"],"picked":"Pommel Strike+1","floor":42.0},{"not_picked":["Combust+1"],"picked":"Juggernaut","floor":44.0},{"not_picked":["Second Wind+1","Seeing Red+1"],"picked":"Singing Bowl","floor":46},{"not_picked":["Sever Soul+1"],"picked":"Flex+1","floor":47},{"not_picked":["Warcry+1"],"picked":"Berserk","floor":54}],"player_experience":340637,"relics_obtained":[{"floor":7.0,"key":"Meat on the Bone"},{"floor":13.0,"key":"Dodecahedron"},{"floor":19.0,"key":"Paper Frog"},{"floor":25.0,"key":"Shuriken"},{"floor":26.0,"key":"Girya"},{"floor":29.0,"key":"Question Card"},{"floor":31.0,"key":"Mercury Hourglass"},{"floor":37.0,"key":"Ice Cream"},{"floor":40.0,"key":"Art of War"},{"floor":42.0,"key":"Regal Pillow"},{"floor":43.0,"key":"Anchor"},{"floor":44.0,"key":"Vajra"},{"floor":46,"key":"Singing Bowl"},{"floor":54,"key":"Incense Burner"}],"event_choices":[{"damage_healed":0.0,"max_hp_gain":0.0,"max_hp_loss":0.0,"gold_gain":0.0,"event_name":"Scrap Ooze","player_choice":"Success","floor":2.0,"gold_loss":0.0,"damage_taken":7.0,"relics_obtained":["Toxic Egg 2"]},{"damage_healed":0.0,"max_hp_gain":0.0,"max_hp_loss":0.0,"gold_gain":0.0,"event_name":"The Woman in Blue","player_choice":"Bought 2 Potions","floor":3.0,"gold_loss":0.0,"damage_taken":0.0},{"damage_healed":0.0,"max_hp_gain":0.0,"max_hp_loss":0.0,"gold_gain":0.0,"event_name":"Big Fish","player_choice":"Box","floor":10.0,"gold_loss":0.0,"damage_taken":0.0,"relics_obtained":["Du-Vu Doll"],"cards_obtained":["Regret"]},{"cards_removed":["Regret"],"damage_healed":0.0,"max_hp_gain":0.0,"max_hp_loss":0.0,"gold_gain":0.0,"event_name":"Bonfire Elementals","player_choice":"Offered Curse","floor":12.0,"gold_loss":0.0,"damage_taken":0.0,"relics_obtained":["Spirit Poop"]},{"cards_removed":["Strike_R"],"damage_healed":0.0,"max_hp_gain":0.0,"max_hp_loss":0.0,"gold_gain":0.0,"event_name":"Purifier","player_choice":"Purged","floor":20.0,"gold_loss":0.0,"damage_taken":0.0},{"damage_healed":0.0,"max_hp_gain":0.0,"max_hp_loss":4.0,"gold_gain":0.0,"event_name":"Winding Halls","player_choice":"Max HP","floor":36.0,"gold_loss":0.0,"damage_taken":0.0},{"damage_healed":0.0,"max_hp_gain":0.0,"max_hp_loss":0.0,"gold_gain":0.0,"event_name":"MindBloom","player_choice":"Fight","floor":37.0,"gold_loss":0.0,"damage_taken":0.0},{"damage_healed":0,"gold_gain":100,"player_choice":"Pray","damage_taken":0,"max_hp_gain":0,"max_hp_loss":0,"event_name":"Golden Shrine","floor":48,"gold_loss":0}],"is_beta":false,"boss_relics":[{"not_picked":["Orrery","Pandora\u0027s Box"],"picked":"Fusion Hammer"},{"not_picked":["Astrolabe","Mark of Pain"],"picked":"Busted Crown"}],"items_purged_floors":[24,39],"is_endless":false,"potions_floor_spawned":[1,11,13,16,18,22,28,31,35,40,42,47,54],"killed_by":"The Heart","ascension_level":6}