{"path_per_floor":["M","$","?","M","?","R","M","?","T","E","M","?","?","M","R"],"character_chosen":"THE_SILENT","items_purchased":[],"gold_per_floor":[118,43,43,64,64,64,82,153,231,262,286,286,286,307,307],"floor_reached":16,"campfire_rested":1,"playtime":704,"current_hp_per_floor":[58,58,58,57,50,50,50,37,37,12,9,9,24,24,42],"items_purged":["Parasite"],"gold":307,"score":150,"play_id":"4fee0e86-9c92-437e-ab13-bc25e6091e5a","is_prod":false,"is_daily":false,"is_ascension_mode":true,"campfire_upgraded":1,"path_taken":["M","$","?","M","?","R","M","?","T","E","?","?","?","M","R","BOSS"],"build_version":"2018-02-22-PROD2","purchased_purges":1,"victory":false,"master_deck":["Defend_G","Defend_G+1","Defend_G","Defend_G","Defend_G+1","Strike_G+1","Strike_G","Strike_G+1","Survivor","Neutralize+1","Deadly Poison","All Out Attack","Dagger Throw","PiercingWail","Catalyst","Parasite","Caltrops"],"max_hp_per_floor":[70,67,62,62,62,62,62,62,62,62,62,62,62,62,62],"relics":["Ring of the Snake","Whetstone","Golden Idol","Ninja Scroll","Matryoshka","War Paint"],"card_choices":[{"not_picked":["Sucker Punch","Prepared"],"picked":"Deadly Poison"},{"not_picked":["Catalyst","Riddle With Holes"],"picked":"All Out Attack"},{"not_picked":["Slice","Endless Agony"],"picked":"Dagger Throw"},{"not_picked":["Flying Knee","Dodge and Roll"],"picked":"PiercingWail"},{"not_picked":["Dagger Throw","Bouncing Flask"],"picked":"Catalyst"},{"not_picked":["Eviscerate","Bane"],"picked":"Caltrops"}],"player_experience":393295,"potions_floor_usage":[10,10,10,11,16],"damage_taken":[{"damage":5,"enemies":"Jaw Worm","floor":1,"turns":6},{"damage":1,"enemies":"Small Slimes","floor":4,"turns":5},{"damage":0,"enemies":"Cultist","floor":7,"turns":3},{"damage":13,"enemies":"3 Sentries","floor":8,"turns":6},{"damage":25,"enemies":"Lagavulin","floor":10,"turns":4},{"damage":3,"enemies":"Large Slime","floor":11,"turns":6},{"damage":0,"enemies":"Looter","floor":14,"turns":2},{"damage":24,"enemies":"Hexaghost","floor":16,"turns":9}],"event_choices":[{"event_name":"Golden Idol","player_choice":"Lose Max HP","floor":3,"damage_taken":0},{"event_name":"Golden Wing","player_choice":"Card Removal","floor":5,"damage_taken":0},{"event_name":"Dead Adventurer","player_choice":"Searched \u00271\u0027 times","floor":8,"damage_taken":0},{"event_name":"Living Wall","player_choice":"Forget","floor":12,"damage_taken":0},{"event_name":"Mushrooms","player_choice":"Healed and dodged fight","floor":13,"damage_taken":0}],"boss_relics":[],"potions_floor_spawned":[7,8,8,10,14],"seed_played":"-3527960581825045305","killed_by":"Hexaghost","ascension_level":10,"is_trial":false}