{"gold_per_floor":[109,122,122,189,205,234,234,252,334,351,351],"floor_reached":11,"playtime":376,"items_purged":[],"score":77,"play_id":"f2a697eb-5f9c-4f41-9e61-57c4dd5351da","local_time":"20190208130305","is_ascension_mode":false,"campfire_choices":[{"data":"Tempest","floor":7,"key":"SMITH"}],"neow_cost":"NONE","seed_source_timestamp":5793149288163,"circlet_count":0,"master_deck":["Strike_B","Strike_B","Strike_B","Strike_B","Defend_B","Defend_B","Defend_B","Defend_B","Zap","Dualcast","Tempest+1","Coolheaded","Tempest","Conserve Battery","Tempest","White Noise+1","Aggregate+1","Heatsinks"],"relics":["Cracked Core","SsserpentHead","Toxic Egg 2","Bottled Lightning"],"potions_floor_usage":[],"damage_taken":[{"damage":8,"enemies":"Jaw Worm","floor":1,"turns":3},{"damage":1,"enemies":"Cultist","floor":2,"turns":3},{"damage":0,"enemies":"2 Louse","floor":4,"turns":2},{"damage":0,"enemies":"2 Fungi Beasts","floor":5,"turns":3},{"damage":21,"enemies":"Lagavulin","floor":6,"turns":7},{"damage":9,"enemies":"3 Louse","floor":8,"turns":2},{"damage":18,"enemies":"Lots of Slimes","floor":10,"turns":3},{"damage":0,"enemies":"Gremlin Gang","floor":11,"turns":1}],"seed_played":"8268204857694440840","potions_obtained":[{"floor":4,"key":"Poison Potion"},{"floor":6,"key":"Swift Potion"},{"floor":10,"key":"Energy Potion"}],"is_trial":false,"path_per_floor":["M","M","?","M","M","E","R","M","T","M","M"],"character_chosen":"DEFECT","items_purchased":[],"campfire_rested":0,"item_purchase_floors":[],"current_hp_per_floor":[67,66,66,66,66,45,45,36,36,18,18],"gold":351,"neow_bonus":"THREE_CARDS","is_prod":false,"is_daily":false,"chose_seed":false,"campfire_upgraded":1,"win_rate":0,"timestamp":1549652585,"path_taken":["M","M","?","?","M","E","R","M","T","M","M"],"build_version":"2019-01-23","purchased_purges":0,"victory":false,"max_hp_per_floor":[75,75,75,75,75,75,75,75,75,75,75],"card_choices":[{"not_picked":["BootSequence","Rebound"],"picked":"Tempest","floor":0},{"not_picked":["Fusion","Glacier"],"picked":"Coolheaded","floor":1},{"not_picked":["Self Repair","Leap"],"picked":"Tempest","floor":2},{"not_picked":["Glacier","Leap"],"picked":"Conserve Battery","floor":4},{"not_picked":["Stack","Steam Power"],"picked":"Tempest","floor":5},{"not_picked":["Static Discharge","Melter"],"picked":"White Noise","floor":6},{"not_picked":["Beam Cell","Hologram+1"],"picked":"Aggregate+1","floor":8},{"not_picked":["Hello World","Steam Power+1"],"picked":"Heatsinks","floor":10}],"player_experience":133013,"relics_obtained":[{"floor":6,"key":"Toxic Egg 2"},{"floor":9,"key":"Bottled Lightning"}],"event_choices":[{"damage_healed":0,"gold_gain":0,"player_choice":"Trade","damage_taken":0,"relics_obtained":["SsserpentHead"],"max_hp_gain":0,"max_hp_loss":0,"event_name":"FaceTrader","floor":3,"gold_loss":0}],"is_beta":false,"boss_relics":[],"items_purged_floors":[],"is_endless":false,"potions_floor_spawned":[4,6,10],"killed_by":"Gremlin Gang","ascension_level":0}