{"gold_per_floor":[112,187,58,78,88,88,118,136,136,136,158,220,220],"floor_reached":13,"playtime":670,"items_purged":["Strike_G"],"score":120,"play_id":"51a95175-a055-4804-bf5d-2a8c54b31256","local_time":"20190309201402","is_ascension_mode":true,"campfire_choices":[{"data":"Blade Dance","floor":6,"key":"SMITH"},{"data":"Infinite Blades","floor":10,"key":"SMITH"}],"neow_cost":"NONE","seed_source_timestamp":514095837283707,"circlet_count":0,"master_deck":["Defend_G","Defend_G","Defend_G","Defend_G","Defend_G","Strike_G","Strike_G","Strike_G","Strike_G","Survivor","Neutralize","Blade Dance+1","Slice","Flying Knee","Flying Knee","Infinite Blades+1","Noxious Fumes"],"relics":["WristBlade","Sundial","Dodecahedron","Odd Mushroom","Pear"],"potions_floor_usage":[7,11,12],"damage_taken":[{"damage":2,"enemies":"Cultist","floor":1,"turns":5},{"damage":1,"enemies":"Small Slimes","floor":4,"turns":3},{"damage":7,"enemies":"Jaw Worm","floor":5,"turns":2},{"damage":4,"enemies":"3 Sentries","floor":7,"turns":5},{"damage":7,"enemies":"Gremlin Gang","floor":8,"turns":4},{"damage":16,"enemies":"The Mushroom Lair","floor":11,"turns":4},{"damage":13,"enemies":"Lagavulin Event","floor":12,"turns":6},{"damage":15,"enemies":"3 Louse","floor":13,"turns":2}],"seed_played":"-7858218958673824670","potions_obtained":[{"floor":4,"key":"Fire Potion"},{"floor":5,"key":"Weak Potion"},{"floor":7,"key":"GamblersBrew"},{"floor":8,"key":"Ancient Potion"}],"is_trial":false,"path_per_floor":["M","?","$","M","M","R","E","M","T","R","?","?","M"],"character_chosen":"THE_SILENT","items_purchased":["Slice"],"campfire_rested":0,"item_purchase_floors":[3],"current_hp_per_floor":[61,50,50,49,42,42,38,31,31,31,15,12,0],"gold":220,"neow_bonus":"BOSS_RELIC","is_prod":false,"is_daily":false,"chose_seed":false,"campfire_upgraded":2,"win_rate":0,"timestamp":1552191242,"path_taken":["M","?","$","M","M","R","E","M","T","R","?","?","M"],"build_version":"2019-01-23","purchased_purges":1,"victory":false,"max_hp_per_floor":[70,70,70,70,70,70,70,70,70,70,70,80,80],"card_choices":[{"not_picked":["Deflect","Poisoned Stab"],"picked":"Blade Dance","floor":1},{"not_picked":["Deflect","Dagger Spray"],"picked":"Flying Knee","floor":4},{"not_picked":["Concentrate","Dagger Throw"],"picked":"Flying Knee","floor":5},{"not_picked":["Dagger Throw","Poisoned Stab"],"picked":"Infinite Blades","floor":7},{"not_picked":["Poisoned Stab","Sucker Punch","Reflex"],"picked":"SKIP","floor":8},{"not_picked":["Cloak And Dagger","Leg Sweep"],"picked":"Noxious Fumes","floor":12}],"player_experience":433343,"relics_obtained":[{"floor":7,"key":"Sundial"},{"floor":9,"key":"Dodecahedron"},{"floor":11,"key":"Odd Mushroom"},{"floor":12,"key":"Pear"}],"event_choices":[{"damage_healed":0,"gold_gain":75,"player_choice":"Gather Gold","damage_taken":11,"max_hp_gain":0,"max_hp_loss":0,"event_name":"World of Goop","floor":2,"gold_loss":0},{"damage_healed":0,"gold_gain":0,"player_choice":"Fought Mushrooms","damage_taken":0,"max_hp_gain":0,"max_hp_loss":0,"event_name":"Mushrooms","floor":11,"gold_loss":0},{"damage_healed":0,"gold_gain":0,"player_choice":"Searched \u00271\u0027 times","damage_taken":0,"max_hp_gain":0,"max_hp_loss":0,"event_name":"Dead Adventurer","floor":12,"gold_loss":0}],"is_beta":false,"boss_relics":[],"items_purged_floors":[3],"is_endless":false,"potions_floor_spawned":[4,5,7,8],"killed_by":"3 Louse","ascension_level":9}