{"gold_per_floor":[114,132,41,41,41,72,72,2,2,2,2,2,2,20,20,20],"floor_reached":16,"playtime":366,"items_purged":[],"score":154,"play_id":"8c619fb6-6d8a-4b7c-b61a-67bfb541217a","local_time":"20190303121907","is_ascension_mode":true,"campfire_choices":[{"data":"Perfected Strike","floor":7,"key":"SMITH"},{"data":"Corruption","floor":12,"key":"SMITH"},{"data":"Double Tap","floor":15,"key":"SMITH"}],"neow_cost":"NONE","seed_source_timestamp":5093208708341,"circlet_count":0,"master_deck":["AscendersBane","Strike_R","Strike_R","Strike_R","Strike_R","Strike_R","Defend_R","Defend_R","Defend_R","Bash","Perfected Strike+1","Corruption+1","Cleave","Clash","Metallicize","Double Tap+1"],"relics":["Burning Blood","Omamori","Mummified Hand"],"potions_floor_usage":[16,16],"damage_taken":[{"damage":10,"enemies":"2 Louse","floor":1,"turns":4},{"damage":0,"enemies":"Small Slimes","floor":2,"turns":3},{"damage":44,"enemies":"Gremlin Nob","floor":6,"turns":5},{"damage":7,"enemies":"Jaw Worm","floor":14,"turns":3},{"damage":72,"enemies":"Hexaghost","floor":16,"turns":9}],"seed_played":"8981467686612399135","potions_obtained":[{"floor":0,"key":"Explosive Potion"},{"floor":0,"key":"SmokeBomb"},{"floor":14,"key":"Regen Potion"}],"is_trial":false,"path_per_floor":["M","M","$","?","?","E","R","$","T","?","$","R","?","M","R","B"],"character_chosen":"IRONCLAD","items_purchased":["Corruption","Cleave","Metallicize"],"campfire_rested":0,"item_purchase_floors":[3,3,8],"current_hp_per_floor":[68,74,74,74,67,29,29,29,29,29,29,29,55,54,54,0],"gold":20,"neow_bonus":"THREE_SMALL_POTIONS","is_prod":false,"is_daily":false,"chose_seed":false,"campfire_upgraded":3,"win_rate":0,"timestamp":1551626347,"path_taken":["M","M","$","?","?","E","R","?","T","?","$","R","?","M","R","BOSS"],"build_version":"2019-02-06","purchased_purges":0,"victory":false,"max_hp_per_floor":[80,80,80,80,80,80,80,80,80,80,80,80,80,80,80,80],"card_choices":[{"not_picked":["Feel No Pain","Havoc"],"picked":"Perfected Strike","floor":1},{"not_picked":["Heavy Blade","Clash","Warcry"],"picked":"SKIP","floor":2},{"not_picked":["Shockwave","Havoc"],"picked":"Clash","floor":6},{"not_picked":["Havoc","Dropkick"],"picked":"Double Tap","floor":14}],"player_experience":958150,"relics_obtained":[{"floor":6,"key":"Omamori"},{"floor":9,"key":"Mummified Hand"}],"event_choices":[{"damage_healed":0,"gold_gain":0,"player_choice":"Leave","damage_taken":0,"max_hp_gain":0,"max_hp_loss":0,"event_name":"The Cleric","floor":4,"gold_loss":0},{"cards_removed":["Defend_R"],"damage_healed":0,"gold_gain":0,"player_choice":"Card Removal","damage_taken":7,"max_hp_gain":0,"max_hp_loss":0,"event_name":"Golden Wing","floor":5,"gold_loss":0},{"damage_healed":0,"gold_gain":0,"player_choice":"Ignored","damage_taken":0,"max_hp_gain":0,"max_hp_loss":0,"event_name":"Liars Game","floor":10,"gold_loss":0},{"damage_healed":26,"gold_gain":0,"player_choice":"Banana","damage_taken":0,"max_hp_gain":0,"max_hp_loss":0,"event_name":"Big Fish","floor":13,"gold_loss":0}],"is_beta":true,"boss_relics":[],"items_purged_floors":[],"is_endless":false,"potions_floor_spawned":[14],"killed_by":"Hexaghost","ascension_level":12}