{"path_per_floor":["M","?","$","?","M","R","E","?","T","M","E","R","$","M","R","B",null,"M","?","M","?","$","R","$","?","T","M","M","M","$","E","R"],"character_chosen":"IRONCLAD","items_purchased":[],"gold_per_floor":[119,119,44,44,57,57,89,89,89,108,133,133,33,44,44,149,149,168,168,186,111,111,111,111,111,111,123,140,156,31,60,60],"floor_reached":33,"campfire_rested":2,"playtime":2434,"current_hp_per_floor":[80,80,80,80,80,80,59,59,59,61,42,42,42,37,61,45,80,72,72,64,64,64,64,64,64,64,52,43,32,32,27,51],"items_purged":["Strike_R","Defend_R","Defend_R"],"gold":60,"score":273,"play_id":"9036c0ec-cfa9-49fb-ba7c-ec41a978cc7c","is_prod":false,"is_daily":false,"is_ascension_mode":false,"campfire_upgraded":3,"path_taken":["M","?","$","?","?","R","E","?","T","M","E","R","$","?","R","BOSS","M","?","?","?","?","R","$","?","T","M","M","M","?","E","R","BOSS"],"build_version":"2018-02-15-PROD1","purchased_purges":3,"victory":false,"master_deck":["Strike_R","Defend_R","Defend_R","Bash+1","Offering","Dropkick","Rampage+1","Dropkick+1","Bash+1","Heavy Blade","Flex+1","Shrug It Off","Havoc"],"max_hp_per_floor":[80,80,80,80,80,80,80,80,80,80,80,80,80,80,80,80,80,80,80,80,80,80,80,80,80,80,80,80,80,80,80,80],"relics":["Burning Blood","Shuriken","Darkstone Periapt","Whetstone","Sozu","Charon\u0027s Ashes","Kunai"],"card_choices":[{"not_picked":["Anger","Disarm"],"picked":"Dropkick"},{"not_picked":["Pummel","Fire Breathing"],"picked":"Rampage"},{"not_picked":["True Grit","Battle Trance"],"picked":"Dropkick"},{"not_picked":["Iron Wave","Shockwave"],"picked":"Heavy Blade"},{"not_picked":["Dark Embrace","True Grit"],"picked":"Flex"},{"not_picked":["Hemokinesis","Clothesline"],"picked":"Havoc"}],"player_experience":110264,"potions_floor_usage":[16],"damage_taken":[{"damage":6,"enemies":"2 Louse","floor":1,"turns":2},{"damage":4,"enemies":"Cultist","floor":5,"turns":2},{"damage":27,"enemies":"Gremlin Nob","floor":7,"turns":4},{"damage":4,"enemies":"Jaw Worm","floor":10,"turns":1},{"damage":25,"enemies":"Lagavulin","floor":11,"turns":5},{"damage":11,"enemies":"3 Louse","floor":14,"turns":2},{"damage":22,"enemies":"The Guardian","floor":16,"turns":6},{"damage":14,"enemies":"Spheric Guardian","floor":18,"turns":3},{"damage":14,"enemies":"2 Thieves","floor":20,"turns":2},{"damage":18,"enemies":"Centurion and Healer","floor":27,"turns":3},{"damage":15,"enemies":"Cultist and Chosen","floor":28,"turns":4},{"damage":17,"enemies":"Slaver and Parasite","floor":29,"turns":3},{"damage":11,"enemies":"Book of Stabbing","floor":31,"turns":2},{"damage":72,"enemies":"Automaton","floor":33,"turns":6}],"event_choices":[{"event_name":"Wheel of Change","player_choice":"Card Removal","floor":2,"damage_taken":0},{"event_name":"Purifier","player_choice":"One Purge","floor":4,"damage_taken":0},{"event_name":"Match and Keep!","player_choice":"1 cards matched","floor":8,"damage_taken":0},{"event_name":"The Woman in Blue","player_choice":"Bought 0 Potions","floor":19,"damage_taken":0},{"event_name":"Beggar","player_choice":"Gave Gold","floor":21,"damage_taken":0},{"event_name":"The Library","player_choice":"Read","floor":25,"damage_taken":0}],"boss_relics":[{"not_picked":["Calling Bell","Runic Dome"],"picked":"Sozu"}],"potions_floor_spawned":[5,7,10,27,28],"seed_played":"-7988133514482813554","killed_by":"Automaton","ascension_level":0,"is_trial":false}