{"gold_per_floor":[118,133,103,6,19,19,46,46,46,46,46,59,78,92,92,193,193,209,225,225,7,18,18,18,29,29,29,29,29,61,77,77,174,174,188,188,30,30,30,59,59,72,99,109,109,157,157,182,182,182],"floor_reached":50,"playtime":2321,"items_purged":["Defend_G+1"],"score":702,"play_id":"0f9e964d-189c-4bbc-b592-b418a4d2ef9d","local_time":"20190225192459","is_ascension_mode":true,"campfire_choices":[{"data":"Deadly Poison","floor":6.0,"key":"SMITH"},{"data":"Cloak And Dagger","floor":8.0,"key":"SMITH"},{"data":"Cloak And Dagger","floor":11.0,"key":"SMITH"},{"data":"Poisoned Stab","floor":15.0,"key":"SMITH"},{"data":"Catalyst","floor":23,"key":"SMITH"},{"data":"Deadly Poison","floor":27,"key":"SMITH"},{"data":"Cloak And Dagger","floor":29,"key":"SMITH"},{"data":"Finisher","floor":32,"key":"SMITH"},{"data":"Quick Slash","floor":41,"key":"SMITH"},{"data":"Backflip","floor":45,"key":"SMITH"},{"data":"Neutralize","floor":47,"key":"SMITH"},{"data":"Endless Agony","floor":49,"key":"SMITH"}],"neow_cost":"NONE","seed_source_timestamp":5529670846816,"circlet_count":0,"master_deck":["Defend_G+1","Defend_G+1","Defend_G+1","Strike_G+1","Strike_G+1","Strike_G+1","Strike_G+1","Survivor","Neutralize+1","Cloak And Dagger+1","Deadly Poison+1","Endless Agony+1","Cloak And Dagger+1","Quick Slash+1","Backflip+1","Poisoned Stab+1","Backflip","Wraith Form v2+1","Catalyst+1","Dagger Spray+1","Sadistic Nature+1","Deadly Poison+1","Cloak And Dagger+1","Finisher+1","PiercingWail+1","Adrenaline+1","Noxious Fumes+1","Blade Dance+1","Cloak And Dagger+1"],"special_seed":0,"relics":["Ring of the Snake","Frozen Egg 2","Bag of Preparation","NlothsMask","Coffee Dripper","Enchiridion","Toxic Egg 2","Busted Crown","Potion Belt","Strawberry","FossilizedHelix","Paper Crane"],"potions_floor_usage":[22,30,33,44,50],"damage_taken":[{"damage":2.0,"enemies":"Small Slimes","floor":1.0,"turns":3.0},{"damage":1.0,"enemies":"Cultist","floor":2.0,"turns":3.0},{"damage":0.0,"enemies":"Jaw Worm","floor":5.0,"turns":2.0},{"damage":19.0,"enemies":"Lagavulin","floor":7.0,"turns":5.0},{"damage":7.0,"enemies":"Lots of Slimes","floor":12.0,"turns":2.0},{"damage":0.0,"enemies":"Exordium Wildlife","floor":13.0,"turns":2.0},{"damage":6.0,"enemies":"Large Slime","floor":14.0,"turns":4.0},{"damage":31.0,"enemies":"Slime Boss","floor":16.0,"turns":11.0},{"damage":3.0,"enemies":"2 Thieves","floor":18.0,"turns":4.0},{"damage":6.0,"enemies":"Shell Parasite","floor":19.0,"turns":6.0},{"damage":19,"enemies":"Snecko","floor":22,"turns":5},{"damage":0,"enemies":"3 Cultists","floor":25,"turns":5},{"damage":1,"enemies":"Book of Stabbing","floor":30,"turns":3},{"damage":3,"enemies":"Cultist and Chosen","floor":31,"turns":5},{"damage":38,"enemies":"Champ","floor":33,"turns":11},{"damage":1,"enemies":"3 Darklings","floor":35,"turns":6},{"damage":40,"enemies":"Giant Head","floor":40,"turns":6},{"damage":1,"enemies":"Orb Walker","floor":42,"turns":3},{"damage":1,"enemies":"Transient","floor":44,"turns":5},{"damage":2,"enemies":"2 Orb Walkers","floor":46,"turns":5},{"damage":28,"enemies":"Reptomancer","floor":48,"turns":6},{"damage":24,"enemies":"Awakened One","floor":50,"turns":5}],"seed_played":"-8111208801859122764","potions_obtained":[{"floor":1.0,"key":"GamblersBrew"},{"floor":3.0,"key":"PowerPotion"},{"floor":3.0,"key":"SkillPotion"},{"floor":7.0,"key":"SpeedPotion"},{"floor":14.0,"key":"Explosive Potion"},{"floor":22,"key":"SteroidPotion"},{"floor":30,"key":"Ancient Potion"},{"floor":35,"key":"Fire Potion"},{"floor":44,"key":"Ancient Potion"},{"floor":48,"key":"Regen Potion"}],"is_trial":false,"path_per_floor":["M","M","?","$","M","R","E","R","T","?","R","M","M","M","R","B",null,"M","M","?","$","M","R","?","M","T","R","?","R","E","M","R","B",null,"M","?","$","?","$","E","R","M","T","M","R","?","R","E","R","B"],"character_chosen":"THE_SILENT","items_purchased":["Endless Agony","Cloak And Dagger","Sadistic Nature+1","Deadly Poison","Noxious Fumes+1","Blade Dance+1"],"campfire_rested":0,"item_purchase_floors":[4,4,21,21,37,37],"current_hp_per_floor":[68,67,67,67,67,67,48,48,48,48,48,41,41,35,35,4,70,67,61,45,45,26,26,80,80,80,80,80,80,79,76,76,38,80,79,79,79,71,71,31,31,30,37,36,36,34,34,6,6,0],"gold":182,"neow_bonus":"TRANSFORM_CARD","is_prod":false,"is_daily":false,"chose_seed":false,"campfire_upgraded":12,"win_rate":0,"timestamp":1551144299,"path_taken":["M","M","?","?","M","R","E","R","T","?","R","?","M","M","R","BOSS","M","M","?","$","M","R","?","?","T","R","?","R","E","M","R","BOSS","M","?","$","?","$","E","R","M","T","?","R","?","R","E","R","BOSS"],"build_version":"2019-01-23","purchased_purges":1,"victory":false,"max_hp_per_floor":[70,70,70,70,70,70,70,70,70,70,70,70,70,70,70,70,70,70,70,70,70,70,70,80,80,80,80,80,80,80,80,80,80,80,80,80,80,80,80,80,80,80,87,87,87,87,87,87,87,87],"card_choices":[{"not_picked":["Choke","Concentrate"],"picked":"Cloak And Dagger","floor":1.0},{"not_picked":["Deflect","Flying Knee"],"picked":"Deadly Poison","floor":2.0},{"not_picked":["Distraction","Deflect"],"picked":"Quick Slash","floor":5.0},{"not_picked":["Bane","Caltrops"],"picked":"Backflip","floor":7.0},{"not_picked":["Dagger Throw","Phantasmal Killer","Dodge and Roll"],"picked":"SKIP","floor":12.0},{"not_picked":["Slice","Setup"],"picked":"Poisoned Stab","floor":13.0},{"not_picked":["Quick Slash","Cloak And Dagger"],"picked":"Backflip","floor":14.0},{"not_picked":["Phantasmal Killer","Burst"],"picked":"Wraith Form v2+1","floor":16.0},{"not_picked":["Endless Agony","Skewer"],"picked":"Catalyst","floor":18.0},{"not_picked":["Concentrate","Slice"],"picked":"Dagger Spray+1","floor":19.0},{"not_picked":["Underhanded Strike","Dagger Spray+1"],"picked":"Cloak And Dagger","floor":22},{"not_picked":["Concentrate","Masterful Stab+1","Slice"],"picked":"SKIP","floor":25},{"not_picked":["Backstab","Flechettes"],"picked":"Finisher","floor":30},{"not_picked":["Deflect+1","Poisoned Stab"],"picked":"PiercingWail+1","floor":31},{"not_picked":["Unload","Phantasmal Killer+1"],"picked":"Adrenaline+1","floor":33},{"not_picked":["Caltrops+1"],"picked":"SKIP","floor":35},{"not_picked":[],"picked":"Cloak And Dagger+1","floor":40},{"not_picked":["Setup+1"],"picked":"SKIP","floor":42},{"not_picked":["Backflip+1"],"picked":"SKIP","floor":44},{"not_picked":["Expertise+1"],"picked":"SKIP","floor":48}],"player_experience":230888,"relics_obtained":[{"floor":7.0,"key":"Frozen Egg 2"},{"floor":9.0,"key":"Bag of Preparation"},{"floor":20.0,"key":"Enchiridion"},{"floor":30,"key":"Toxic Egg 2"},{"floor":40,"key":"Potion Belt"},{"floor":43,"key":"Strawberry"},{"floor":46,"key":"FossilizedHelix"},{"floor":48,"key":"Paper Crane"}],"event_choices":[{"damage_healed":0.0,"max_hp_gain":0.0,"max_hp_loss":0.0,"gold_gain":0.0,"event_name":"The Woman in Blue","player_choice":"Bought 2 Potions","floor":3.0,"gold_loss":0.0,"damage_taken":0.0},{"damage_healed":0.0,"max_hp_gain":0.0,"max_hp_loss":0.0,"gold_gain":0.0,"event_name":"FaceTrader","player_choice":"Trade","floor":10.0,"gold_loss":0.0,"damage_taken":0.0,"relics_obtained":["NlothsMask"]},{"damage_healed":0.0,"max_hp_gain":0.0,"max_hp_loss":0.0,"gold_gain":0.0,"event_name":"Cursed Tome","player_choice":"Obtained Book","floor":20.0,"gold_loss":0.0,"damage_taken":16.0},{"cards_removed":["Die Die Die"],"damage_healed":44,"gold_gain":0,"player_choice":"Offered Rare","damage_taken":0,"max_hp_gain":10,"max_hp_loss":0,"event_name":"Bonfire Elementals","floor":24,"gold_loss":0},{"damage_healed":0,"gold_gain":0,"player_choice":"Simplicity","damage_taken":0,"max_hp_gain":0,"max_hp_loss":0,"event_name":"Back to Basics","floor":28,"gold_loss":0,"cards_upgraded":["Defend_G","Defend_G","Defend_G","Defend_G","Defend_G","Strike_G","Strike_G","Strike_G","Strike_G"]},{"cards_removed":["Defend_G"],"damage_healed":0,"gold_gain":0,"player_choice":"Removed Skill","damage_taken":0,"max_hp_gain":0,"max_hp_loss":0,"event_name":"Falling","floor":36,"gold_loss":0},{"damage_healed":0,"gold_gain":0,"player_choice":"Damaged","damage_taken":8,"max_hp_gain":0,"max_hp_loss":0,"event_name":"Wheel of Change","floor":38,"gold_loss":0},{"damage_healed":0,"gold_gain":0,"player_choice":"Fight","damage_taken":0,"max_hp_gain":0,"max_hp_loss":0,"event_name":"Mysterious Sphere","floor":46,"gold_loss":0}],"is_beta":false,"boss_relics":[{"not_picked":["Sozu","Cursed Key"],"picked":"Coffee Dripper"},{"not_picked":["Eternal Feather","HoveringKite"],"picked":"Busted Crown"}],"items_purged_floors":[37],"is_endless":false,"potions_floor_spawned":[1,7,14,22,30,35,44,48],"killed_by":"Awakened One","ascension_level":4}