{"gold_per_floor":[114,129,144,159,2,2,32,32,32,62,47,47,47,77,89,201,213,225,22,37,137,152,152,182,182,207,207,222,252,58,58,58,58],"floor_reached":33,"playtime":3343,"items_purged":[],"score":382,"play_id":"4b494ca6-dc05-467c-b0b8-0a21175980ed","local_time":"20190615193854","daily_mods":["Specialized","ControlledChaos","Elite Swarm"],"is_ascension_mode":false,"campfire_choices":[{"data":"PiercingWail","floor":6,"key":"SMITH"},{"floor":8,"key":"REST"},{"floor":12,"key":"REST"},{"floor":15,"key":"REST"},{"floor":23,"key":"REST"},{"floor":27,"key":"REST"},{"floor":32,"key":"REST"}],"neow_cost":"","seed_source_timestamp":16718759436699,"circlet_count":0,"master_deck":["Defend_G","Defend_G","Defend_G","Defend_G","Defend_G","Strike_G","Strike_G","Strike_G","Strike_G","Strike_G","Survivor","Neutralize","Venomology","Venomology","Venomology","Venomology","Venomology","Dash","PiercingWail+1","Distraction","Choke","Caltrops","Cloak And Dagger","PiercingWail","A Thousand Cuts","Storm of Steel","Heel Hook","After Image","Bullet Time","Sadistic Nature","Terror","Quick Slash+1","Sucker Punch+1","Adrenaline","Underhanded Strike+1","Corpse Explosion","The Bomb","Bane"],"special_seed":18062,"relics":["Ring of the Snake","Frozen Eye","Anchor","Unceasing Top","FossilizedHelix","MawBank","HoveringKite","Singing Bowl","Orichalcum","Happy Flower"],"potions_floor_usage":[1,1,1,2,2,3,3,3,7,7,7,7,7,10,10,10,10,10,11,11,11,14,14,14,14,16,16,16,16,16,16,18,18,22,22,22,22,24,24,25,25,25,28,28,29,29,31,33,33,33],"damage_taken":[{"damage":5,"enemies":"Cultist","floor":1,"turns":5},{"damage":7,"enemies":"2 Louse","floor":2,"turns":4},{"damage":1,"enemies":"Small Slimes","floor":3,"turns":3},{"damage":3,"enemies":"2 Fungi Beasts","floor":4,"turns":5},{"damage":44,"enemies":"Lagavulin","floor":7,"turns":9},{"damage":41,"enemies":"3 Sentries","floor":10,"turns":8},{"damage":0,"enemies":"Exordium Thugs","floor":11,"turns":4},{"damage":12,"enemies":"Gremlin Nob","floor":14,"turns":4},{"damage":9,"enemies":"Slime Boss","floor":16,"turns":7},{"damage":27,"enemies":"Chosen","floor":18,"turns":8},{"damage":11,"enemies":"3 Byrds","floor":20,"turns":3},{"damage":14,"enemies":"Snake Plant","floor":22,"turns":5},{"damage":34,"enemies":"Gremlin Leader","floor":24,"turns":6},{"damage":0,"enemies":"3 Cultists","floor":25,"turns":5},{"damage":18,"enemies":"Shelled Parasite and Fungi","floor":28,"turns":7},{"damage":0,"enemies":"Book of Stabbing","floor":29,"turns":5},{"damage":0,"enemies":"Snecko","floor":31,"turns":1},{"damage":64,"enemies":"Automaton","floor":33,"turns":8}],"seed_played":"9183149745965414246","potions_obtained":[{"floor":3,"key":"SneckoOil"},{"floor":4,"key":"Regen Potion"},{"floor":7,"key":"Regen Potion"},{"floor":22,"key":"AttackPotion"}],"is_trial":false,"path_per_floor":["M","M","M","M","$","R","E","R","T","E","M","R","?","E","R","B",null,"M","$","M","?","M","R","E","M","T","R","M","E","$","M","R","B"],"character_chosen":"THE_SILENT","items_purchased":["Caltrops","Cloak And Dagger","PiercingWail","Sadistic Nature","Terror","The Bomb","Bane"],"campfire_rested":6,"item_purchase_floors":[5,5,5,19,19,30,30],"current_hp_per_floor":[65,67,66,63,63,63,29,50,50,24,24,45,68,56,70,61,70,46,46,35,35,21,42,8,8,8,29,11,11,11,11,32,0],"gold":58,"neow_bonus":"","is_prod":false,"is_daily":true,"chose_seed":false,"campfire_upgraded":1,"win_rate":0.0,"timestamp":1560623934,"path_taken":["M","M","M","?","$","R","E","R","T","E","M","R","?","E","R","BOSS","M","$","M","?","?","R","E","M","T","R","M","E","$","M","R","BOSS"],"build_version":"2019-01-23","purchased_purges":0,"victory":false,"max_hp_per_floor":[70,70,70,70,70,70,70,70,70,70,70,70,70,70,70,70,70,70,70,70,70,70,70,70,70,70,70,70,70,70,70,70,70],"card_choices":[{"not_picked":["Prepared","Choke"],"picked":"Dash","floor":1},{"not_picked":["Distraction","Prepared"],"picked":"PiercingWail","floor":2},{"not_picked":["Outmaneuver","Finisher"],"picked":"Distraction","floor":3},{"not_picked":["Flying Knee","Deflect"],"picked":"Choke","floor":4},{"not_picked":["Unload","Phantasmal Killer"],"picked":"A Thousand Cuts","floor":7},{"not_picked":["Malaise","Night Terror"],"picked":"Storm of Steel","floor":10},{"not_picked":["Deflect","Dodge and Roll"],"picked":"Heel Hook","floor":11},{"not_picked":["Phantasmal Killer","Tools of the Trade"],"picked":"After Image","floor":14},{"not_picked":["Tools of the Trade","Malaise"],"picked":"Bullet Time","floor":16},{"not_picked":["Finisher","Underhanded Strike","Choke"],"picked":"SKIP","floor":18},{"not_picked":["Poisoned Stab","Dodge and Roll"],"picked":"Quick Slash+1","floor":20},{"not_picked":["Deflect+1","Dagger Spray"],"picked":"Sucker Punch+1","floor":22},{"not_picked":["Unload","Malaise"],"picked":"Adrenaline","floor":24},{"not_picked":["Quick Slash","Prepared+1"],"picked":"Underhanded Strike+1","floor":28},{"not_picked":["Adrenaline","A Thousand Cuts"],"picked":"Corpse Explosion","floor":29}],"player_experience":35257,"relics_obtained":[{"floor":7,"key":"Anchor"},{"floor":9,"key":"Unceasing Top"},{"floor":10,"key":"FossilizedHelix"},{"floor":14,"key":"MawBank"},{"floor":24,"key":"Singing Bowl"},{"floor":26,"key":"Orichalcum"},{"floor":29,"key":"Happy Flower"}],"event_choices":[{"damage_healed":23,"gold_gain":0,"player_choice":"Banana","damage_taken":0,"max_hp_gain":0,"max_hp_loss":0,"event_name":"Big Fish","floor":13,"gold_loss":0},{"damage_healed":0,"gold_gain":100,"player_choice":"Pray","damage_taken":0,"max_hp_gain":0,"max_hp_loss":0,"event_name":"Golden Shrine","floor":21,"gold_loss":0}],"is_beta":false,"boss_relics":[{"not_picked":["Snecko Eye","Runic Dome"],"picked":"HoveringKite"}],"items_purged_floors":[],"is_endless":false,"potions_floor_spawned":[3,4,7,18,22,25,31],"killed_by":"Automaton","ascension_level":0}