{"gold_per_floor":[114,129,54,69,84,84,114,129,179,194,44,59,59,59,59,159,159,174,174,189,18,18,18,33,33,58,118,118,133,133,148,148,248,248,263,113,128,143,158,173,0,0,0,0,0,15,30,45,45,45],"floor_reached":50,"playtime":3858,"items_purged":["Strike_R","Defend_R"],"score":470,"play_id":"8d05ae13-88b9-4b84-889c-2a7ed9182e2e","local_time":"20190520195436","daily_mods":["Chimera","ControlledChaos","Night Terrors"],"is_ascension_mode":false,"campfire_choices":[{"data":"Coolheaded","floor":6,"key":"SMITH"},{"floor":13,"key":"REST"},{"data":"Loop","floor":15,"key":"SMITH"},{"data":"Self Repair","floor":23,"key":"SMITH"},{"data":"Conserve Battery","floor":25,"key":"SMITH"},{"data":"Zap","floor":28,"key":"SMITH"},{"data":"Glacier","floor":30,"key":"SMITH"},{"floor":32,"key":"REST"},{"data":"Buffer","floor":42,"key":"SMITH"},{"data":"Coolheaded","floor":45,"key":"SMITH"},{"data":"Reinforced Body","floor":49,"key":"SMITH"}],"neow_cost":"","seed_source_timestamp":0,"circlet_count":0,"master_deck":["Bash","Survivor","Zap+1","Strike_B","Defend_G","Defend_B","Conserve Battery+1","Coolheaded+1","Echo Form","Coolheaded+1","Self Repair+1","Loop+1","Machine Learning","Self Repair+1","Normality","Glacier+1","Buffer+1","Reinforced Body+1","Parasite","Aggregate+1","Parasite"],"special_seed":18037,"relics":["Cracked Core","Frozen Eye","Du-Vu Doll","Bag of Preparation","Strawberry","Cursed Key","Pen Nib","Tiny Chest","Nuclear Battery","Lantern","Red Mask","Bottled Lightning"],"potions_floor_usage":[16,16,16,29,33,50,50,50],"damage_taken":[{"damage":6,"enemies":"Cultist","floor":1,"turns":4},{"damage":9,"enemies":"2 Louse","floor":2,"turns":3},{"damage":0,"enemies":"Jaw Worm","floor":4,"turns":3},{"damage":5,"enemies":"Exordium Wildlife","floor":5,"turns":3},{"damage":30,"enemies":"Lagavulin","floor":7,"turns":7},{"damage":8,"enemies":"Exordium Thugs","floor":8,"turns":3},{"damage":1,"enemies":"Large Slime","floor":10,"turns":5},{"damage":1,"enemies":"Exordium Wildlife","floor":12,"turns":4},{"damage":39,"enemies":"Hexaghost","floor":16,"turns":8},{"damage":35,"enemies":"3 Byrds","floor":18,"turns":5},{"damage":12,"enemies":"Shell Parasite","floor":20,"turns":5},{"damage":24,"enemies":"Cultist and Chosen","floor":24,"turns":6},{"damage":17,"enemies":"Book of Stabbing","floor":27,"turns":6},{"damage":25,"enemies":"3 Cultists","floor":29,"turns":4},{"damage":11,"enemies":"Snecko","floor":31,"turns":6},{"damage":17,"enemies":"Automaton","floor":33,"turns":7},{"damage":54,"enemies":"3 Shapes","floor":35,"turns":4},{"damage":0,"enemies":"Orb Walker","floor":37,"turns":4},{"damage":16,"enemies":"3 Darklings","floor":38,"turns":5},{"damage":54,"enemies":"Spire Growth","floor":39,"turns":6},{"damage":14,"enemies":"Maw","floor":40,"turns":9},{"damage":22,"enemies":"3 Darklings","floor":46,"turns":8},{"damage":0,"enemies":"Writhing Mass","floor":47,"turns":8},{"damage":21,"enemies":"Jaw Worm Horde","floor":48,"turns":8},{"damage":101,"enemies":"Awakened One","floor":50,"turns":10}],"seed_played":"-7280386136630335372","potions_obtained":[{"floor":2,"key":"SpeedPotion"},{"floor":5,"key":"Dexterity Potion"},{"floor":10,"key":"Strength Potion"},{"floor":27,"key":"AttackPotion"},{"floor":29,"key":"FocusPotion"},{"floor":31,"key":"GamblersBrew"},{"floor":33,"key":"Swift Potion"},{"floor":39,"key":"Weak Potion"},{"floor":46,"key":"Swift Potion"},{"floor":48,"key":"PowerPotion"}],"is_trial":false,"path_per_floor":["M","M","$","M","M","R","E","M","T","M","$","M","R","$","R","B",null,"M","?","M","$","?","R","M","R","T","E","R","M","R","M","R","B",null,"M","$","M","M","M","M","?","R","T","$","R","M","M","M","R","B"],"character_chosen":"DEFECT","items_purchased":["Strawberry","Self Repair","Lantern"],"campfire_rested":2,"item_purchase_floors":[11,21,36],"current_hp_per_floor":[69,60,60,60,55,55,25,17,17,16,23,29,77,77,77,45,77,49,49,44,44,44,44,50,50,50,43,43,28,28,37,72,55,72,48,48,68,62,28,34,34,34,34,34,34,42,72,71,71,0],"gold":45,"neow_bonus":"","is_prod":false,"is_daily":true,"chose_seed":false,"campfire_upgraded":9,"win_rate":0,"timestamp":1558407276,"path_taken":["M","M","$","M","M","R","E","M","T","M","?","M","R","$","R","BOSS","M","?","?","$","?","R","M","R","T","E","R","M","R","M","R","BOSS","M","$","M","?","M","M","?","R","T","?","R","?","M","M","R","BOSS"],"build_version":"2019-01-23","purchased_purges":2,"victory":false,"max_hp_per_floor":[75,75,75,75,75,75,75,75,75,75,82,82,77,77,77,77,77,77,77,77,77,77,77,77,77,77,77,77,77,77,77,72,72,72,72,72,72,72,72,72,72,72,72,72,72,72,72,72,72,72],"card_choices":[{"not_picked":["Streamline","Heatsinks","Turbo"],"picked":"SKIP","floor":1},{"not_picked":["Beam Cell","Redo","Barrage"],"picked":"SKIP","floor":2},{"not_picked":["Consume","Sweeping Beam"],"picked":"Conserve Battery","floor":4},{"not_picked":["Sweeping Beam","Go for the Eyes"],"picked":"Coolheaded","floor":5},{"not_picked":["Reinforced Body","Leap"],"picked":"Echo Form","floor":7},{"not_picked":["Static Discharge","Go for the Eyes"],"picked":"Coolheaded","floor":8},{"not_picked":["Steam","FTL"],"picked":"Self Repair","floor":10},{"not_picked":["Gash","Force Field"],"picked":"Loop","floor":12},{"not_picked":["Core Surge","Meteor Strike"],"picked":"Machine Learning","floor":16},{"not_picked":["Stack","Steam+1","Barrage+1"],"picked":"SKIP","floor":18},{"not_picked":["Reprogram","Sunder","Barrage"],"picked":"SKIP","floor":20},{"not_picked":["Skim","Coolheaded","Leap"],"picked":"SKIP","floor":24},{"not_picked":["Stack","Lockon","Coolheaded"],"picked":"SKIP","floor":27},{"not_picked":["Rebound","Gash+1"],"picked":"Glacier","floor":29},{"not_picked":["Turbo","Darkness","Consume"],"picked":"SKIP","floor":31},{"not_picked":["Meteor Strike","Biased Cognition"],"picked":"Buffer","floor":33},{"not_picked":["Auto Shields+1","Turbo"],"picked":"Reinforced Body","floor":35},{"not_picked":["Streamline","Tempest","Leap+1"],"picked":"SKIP","floor":37},{"not_picked":["Hologram","Gash","BootSequence"],"picked":"SKIP","floor":38},{"not_picked":["Self Repair+1","Stack","Steam+1"],"picked":"SKIP","floor":39},{"not_picked":["Stack","Turbo+1","Multi-Cast"],"picked":"SKIP","floor":40},{"not_picked":["Rebound+1","Stack+1"],"picked":"Aggregate+1","floor":46},{"not_picked":["Reinforced Body+1","Turbo","Hologram"],"picked":"SKIP","floor":47},{"not_picked":["Chaos","Lockon+1","Gash"],"picked":"SKIP","floor":48}],"player_experience":592084,"relics_obtained":[{"floor":7,"key":"Du-Vu Doll"},{"floor":9,"key":"Bag of Preparation"},{"floor":26,"key":"Pen Nib"},{"floor":27,"key":"Tiny Chest"},{"floor":43,"key":"Bottled Lightning"}],"event_choices":[{"cards_removed":["Strike_G"],"damage_healed":0,"gold_gain":0,"player_choice":"Offered Basic","damage_taken":0,"max_hp_gain":0,"max_hp_loss":0,"event_name":"Bonfire Elementals","floor":19,"gold_loss":0},{"damage_healed":0,"gold_gain":0,"player_choice":"Upgraded","damage_taken":0,"max_hp_gain":0,"max_hp_loss":0,"event_name":"Upgrade Shrine","floor":22,"gold_loss":0,"cards_upgraded":["Self Repair"]},{"damage_healed":0,"gold_gain":0,"player_choice":"Paid","damage_taken":0,"relics_obtained":["Red Mask"],"max_hp_gain":0,"max_hp_loss":0,"event_name":"Tomb of Lord Red Mask","floor":41,"gold_loss":173}],"is_beta":false,"boss_relics":[{"not_picked":["Eternal Feather","Snecko Eye"],"picked":"Cursed Key"},{"not_picked":["Empty Cage","Runic Pyramid"],"picked":"Nuclear Battery"}],"items_purged_floors":[3,21],"is_endless":false,"potions_floor_spawned":[2,5,10,12,27,29,31,33,39,46,48],"killed_by":"Awakened One","ascension_level":0}