{"gold_per_floor":[114,114,45,120,7,45,45,45,45,64,83,102,35,54,54,179,179,198,70,70,70,70],"floor_reached":22,"playtime":1047,"items_purged":["Strike_R"],"score":182,"play_id":"dd14ff6f-c405-45fc-ab5b-c2fda89745ce","local_time":"20190529220119","daily_mods":["Heirloom","Diverse","Lethality"],"is_ascension_mode":false,"campfire_choices":[{"data":"Self Repair","floor":7,"key":"SMITH"},{"data":"Bash","floor":15,"key":"SMITH"}],"neow_cost":"","seed_source_timestamp":0,"circlet_count":0,"master_deck":["Strike_R","Strike_R","Strike_R","Strike_R","Defend_R","Defend_R","Defend_R","Bash+1","Self Repair+1","Battle Trance","Well Laid Plans","Hologram","Conserve Battery","Infinite Blades","Machine Learning","Rebound+1","Seeing Red","Go for the Eyes"],"special_seed":18046,"relics":["Burning Blood","Charon\u0027s Ashes","Golden Idol","WingedGreaves","Smiling Mask","Velvet Choker"],"potions_floor_usage":[6,14],"damage_taken":[{"damage":13,"enemies":"Small Slimes","floor":1,"turns":3},{"damage":35,"enemies":"3 Sentries","floor":6,"turns":7},{"damage":9,"enemies":"Jaw Worm","floor":10,"turns":3},{"damage":15,"enemies":"2 Louse","floor":11,"turns":3},{"damage":12,"enemies":"Red Slaver","floor":12,"turns":3},{"damage":12,"enemies":"Large Slime","floor":14,"turns":4},{"damage":34,"enemies":"Slime Boss","floor":16,"turns":9},{"damage":28,"enemies":"Shell Parasite","floor":18,"turns":4},{"damage":72,"enemies":"3 Byrds","floor":22,"turns":3}],"seed_played":"7249540024689942860","potions_obtained":[{"floor":1,"key":"Strength Potion"},{"floor":6,"key":"Swift Potion"},{"floor":18,"key":"SpeedPotion"}],"is_trial":false,"path_per_floor":["M","?","$","?","$","E","R","?","T","M","M","M","$","M","R","B",null,"M","$","?","?","M"],"character_chosen":"IRONCLAD","items_purchased":["Self Repair","Battle Trance","Well Laid Plans","Infinite Blades","Seeing Red"],"campfire_rested":0,"item_purchase_floors":[3,5,5,13,19],"current_hp_per_floor":[73,53,53,42,42,20,20,20,20,27,28,32,32,36,36,8,80,68,68,68,68,0],"gold":70,"neow_bonus":"","is_prod":false,"is_daily":true,"chose_seed":false,"campfire_upgraded":2,"win_rate":0,"timestamp":1559192479,"path_taken":["M","?","$","?","$","E","R","?","T","?","M","M","?","M","R","BOSS","M","$","?","?","M"],"build_version":"2019-01-23","purchased_purges":1,"victory":false,"max_hp_per_floor":[80,80,80,80,80,80,80,80,80,80,80,80,80,80,80,80,80,80,80,80,80,80],"card_choices":[{"not_picked":["Tactician","Anger","Dagger Throw"],"picked":"SKIP","floor":1},{"not_picked":["Deflect","Bouncing Flask","A Thousand Cuts"],"picked":"SKIP","floor":6},{"not_picked":["Outmaneuver","Lockon","Prepared"],"picked":"SKIP","floor":10},{"not_picked":["Clash","Fiend Fire"],"picked":"Hologram","floor":11},{"not_picked":["Iron Wave","Chaos"],"picked":"Conserve Battery","floor":12},{"not_picked":["Chaos","Dagger Throw","Barrage"],"picked":"SKIP","floor":14},{"not_picked":["Rainbow","Fiend Fire"],"picked":"Machine Learning","floor":16},{"not_picked":["Thunderclap+1","Dagger Throw"],"picked":"Rebound+1","floor":18}],"player_experience":612872,"relics_obtained":[{"floor":6,"key":"WingedGreaves"},{"floor":9,"key":"Smiling Mask"}],"event_choices":[{"damage_healed":0,"gold_gain":0,"player_choice":"Take Damage","damage_taken":20,"relics_obtained":["Golden Idol"],"max_hp_gain":0,"max_hp_loss":0,"event_name":"Golden Idol","floor":2,"gold_loss":0},{"damage_healed":0,"gold_gain":75,"player_choice":"Gather Gold","damage_taken":11,"max_hp_gain":0,"max_hp_loss":0,"event_name":"World of Goop","floor":4,"gold_loss":0},{"cards_removed":["Defend_R"],"damage_healed":0,"gold_gain":0,"player_choice":"Offered Basic","damage_taken":0,"max_hp_gain":0,"max_hp_loss":0,"event_name":"Bonfire Elementals","floor":8,"gold_loss":0},{"damage_healed":0,"gold_gain":0,"player_choice":"Read","damage_taken":0,"max_hp_gain":0,"max_hp_loss":0,"event_name":"The Library","floor":20,"gold_loss":0,"cards_obtained":["Go for the Eyes"]},{"damage_healed":0,"gold_gain":0,"player_choice":"Ignored","damage_taken":0,"max_hp_gain":0,"max_hp_loss":0,"event_name":"Beggar","floor":21,"gold_loss":0}],"is_beta":false,"boss_relics":[{"not_picked":["Astrolabe","Black Blood"],"picked":"Velvet Choker"}],"items_purged_floors":[19],"is_endless":false,"potions_floor_spawned":[1,6,18],"killed_by":"3 Byrds","ascension_level":0}