{"gold_per_floor":[112,54,67,84,96,124,124,188,188,188,188,203,203,217,217,295,295,309,382,361,376,301,301,328,328,328,342,96,109,119,119],"floor_reached":31,"playtime":2075,"items_purged":["Decay"],"score":511,"play_id":"546da102-c11c-4cc4-ac2d-16a6ed4785f4","local_time":"20190509115506","is_ascension_mode":true,"campfire_choices":[{"data":"Bash","floor":7.0,"key":"SMITH"},{"data":"Fiend Fire","floor":10.0,"key":"SMITH"},{"data":"Clothesline","floor":13.0,"key":"SMITH"},{"data":"Rampage","floor":15.0,"key":"SMITH"},{"floor":23,"key":"REST"},{"floor":25,"key":"REST"}],"neow_cost":"TEN_PERCENT_HP_LOSS","seed_source_timestamp":170839167339937,"circlet_count":0,"master_deck":["AscendersBane","Strike_R+1","Strike_R","Strike_R","Strike_R","Strike_R+1","Defend_R","Defend_R","Defend_R","Defend_R","Bash+1","Fiend Fire+1","Anger","Cleave","Shrug It Off","Metallicize","Clothesline+1","Rampage+1","Feed","Spot Weakness","Normality","Feel No Pain","Second Wind"],"special_seed":0,"relics":["Burning Blood","Whetstone","Tiny Chest","Blue Candle","CultistMask","Cursed Key","Paper Frog","Thread and Needle","Letter Opener","Red Skull"],"potions_floor_usage":[24,24],"damage_taken":[{"damage":5.0,"enemies":"Small Slimes","floor":1.0,"turns":4.0},{"damage":1.0,"enemies":"Cultist","floor":3.0,"turns":3.0},{"damage":10.0,"enemies":"2 Louse","floor":4.0,"turns":2.0},{"damage":8.0,"enemies":"Blue Slaver","floor":5.0,"turns":5.0},{"damage":8.0,"enemies":"Gremlin Nob","floor":6.0,"turns":3.0},{"damage":16.0,"enemies":"Lagavulin","floor":8.0,"turns":7.0},{"damage":9.0,"enemies":"2 Fungi Beasts","floor":12.0,"turns":3.0},{"damage":20.0,"enemies":"Gremlin Gang","floor":14.0,"turns":4.0},{"damage":22.0,"enemies":"Hexaghost","floor":16.0,"turns":8.0},{"damage":17.0,"enemies":"Shell Parasite","floor":18.0,"turns":6.0},{"damage":20.0,"enemies":"2 Thieves","floor":20.0,"turns":4.0},{"damage":15.0,"enemies":"Snake Plant","floor":21.0,"turns":4.0},{"damage":34,"enemies":"Book of Stabbing","floor":24,"turns":6},{"damage":2,"enemies":"Snecko","floor":27,"turns":6},{"damage":32,"enemies":"Chosen and Byrds","floor":29,"turns":8},{"damage":17,"enemies":"Centurion and Healer","floor":30,"turns":7},{"damage":9,"enemies":"Shelled Parasite and Fungi","floor":31,"turns":1}],"seed_played":"-6738158631125622186","potions_obtained":[{"floor":5.0,"key":"Poison Potion"},{"floor":8.0,"key":"Swift Potion"},{"floor":12.0,"key":"GamblersBrew"},{"floor":16.0,"key":"SkillPotion"},{"floor":29,"key":"LiquidBronze"},{"floor":30,"key":"SpeedPotion"}],"is_trial":false,"path_per_floor":["M","$","M","M","M","E","R","E","T","R","?","M","R","M","R","B",null,"M","T","M","M","$","R","E","R","T","M","$","M","M","M"],"character_chosen":"IRONCLAD","items_purchased":["Cleave","Feel No Pain","Red Skull"],"campfire_rested":2,"item_purchase_floors":[2,28,28],"current_hp_per_floor":[68,68,68,64,62,60,60,50,50,50,50,47,47,33,33,17,55,44,44,33,24,24,45,17,38,38,42,42,19,8,0],"gold":119,"neow_bonus":"THREE_RARE_CARDS","is_prod":false,"is_daily":false,"chose_seed":false,"campfire_upgraded":4,"win_rate":0,"timestamp":1557395706,"path_taken":["M","$","M","M","M","E","R","E","T","R","?","M","R","M","R","BOSS","M","?","?","M","$","R","E","R","T","M","$","M","?","M"],"build_version":"2019-01-23","purchased_purges":1,"victory":false,"max_hp_per_floor":[68,68,68,68,68,68,68,68,68,68,68,68,68,68,68,68,68,68,68,71,71,71,71,71,71,71,71,71,74,74,74],"card_choices":[{"not_picked":["Dark Embrace","Berserk"],"picked":"Fiend Fire","floor":0.0},{"not_picked":["Power Through","Shrug It Off"],"picked":"Anger","floor":1.0},{"not_picked":["Sword Boomerang","Cleave"],"picked":"Shrug It Off","floor":3.0},{"not_picked":["Entrench","Second Wind","Heavy Blade"],"picked":"SKIP","floor":4.0},{"not_picked":["Anger","Sword Boomerang","Body Slam"],"picked":"SKIP","floor":5.0},{"not_picked":["Sever Soul","True Grit"],"picked":"Metallicize","floor":6.0},{"not_picked":["Havoc","Bloodletting","Headbutt"],"picked":"SKIP","floor":8.0},{"not_picked":["Ghostly Armor","Power Through"],"picked":"Clothesline","floor":12.0},{"not_picked":["Thunderclap","Cleave"],"picked":"Rampage","floor":14.0},{"not_picked":["Exhume","Reaper"],"picked":"Feed","floor":16.0},{"not_picked":["Second Wind","Dual Wield+1"],"picked":"Spot Weakness","floor":18.0},{"not_picked":["Hemokinesis","Pommel Strike","Headbutt"],"picked":"SKIP","floor":20.0},{"not_picked":["Cleave","Sword Boomerang","Clothesline+1"],"picked":"SKIP","floor":21.0},{"not_picked":["Searing Blow+1","Pommel Strike","Brutality"],"picked":"SKIP","floor":24},{"not_picked":["Perfected Strike","Blood for Blood+1","Infernal Blade+1"],"picked":"SKIP","floor":27},{"not_picked":["Havoc","Pommel Strike","Clash"],"picked":"SKIP","floor":29},{"not_picked":["Clothesline","Hemokinesis"],"picked":"Second Wind","floor":30}],"player_experience":604226,"relics_obtained":[{"floor":6.0,"key":"Whetstone"},{"floor":8.0,"key":"Tiny Chest"},{"floor":9.0,"key":"Blue Candle"},{"floor":19.0,"key":"Paper Frog"},{"floor":24,"key":"Thread and Needle"},{"floor":26,"key":"Letter Opener"}],"event_choices":[{"damage_healed":0.0,"max_hp_gain":0.0,"max_hp_loss":0.0,"gold_gain":0.0,"event_name":"FaceTrader","player_choice":"Trade","floor":11.0,"gold_loss":0.0,"damage_taken":0.0,"relics_obtained":["CultistMask"]}],"is_beta":false,"boss_relics":[{"not_picked":["Philosopher\u0027s Stone","Busted Crown"],"picked":"Cursed Key"}],"items_purged_floors":[22],"is_endless":false,"potions_floor_spawned":[5,8,12,16,20,21,29,30],"killed_by":"Shelled Parasite and Fungi","ascension_level":18}