{"gold_per_floor":[113,113,73,83,83,115,115,141,168,168,184,202,222,222,222,300,300,310,310,310,324,335,335,335],"floor_reached":24,"playtime":1591,"items_purged":[],"score":402,"play_id":"289e9ac4-4330-477f-965d-a895d9ca5658","local_time":"20190610122332","is_ascension_mode":true,"campfire_choices":[{"floor":7,"key":"REST"},{"floor":10,"key":"REST"},{"floor":15,"key":"REST"},{"floor":23,"key":"REST"}],"neow_cost":"NONE","seed_source_timestamp":2220998734844891,"circlet_count":0,"master_deck":["AscendersBane","Strike_B","Strike_B","Defend_B","Defend_B","Defend_B","Defend_B","Zap","Dualcast","Steam Power","Ball Lightning","Cold Snap","Cold Snap","Genetic Algorithm","Leap","Capacitor","Sunder","Ball Lightning","Biased Cognition","Compile Driver","Undo","Sweeping Beam","Coolheaded","Conserve Battery","Self Repair","RitualDagger","Coolheaded+1","Barrage","Doom and Gloom+1"],"special_seed":0,"relics":["Fusion Hammer","Potion Belt","Darkstone Periapt","Dream Catcher","Centennial Puzzle","Pen Nib","Orrery"],"potions_floor_usage":[6,6,6,8,8,8,16,22,24,24],"damage_taken":[{"damage":0.0,"enemies":"Cultist","floor":1.0,"turns":3.0},{"damage":2.0,"enemies":"2 Louse","floor":4.0,"turns":3.0},{"damage":34,"enemies":"Lagavulin","floor":6,"turns":7},{"damage":35,"enemies":"Gremlin Nob","floor":8,"turns":4},{"damage":2,"enemies":"Small Slimes","floor":11,"turns":3},{"damage":0,"enemies":"2 Fungi Beasts","floor":12,"turns":4},{"damage":7,"enemies":"3 Louse","floor":13,"turns":4},{"damage":48,"enemies":"The Guardian","floor":16,"turns":12},{"damage":25,"enemies":"Chosen","floor":18,"turns":6},{"damage":0,"enemies":"Spheric Guardian","floor":21,"turns":3},{"damage":13,"enemies":"3 Cultists","floor":22,"turns":5},{"damage":33,"enemies":"Gremlin Leader","floor":24,"turns":5}],"seed_played":"9126304566548058819","potions_obtained":[{"floor":3.0,"key":"LiquidBronze"},{"floor":3.0,"key":"Weak Potion"},{"floor":3.0,"key":"EntropicBrew"},{"floor":4.0,"key":"Energy Potion"},{"floor":8,"key":"Ancient Potion"},{"floor":12,"key":"Weak Potion"},{"floor":21,"key":"LiquidBronze"}],"is_trial":false,"path_per_floor":["M","?","?","M","?","E","R","E","T","R","M","M","M","?","R","B",null,"M","?","?","M","M","R","E"],"character_chosen":"DEFECT","items_purchased":[],"campfire_rested":4,"item_purchase_floors":[],"current_hp_per_floor":[64,64,64,62,55,21,42,19,19,40,38,38,31,31,52,4,54,29,29,23,23,10,31,0],"gold":335,"neow_bonus":"BOSS_RELIC","is_prod":false,"is_daily":false,"chose_seed":false,"campfire_upgraded":0,"win_rate":0,"timestamp":1560162212,"path_taken":["M","?","?","?","?","E","R","E","T","R","M","M","M","?","R","BOSS","M","?","?","M","M","R","E"],"build_version":"2019-01-23","purchased_purges":0,"victory":false,"max_hp_per_floor":[71,71,71,71,71,71,71,71,71,71,71,71,71,71,71,71,71,71,71,71,71,71,71,71],"card_choices":[{"not_picked":["Beam Cell","Heatsinks"],"picked":"Steam Power","floor":1.0},{"not_picked":["Gash","Conserve Battery"],"picked":"Ball Lightning","floor":4.0},{"not_picked":["Multi-Cast","Turbo"],"picked":"Cold Snap","floor":6},{"not_picked":["Gash","Hologram"],"picked":"Cold Snap","floor":8},{"not_picked":["Barrage","Go for the Eyes"],"picked":"Genetic Algorithm","floor":10},{"not_picked":["Conserve Battery","Steam Power"],"picked":"Leap","floor":11},{"not_picked":["FTL","Chill"],"picked":"Capacitor","floor":12},{"not_picked":["Go for the Eyes","Steam"],"picked":"Sunder","floor":13},{"not_picked":["Hologram","Cold Snap"],"picked":"Ball Lightning","floor":15},{"not_picked":["Electrodynamics","Rainbow"],"picked":"Biased Cognition","floor":16},{"not_picked":["Auto Shields","Redo"],"picked":"Compile Driver","floor":17},{"not_picked":["Compile Driver","Barrage"],"picked":"Undo","floor":17},{"not_picked":["Hologram","Recycle"],"picked":"Sweeping Beam","floor":17},{"not_picked":["Recycle","Hologram"],"picked":"Coolheaded","floor":17},{"not_picked":["Scrape+1","All For One","Steam"],"picked":"SKIP","floor":18},{"not_picked":["Ball Lightning","Conserve Battery+1"],"picked":"Coolheaded+1","floor":21},{"not_picked":["Rebound+1","Ball Lightning"],"picked":"Barrage","floor":22},{"not_picked":["Rebound","Chaos"],"picked":"Doom and Gloom+1","floor":23}],"player_experience":855789,"relics_obtained":[{"floor":6,"key":"Darkstone Periapt"},{"floor":8,"key":"Dream Catcher"},{"floor":9,"key":"Centennial Puzzle"}],"event_choices":[{"damage_healed":0.0,"max_hp_gain":0.0,"max_hp_loss":0.0,"gold_gain":0.0,"event_name":"Big Fish","player_choice":"Box","floor":2.0,"gold_loss":0.0,"damage_taken":0.0,"relics_obtained":["Potion Belt"],"cards_obtained":["Regret"]},{"damage_healed":0.0,"max_hp_gain":0.0,"max_hp_loss":0.0,"gold_gain":0.0,"event_name":"The Woman in Blue","player_choice":"Bought 3 Potions","floor":3.0,"gold_loss":0.0,"damage_taken":0.0},{"cards_removed":["Regret"],"damage_healed":0.0,"max_hp_gain":0.0,"max_hp_loss":0.0,"gold_gain":0.0,"event_name":"Golden Wing","player_choice":"Card Removal","floor":5.0,"gold_loss":0.0,"damage_taken":7.0},{"damage_healed":0,"gold_gain":0,"player_choice":"Searched \u00271\u0027 times","damage_taken":0,"relics_obtained":["Pen Nib"],"max_hp_gain":0,"max_hp_loss":0,"event_name":"Dead Adventurer","floor":14,"gold_loss":0},{"damage_healed":0,"gold_gain":0,"cards_transformed":["Strike_B","Strike_B"],"player_choice":"Became Test Subject","damage_taken":0,"max_hp_gain":0,"max_hp_loss":0,"event_name":"Drug Dealer","floor":19,"gold_loss":0,"cards_obtained":["Conserve Battery","Self Repair"]},{"damage_healed":0,"gold_gain":0,"player_choice":"Joined the Cult","damage_taken":6,"max_hp_gain":0,"max_hp_loss":0,"event_name":"Nest","floor":20,"gold_loss":0,"cards_obtained":["RitualDagger"]}],"is_beta":false,"boss_relics":[{"not_picked":["Lizard Tail","Ectoplasm"],"picked":"Orrery"}],"items_purged_floors":[],"is_endless":false,"potions_floor_spawned":[4,8,12,21],"killed_by":"Gremlin Leader","ascension_level":19}