{"gold_per_floor":[116,129,149,12,12,12,23,52,78,97,97,97,97,197,197,292,292,292,27,27,27,27,27,27],"floor_reached":24,"playtime":2146,"items_purged":[],"score":198,"play_id":"3622c804-8a1d-4635-9780-eb7bf78c3c12","local_time":"20181202162332","is_ascension_mode":false,"campfire_choices":[{"data":"Adrenaline","floor":6,"key":"SMITH"},{"data":"Noxious Fumes","floor":11,"key":"SMITH"},{"data":"Deflect","floor":13,"key":"SMITH"},{"data":"Flying Knee","floor":15,"key":"SMITH"},{"data":"Wraith Form v2","floor":23,"key":"SMITH"}],"neow_cost":"CURSE","seed_source_timestamp":1579196671005694,"circlet_count":0,"master_deck":["Defend_G","Defend_G","Defend_G","Defend_G","Defend_G","Strike_G","Strike_G","Strike_G","Strike_G","Strike_G","Survivor","Neutralize+1","Writhe","Predator","Dodge and Roll","Flying Knee+1","Adrenaline+1","Acrobatics","Deflect+1","Noxious Fumes+1","Wraith Form v2+1","Finisher","Well Laid Plans","Caltrops","Poisoned Stab","Terror"],"relics":["Ring of the Snake","FossilizedHelix","Lantern","Vajra","Ectoplasm","OrangePellets"],"potions_floor_usage":[3,3,8,21],"damage_taken":[{"damage":0,"enemies":"Jaw Worm","floor":1,"turns":5},{"damage":0,"enemies":"2 Louse","floor":2,"turns":2},{"damage":0,"enemies":"Cultist","floor":3,"turns":3},{"damage":0,"enemies":"Exordium Wildlife","floor":7,"turns":3},{"damage":13,"enemies":"Lagavulin","floor":8,"turns":7},{"damage":0,"enemies":"2 Fungi Beasts","floor":10,"turns":3},{"damage":35,"enemies":"Hexaghost","floor":16,"turns":11},{"damage":0,"enemies":"3 Byrds","floor":18,"turns":5},{"damage":0,"enemies":"Shell Parasite","floor":20,"turns":6},{"damage":31,"enemies":"Cultist and Chosen","floor":21,"turns":6},{"damage":20,"enemies":"3 Cultists","floor":22,"turns":5},{"damage":25,"enemies":"Slavers","floor":24,"turns":2}],"seed_played":"-7546239622122390925","potions_obtained":[{"floor":2,"key":"EntropicBrew"},{"floor":7,"key":"GamblersBrew"},{"floor":10,"key":"Block Potion"},{"floor":16,"key":"Ancient Potion"},{"floor":20,"key":"Poison Potion"},{"floor":22,"key":"EntropicBrew"}],"is_trial":false,"path_per_floor":["M","M","M","$","?","R","M","E","T","M","R","?","R","?","R","B",null,"M","$","M","M","M","R","E"],"character_chosen":"THE_SILENT","items_purchased":["Adrenaline","OrangePellets","Well Laid Plans"],"campfire_rested":0,"item_purchase_floors":[4,19,19],"current_hp_per_floor":[70,70,70,70,75,75,75,62,62,62,62,62,62,62,62,27,75,75,75,75,44,24,24,0],"gold":27,"neow_bonus":"ONE_RARE_RELIC","is_prod":false,"is_daily":false,"chose_seed":false,"campfire_upgraded":5,"win_rate":0.0,"timestamp":1543796612,"path_taken":["M","M","M","$","?","R","M","E","T","M","R","?","R","?","R","BOSS","M","$","M","M","M","R","E"],"build_version":"2018-11-15","purchased_purges":0,"victory":false,"max_hp_per_floor":[70,70,70,70,75,75,75,75,75,75,75,75,75,75,75,75,75,75,75,75,75,75,75,75],"card_choices":[{"not_picked":["Riddle With Holes","Dagger Spray"],"picked":"Predator","floor":1},{"not_picked":["Slice","Crippling Poison"],"picked":"Dodge and Roll","floor":2},{"not_picked":["Cloak And Dagger","PiercingWail"],"picked":"Flying Knee","floor":3},{"not_picked":["Underhanded Strike","Dodge and Roll"],"picked":"Acrobatics","floor":7},{"not_picked":["Dagger Spray","Bane"],"picked":"Deflect","floor":8},{"not_picked":["Dagger Throw","Backflip"],"picked":"Noxious Fumes","floor":10},{"not_picked":["Phantasmal Killer","Die Die Die"],"picked":"Wraith Form v2","floor":16},{"not_picked":["Cloak And Dagger+1","Outmaneuver"],"picked":"Finisher","floor":18},{"not_picked":["Sucker Punch","Slice+1"],"picked":"Caltrops","floor":20},{"not_picked":["Corpse Explosion","Outmaneuver"],"picked":"Poisoned Stab","floor":21},{"not_picked":["Skewer","Cloak And Dagger+1"],"picked":"Terror","floor":22}],"player_experience":69700,"relics_obtained":[{"floor":8,"key":"Lantern"},{"floor":9,"key":"Vajra"}],"event_choices":[{"damage_healed":0,"gold_gain":0,"player_choice":"Donut","damage_taken":0,"max_hp_gain":5,"max_hp_loss":0,"event_name":"Big Fish","floor":5,"gold_loss":0},{"damage_healed":0,"gold_gain":0,"player_choice":"Grow","damage_taken":0,"max_hp_gain":0,"max_hp_loss":0,"event_name":"Living Wall","floor":12,"gold_loss":0,"cards_upgraded":["Neutralize"]},{"damage_healed":0,"gold_gain":100,"player_choice":"Gold","damage_taken":0,"max_hp_gain":0,"max_hp_loss":0,"event_name":"Wheel of Change","floor":14,"gold_loss":0}],"is_beta":false,"boss_relics":[{"not_picked":["Eternal Feather","Calling Bell"],"picked":"Ectoplasm"}],"items_purged_floors":[],"is_endless":false,"potions_floor_spawned":[2,7,10,16,20,22],"killed_by":"Slavers","ascension_level":0}