{"gold_per_floor":[364,364,384,19,36,36,64,64,64,82,98,98,21,21,21,21],"floor_reached":16,"playtime":835,"items_purged":["Strike_G"],"score":110,"play_id":"e40c1505-0309-4bf1-8846-306b92cd772c","local_time":"20181218221220","is_ascension_mode":true,"campfire_choices":[{"data":"The Bomb","floor":6,"key":"SMITH"},{"data":"Setup","floor":8,"key":"SMITH"},{"floor":15,"key":"REST"}],"neow_cost":"TEN_PERCENT_HP_LOSS","seed_source_timestamp":484887269698766,"circlet_count":0,"master_deck":["Defend_G","Defend_G","Defend_G","Defend_G","Defend_G","Strike_G","Strike_G","Strike_G","Strike_G","Survivor","Neutralize","Quick Slash","Neutralize","The Bomb+1","Setup+1","Outmaneuver+1","A Thousand Cuts","Cloak And Dagger+1","Malaise+1"],"relics":["Ring of the Snake","Tiny Chest","Toxic Egg 2"],"potions_floor_usage":[10,16,16,16],"damage_taken":[{"damage":2,"enemies":"Cultist","floor":1,"turns":4},{"damage":0,"enemies":"2 Louse","floor":3,"turns":2},{"damage":0,"enemies":"Jaw Worm","floor":5,"turns":5},{"damage":18,"enemies":"Lagavulin","floor":7,"turns":7},{"damage":0,"enemies":"Lots of Slimes","floor":10,"turns":2},{"damage":39,"enemies":"Gremlin Gang","floor":11,"turns":4},{"damage":25,"enemies":"Slime Boss","floor":16,"turns":3}],"seed_played":"-614961543476767088","potions_obtained":[{"floor":1,"key":"Explosive Potion"},{"floor":3,"key":"Poison Potion"},{"floor":10,"key":"Fire Potion"},{"floor":11,"key":"EssenceOfSteel"}],"is_trial":false,"path_per_floor":["M","?","M","$","M","R","E","R","T","M","M","?","$","?","R","B"],"character_chosen":"THE_SILENT","items_purchased":["Tiny Chest","The Bomb","Malaise+1"],"campfire_rested":1,"item_purchase_floors":[4,4,13],"current_hp_per_floor":[61,61,61,61,61,61,43,43,43,43,4,1,1,1,19,0],"gold":21,"neow_bonus":"TWO_FIFTY_GOLD","is_prod":false,"is_daily":false,"chose_seed":false,"campfire_upgraded":2,"win_rate":0,"timestamp":1545199940,"path_taken":["M","?","M","$","M","R","E","R","T","?","M","?","$","?","R","BOSS"],"build_version":"2018-12-13","purchased_purges":1,"victory":false,"max_hp_per_floor":[63,63,63,63,63,63,63,63,63,63,63,63,63,63,63,63],"card_choices":[{"not_picked":["Predator","Dagger Throw"],"picked":"Quick Slash","floor":1},{"not_picked":["Caltrops","Bane","Choke"],"picked":"SKIP","floor":3},{"not_picked":["Dodge and Roll","Reflex"],"picked":"Setup","floor":5},{"not_picked":["PiercingWail","Distraction"],"picked":"Outmaneuver","floor":7},{"not_picked":["Poisoned Stab","Prepared+1"],"picked":"A Thousand Cuts","floor":10},{"not_picked":["Endless Agony","Finisher"],"picked":"Cloak And Dagger+1","floor":11}],"player_experience":129314,"relics_obtained":[{"floor":7,"key":"Toxic Egg 2"}],"event_choices":[{"damage_healed":0,"gold_gain":0,"player_choice":"1 cards matched","damage_taken":0,"max_hp_gain":0,"max_hp_loss":0,"event_name":"Match and Keep!","floor":2,"gold_loss":0,"cards_obtained":["Neutralize"]},{"damage_healed":0,"gold_gain":0,"player_choice":"Fled","damage_taken":3,"max_hp_gain":0,"max_hp_loss":0,"event_name":"Scrap Ooze","floor":12,"gold_loss":0},{"damage_healed":0,"gold_gain":0,"player_choice":"Leave","damage_taken":0,"max_hp_gain":0,"max_hp_loss":0,"event_name":"The Cleric","floor":14,"gold_loss":0}],"is_beta":false,"boss_relics":[],"items_purged_floors":[4],"is_endless":false,"potions_floor_spawned":[1,3,10,11],"killed_by":"Slime Boss","ascension_level":2}