{"gold_per_floor":[118,135,135,155,230,230,58,93,120,136,151,67,67,85,85,85],"floor_reached":16,"playtime":450,"items_purged":["Strike_G"],"score":168,"play_id":"08136d0d-8e90-4df0-b1ac-7a7601c2bac2","local_time":"20190401170904","is_ascension_mode":true,"campfire_choices":[{"data":"Poisoned Stab","floor":6,"key":"SMITH"},{"floor":15,"key":"REST"}],"neow_cost":"NONE","seed_source_timestamp":1676647620397650,"circlet_count":0,"master_deck":["AscendersBane","Defend_G","Defend_G","Defend_G","Defend_G","Defend_G","Strike_G","Strike_G","Strike_G","Survivor","Neutralize","Footwork","Poisoned Stab+1","Bandage Up","Catalyst+1","Dash","Well Laid Plans","Deadly Poison","Backflip"],"relics":["Ring of the Snake","NeowsBlessing","Centennial Puzzle","Anchor"],"potions_floor_usage":[8,16],"damage_taken":[{"damage":0,"enemies":"Jaw Worm","floor":1,"turns":1},{"damage":0,"enemies":"2 Louse","floor":2,"turns":1},{"damage":0,"enemies":"Small Slimes","floor":4,"turns":1},{"damage":26,"enemies":"Lagavulin","floor":8,"turns":7},{"damage":4,"enemies":"Looter","floor":10,"turns":4},{"damage":0,"enemies":"Large Slime","floor":11,"turns":8},{"damage":9,"enemies":"2 Fungi Beasts","floor":14,"turns":4},{"damage":39,"enemies":"Slime Boss","floor":16,"turns":9}],"seed_played":"5032103347632453519","potions_obtained":[{"floor":1,"key":"Fire Potion"},{"floor":2,"key":"Energy Potion"}],"is_trial":false,"path_per_floor":["M","M","?","M","?","R","$","E","T","M","M","$","?","M","R","B"],"character_chosen":"THE_SILENT","items_purchased":["Bandage Up","Well Laid Plans","Deadly Poison"],"campfire_rested":1,"item_purchase_floors":[7,12,12],"current_hp_per_floor":[63,63,56,56,45,45,45,23,23,23,27,27,27,22,43,8],"gold":85,"neow_bonus":"THREE_ENEMY_KILL","is_prod":false,"is_daily":false,"chose_seed":false,"campfire_upgraded":1,"win_rate":0,"timestamp":1554163744,"path_taken":["M","M","?","M","?","R","$","E","T","M","M","$","?","M","R","BOSS"],"build_version":"2019-01-23","purchased_purges":1,"victory":false,"max_hp_per_floor":[70,70,70,70,70,70,70,70,70,70,70,70,70,70,70,70],"card_choices":[{"not_picked":["PiercingWail","Catalyst"],"picked":"Footwork","floor":1},{"not_picked":["Acrobatics","PiercingWail","Poisoned Stab"],"picked":"SKIP","floor":2},{"not_picked":["Slice","Bane"],"picked":"Poisoned Stab","floor":4},{"not_picked":["Bane","Underhanded Strike"],"picked":"Catalyst","floor":8},{"not_picked":["Bane","Poisoned Stab","Bullet Time"],"picked":"SKIP","floor":10},{"not_picked":["Cloak And Dagger","Prepared"],"picked":"Dash","floor":11},{"not_picked":["Flechettes","Bane"],"picked":"Backflip","floor":14}],"player_experience":552032,"relics_obtained":[{"floor":8,"key":"Centennial Puzzle"},{"floor":9,"key":"Anchor"}],"event_choices":[{"cards_removed":["Strike_G"],"damage_healed":0,"gold_gain":0,"player_choice":"Card Removal","damage_taken":7,"max_hp_gain":0,"max_hp_loss":0,"event_name":"Golden Wing","floor":3,"gold_loss":0},{"damage_healed":0,"gold_gain":75,"player_choice":"Gather Gold","damage_taken":11,"max_hp_gain":0,"max_hp_loss":0,"event_name":"World of Goop","floor":5,"gold_loss":0},{"damage_healed":0,"gold_gain":0,"player_choice":"Grow","damage_taken":0,"max_hp_gain":0,"max_hp_loss":0,"event_name":"Living Wall","floor":13,"gold_loss":0,"cards_upgraded":["Catalyst"]}],"is_beta":false,"boss_relics":[],"items_purged_floors":[7],"is_endless":false,"potions_floor_spawned":[1,2],"killed_by":"Slime Boss","ascension_level":13}