{"gold_per_floor":[20,39,51,16,29,29,64,64,87,14,39,0,15,34,34,111,111,128,138,138,138,40,40,75,75],"floor_reached":25,"playtime":2080,"items_purged":[],"score":404,"play_id":"f9e087a9-861c-42ec-8bb2-91bebfa08f0b","local_time":"20190530200632","is_ascension_mode":true,"campfire_choices":[{"data":"Zap","floor":6.0,"key":"SMITH"},{"data":"Conserve Battery","floor":8.0,"key":"SMITH"},{"floor":15.0,"key":"REST"},{"data":"Buffer","floor":23.0,"key":"SMITH"}],"neow_cost":"NO_GOLD","seed_source_timestamp":1297890874406469,"circlet_count":0,"master_deck":["AscendersBane","Strike_B","Defend_B","Defend_B","Defend_B+1","Defend_B+1","Zap+1","Dualcast","Creative AI","Thunder Strike","Turbo","Conserve Battery+1","Compile Driver","Cold Snap","Glacier","Static Discharge","Capacitor","Barrage","Buffer+1","Capacitor","Stack","Self Repair","Hologram"],"special_seed":0,"relics":["Cracked Core","Art of War","War Paint","Potion Belt","Sozu","Frozen Egg 2"],"potions_floor_usage":[],"damage_taken":[{"damage":1.0,"enemies":"Cultist","floor":1.0,"turns":4.0},{"damage":1.0,"enemies":"2 Louse","floor":2.0,"turns":3.0},{"damage":10.0,"enemies":"Small Slimes","floor":3.0,"turns":3.0},{"damage":9.0,"enemies":"Exordium Wildlife","floor":5.0,"turns":4.0},{"damage":6.0,"enemies":"Lagavulin","floor":7.0,"turns":6.0},{"damage":11.0,"enemies":"3 Sentries","floor":11.0,"turns":6.0},{"damage":1.0,"enemies":"Blue Slaver","floor":13.0,"turns":5.0},{"damage":7.0,"enemies":"Exordium Thugs","floor":14.0,"turns":6.0},{"damage":34.0,"enemies":"Slime Boss","floor":16.0,"turns":8.0},{"damage":3.0,"enemies":"Shell Parasite","floor":18.0,"turns":6.0},{"damage":16.0,"enemies":"Spheric Guardian","floor":19.0,"turns":5.0},{"damage":32.0,"enemies":"Book of Stabbing","floor":24.0,"turns":9.0},{"damage":10,"enemies":"Shelled Parasite and Fungi","floor":25,"turns":4}],"seed_played":"-4613487796719801774","potions_obtained":[{"floor":2.0,"key":"Explosive Potion"},{"floor":3.0,"key":"Fire Potion"},{"floor":11.0,"key":"Swift Potion"}],"is_trial":false,"path_per_floor":["M","M","M","?","M","R","E","R","T","$","E","?","M","M","R","B",null,"M","M","?","?","$","R","E","M"],"character_chosen":"DEFECT","items_purchased":["Static Discharge","Self Repair","Hologram"],"campfire_rested":1,"item_purchase_floors":[10,22,22],"current_hp_per_floor":[63,62,52,69,60,60,54,54,54,54,43,43,42,35,56,22,59,56,40,40,40,40,40,15,5],"gold":75,"neow_bonus":"TRANSFORM_TWO_CARDS","is_prod":false,"is_daily":false,"chose_seed":false,"campfire_upgraded":3,"win_rate":0,"timestamp":1559239592,"path_taken":["M","?","M","?","M","R","E","R","T","$","E","?","M","M","R","BOSS","M","M","?","?","$","R","E","M"],"build_version":"2019-01-23","purchased_purges":0,"victory":false,"max_hp_per_floor":[71,71,71,71,71,71,71,71,71,71,71,71,71,71,71,71,71,71,71,71,71,71,71,71,71],"card_choices":[{"not_picked":["Beam Cell","Auto Shields"],"picked":"Turbo","floor":1.0},{"not_picked":["Leap","Barrage"],"picked":"Conserve Battery","floor":2.0},{"not_picked":["Beam Cell","Barrage"],"picked":"Compile Driver","floor":3.0},{"not_picked":["Rebound","Stack"],"picked":"Cold Snap","floor":5.0},{"not_picked":["Seek","Chill"],"picked":"Glacier","floor":7.0},{"not_picked":["Lockon","Melter"],"picked":"Capacitor","floor":11.0},{"not_picked":["Gash","Static Discharge","Go for the Eyes"],"picked":"SKIP","floor":13.0},{"not_picked":["White Noise","Beam Cell"],"picked":"Barrage","floor":14.0},{"not_picked":["Multi-Cast","All For One"],"picked":"Buffer","floor":16.0},{"not_picked":["Static Discharge","Redo"],"picked":"Capacitor","floor":18.0},{"not_picked":["Leap","Cold Snap"],"picked":"Stack","floor":19.0},{"not_picked":["Aggregate+1","Cold Snap","Gash"],"picked":"SKIP","floor":24.0}],"player_experience":722926,"relics_obtained":[{"floor":7.0,"key":"Art of War"},{"floor":9.0,"key":"War Paint"},{"floor":11.0,"key":"Potion Belt"},{"floor":24.0,"key":"Frozen Egg 2"}],"event_choices":[{"damage_healed":17.0,"max_hp_gain":0.0,"max_hp_loss":0.0,"gold_gain":0.0,"event_name":"The Cleric","player_choice":"Healed","floor":4.0,"gold_loss":35.0,"damage_taken":0.0},{"damage_healed":0.0,"max_hp_gain":0.0,"max_hp_loss":0.0,"gold_gain":0.0,"event_name":"World of Goop","player_choice":"Left Gold","floor":12.0,"gold_loss":39.0,"damage_taken":0.0},{"damage_healed":0.0,"max_hp_gain":0.0,"max_hp_loss":0.0,"gold_gain":0.0,"event_name":"Vampires","player_choice":"Ignored","floor":20.0,"gold_loss":0.0,"damage_taken":0.0},{"cards_removed":["Strike_B"],"damage_healed":0.0,"max_hp_gain":0.0,"max_hp_loss":0.0,"gold_gain":0.0,"event_name":"Back to Basics","player_choice":"Elegance","floor":21.0,"gold_loss":0.0,"damage_taken":0.0}],"is_beta":false,"boss_relics":[{"not_picked":["Lizard Tail","Velvet Choker"],"picked":"Sozu"}],"items_purged_floors":[],"is_endless":false,"potions_floor_spawned":[2,3,11,18,19],"killed_by":"Shelled Parasite and Fungi","ascension_level":15}