{"gold_per_floor":[115,115,132,145,220,220,238,253,253,253,3,3,18,34,34,160,160,174,99,99,99,99,99,99],"floor_reached":24,"playtime":1413,"items_purged":[],"score":214,"play_id":"4cc36baa-1022-4c06-9fad-899dbc72755f","local_time":"20181219182705","is_ascension_mode":true,"campfire_choices":[{"data":"Dagger Spray","floor":6,"key":"SMITH"},{"data":"Backflip","floor":12,"key":"SMITH"},{"data":"Noxious Fumes","floor":15,"key":"SMITH"},{"floor":23,"key":"REST"}],"neow_cost":"CURSE","seed_source_timestamp":557193613317639,"circlet_count":0,"master_deck":["Defend_G","Defend_G","Defend_G","Defend_G","Strike_G","Strike_G","Strike_G","Strike_G","Survivor","Neutralize+1","Swift Strike","Flash of Steel","Acrobatics","Dagger Spray+1","Escape Plan","Backflip+1","Escape Plan","Noxious Fumes+1","A Thousand Cuts","Poisoned Stab","RitualDagger","Necronomicurse"],"relics":["Ring of the Snake","Golden Idol","Paper Crane","Empty Cage","Necronomicon"],"potions_floor_usage":[16,18,18,18,18,22,22],"damage_taken":[{"damage":7,"enemies":"Jaw Worm","floor":1,"turns":4},{"damage":2,"enemies":"Cultist","floor":3,"turns":4},{"damage":3,"enemies":"2 Louse","floor":4,"turns":2},{"damage":0,"enemies":"Large Slime","floor":7,"turns":4},{"damage":1,"enemies":"3 Louse","floor":8,"turns":3},{"damage":4,"enemies":"2 Fungi Beasts","floor":13,"turns":4},{"damage":2,"enemies":"Exordium Wildlife","floor":14,"turns":4},{"damage":4,"enemies":"Hexaghost","floor":16,"turns":9},{"damage":32,"enemies":"Chosen","floor":18,"turns":6},{"damage":8,"enemies":"Colosseum Slavers","floor":22,"turns":4},{"damage":24,"enemies":"Book of Stabbing","floor":24,"turns":5}],"seed_played":"-4698994203292831393","potions_obtained":[{"floor":1,"key":"Explosive Potion"},{"floor":4,"key":"Dexterity Potion"},{"floor":8,"key":"Poison Potion"},{"floor":16,"key":"EntropicBrew"}],"is_trial":false,"path_per_floor":["M","?","M","M","?","R","M","M","T","?","$","R","M","M","R","B",null,"M","?","?","?","?","R","E"],"character_chosen":"THE_SILENT","items_purchased":["Paper Crane"],"campfire_rested":1,"item_purchase_floors":[11],"current_hp_per_floor":[63,63,61,58,47,47,47,46,46,46,46,46,42,40,40,36,65,33,33,27,11,3,22,0],"gold":99,"neow_bonus":"RANDOM_COLORLESS_2","is_prod":false,"is_daily":false,"chose_seed":false,"campfire_upgraded":3,"win_rate":0,"timestamp":1545272825,"path_taken":["M","?","?","M","?","R","M","M","T","?","$","R","M","M","R","BOSS","M","?","?","?","?","R","E"],"build_version":"2018-12-13","purchased_purges":0,"victory":false,"max_hp_per_floor":[70,70,70,70,70,70,70,70,70,65,65,65,65,65,65,65,65,65,65,65,65,65,65,65],"card_choices":[{"not_picked":["Outmaneuver","Tactician"],"picked":"Acrobatics","floor":1},{"not_picked":["Outmaneuver","Backstab"],"picked":"Dagger Spray","floor":3},{"not_picked":["Catalyst","Dagger Throw"],"picked":"Escape Plan","floor":4},{"not_picked":["Tactician","Bane"],"picked":"Backflip","floor":7},{"not_picked":["Dagger Throw","Deadly Poison","Dodge and Roll"],"picked":"SKIP","floor":8},{"not_picked":["Flechettes","PiercingWail"],"picked":"Escape Plan","floor":13},{"not_picked":["Footwork","Tactician"],"picked":"Noxious Fumes","floor":14},{"not_picked":["Doppelganger","Phantasmal Killer"],"picked":"A Thousand Cuts","floor":16},{"not_picked":["Quick Slash","Cloak And Dagger+1"],"picked":"Poisoned Stab","floor":18}],"player_experience":136842,"relics_obtained":[{"floor":21,"key":"Necronomicon"}],"event_choices":[{"damage_healed":0,"gold_gain":0,"player_choice":"Upgraded","damage_taken":0,"max_hp_gain":0,"max_hp_loss":0,"event_name":"Upgrade Shrine","floor":2,"gold_loss":0,"cards_upgraded":["Neutralize"]},{"damage_healed":0,"gold_gain":75,"player_choice":"Gather Gold","damage_taken":11,"max_hp_gain":0,"max_hp_loss":0,"event_name":"World of Goop","floor":5,"gold_loss":0},{"damage_healed":0,"gold_gain":0,"player_choice":"Lose Max HP","damage_taken":0,"relics_obtained":["Golden Idol"],"max_hp_gain":0,"max_hp_loss":5,"event_name":"Golden Idol","floor":10,"gold_loss":0},{"cards_removed":["Shame"],"damage_healed":0,"gold_gain":0,"player_choice":"Gave Gold","damage_taken":0,"max_hp_gain":0,"max_hp_loss":0,"event_name":"Beggar","floor":19,"gold_loss":75},{"damage_healed":0,"gold_gain":0,"player_choice":"Joined the Cult","damage_taken":6,"max_hp_gain":0,"max_hp_loss":0,"event_name":"Nest","floor":20,"gold_loss":0,"cards_obtained":["RitualDagger"]},{"damage_healed":0,"gold_gain":0,"player_choice":"Obtained Book","damage_taken":16,"max_hp_gain":0,"max_hp_loss":0,"event_name":"Cursed Tome","floor":21,"gold_loss":0},{"damage_healed":0,"gold_gain":0,"player_choice":"Fight","damage_taken":0,"max_hp_gain":0,"max_hp_loss":0,"event_name":"Colosseum","floor":22,"gold_loss":0},{"damage_healed":0,"gold_gain":0,"player_choice":"Fled From Nobs","damage_taken":0,"max_hp_gain":0,"max_hp_loss":0,"event_name":"Colosseum","floor":22,"gold_loss":0}],"is_beta":false,"boss_relics":[{"not_picked":["WristBlade","Runic Pyramid"],"picked":"Empty Cage"}],"items_purged_floors":[],"is_endless":false,"potions_floor_spawned":[1,4,8,13,16,22],"killed_by":"Book of Stabbing","ascension_level":3}