{"gold_per_floor":[359,372,386,172,172,45,45,75,75,75,89,120,134,192,192,265,265,284,284,74,124,137,137,171,171,198,85,99,133,133,133,133,209,209,221,71,121,134,152,167,194,213,213,225,237,34,65,76,76,76],"floor_reached":51,"playtime":5538,"items_purged":["Strike_B","Writhe","Strike_B","Strike_B"],"score":1287,"play_id":"3338b1f3-d3e1-4302-9b26-a0f35b90d0f5","local_time":"20190531120844","is_ascension_mode":true,"campfire_choices":[{"data":"Defragment","floor":7.0,"key":"SMITH"},{"data":"Doom and Gloom","floor":10.0,"key":"SMITH"},{"data":"Coolheaded","floor":15.0,"key":"SMITH"},{"data":"Capacitor","floor":23.0,"key":"SMITH"},{"floor":25.0,"key":"REST"},{"floor":32.0,"key":"REST"},{"floor":49,"key":"REST"}],"neow_cost":"TEN_PERCENT_HP_LOSS","seed_source_timestamp":0,"circlet_count":0,"master_deck":["AscendersBane","Strike_B","Defend_B+1","Defend_B","Defend_B","Defend_B","Zap+1","Dualcast","Defragment+1","Undo","Gash","Doom and Gloom+1","Compile Driver","Electrodynamics","Undo","Cold Snap","Coolheaded+1","Conserve Battery","Capacitor+1","Genetic Algorithm","Force Field","Self Repair","Creative AI","Fusion","Recycle+1","Sunder","Hologram+1","Coolheaded","Reinforced Body+1","Defragment+1","Compile Driver"],"special_seed":0,"relics":["Cracked Core","Orichalcum","Ornamental Fan","Matryoshka","DataDisk","Letter Opener","Mango","Vajra","Snecko Eye","Meat on the Bone","Torii","MawBank","War Paint","Bronze Scales","Fusion Hammer","Cables","Prayer Wheel","Lee\u0027s Waffle","Smiling Mask"],"potions_floor_usage":[50],"damage_taken":[{"damage":1.0,"enemies":"Cultist","floor":1.0,"turns":3.0},{"damage":2.0,"enemies":"Jaw Worm","floor":2.0,"turns":3.0},{"damage":0.0,"enemies":"Small Slimes","floor":3.0,"turns":3.0},{"damage":6.0,"enemies":"Lagavulin","floor":8.0,"turns":5.0},{"damage":2.0,"enemies":"3 Louse","floor":11.0,"turns":2.0},{"damage":13.0,"enemies":"Gremlin Nob","floor":12.0,"turns":4.0},{"damage":0.0,"enemies":"Looter","floor":13.0,"turns":3.0},{"damage":4.0,"enemies":"3 Sentries","floor":14.0,"turns":4.0},{"damage":22.0,"enemies":"Slime Boss","floor":16.0,"turns":6.0},{"damage":0.0,"enemies":"Chosen","floor":18.0,"turns":4.0},{"damage":11.0,"enemies":"2 Thieves","floor":22.0,"turns":4.0},{"damage":34.0,"enemies":"Slavers","floor":24.0,"turns":4.0},{"damage":18.0,"enemies":"Snake Plant","floor":28.0,"turns":4.0},{"damage":22.0,"enemies":"Book of Stabbing","floor":29.0,"turns":7.0},{"damage":15.0,"enemies":"Colosseum Slavers","floor":31.0,"turns":3.0},{"damage":37.0,"enemies":"Collector","floor":33.0,"turns":8.0},{"damage":0.0,"enemies":"3 Shapes","floor":35.0,"turns":3.0},{"damage":1.0,"enemies":"Orb Walker","floor":38.0,"turns":4.0},{"damage":17.0,"enemies":"Transient","floor":39.0,"turns":5.0},{"damage":12.0,"enemies":"Maw","floor":40.0,"turns":7.0},{"damage":12,"enemies":"Reptomancer","floor":41,"turns":5},{"damage":0,"enemies":"Spire Growth","floor":42,"turns":6},{"damage":0,"enemies":"3 Darklings","floor":44,"turns":4},{"damage":1,"enemies":"Transient","floor":45,"turns":5},{"damage":11,"enemies":"Nemesis","floor":47,"turns":8},{"damage":0,"enemies":"Jaw Worm Horde","floor":48,"turns":3},{"damage":20,"enemies":"Awakened One","floor":50,"turns":18}],"seed_played":"4698942497259604348","potions_obtained":[{"floor":1.0,"key":"SteroidPotion"},{"floor":2.0,"key":"LiquidBronze"},{"floor":12.0,"key":"FearPotion"},{"floor":18.0,"key":"Swift Potion"},{"floor":24.0,"key":"Poison Potion"},{"floor":28.0,"key":"PowerPotion"},{"floor":33.0,"key":"FocusPotion"},{"floor":38.0,"key":"Block Potion"},{"floor":39.0,"key":"Dexterity Potion"},{"floor":40,"key":"Regen Potion"}],"is_trial":false,"path_per_floor":["M","M","M","$","?","$","R","E","T","R","M","E","M","?","R","B",null,"M","?","$","?","M","R","E","R","T","$","M","E","?","?","R","B",null,"M","$","?","M","M","M","E","M","T","M","M","$","E","M","R","B",null],"character_chosen":"DEFECT","items_purchased":["Doom and Gloom","Orichalcum","Block Potion","Capacitor","Genetic Algorithm","Lee\u0027s Waffle"],"campfire_rested":3,"item_purchase_floors":[4,4,6,20,20,46],"current_hp_per_floor":[63,61,61,61,61,61,61,55,55,55,53,54,54,50,50,28,66,66,66,66,66,55,55,33,56,56,56,50,47,25,29,53,35,71,71,71,71,77,60,55,57,64,64,71,70,90,79,86,90,82],"gold":76,"neow_bonus":"TWO_FIFTY_GOLD","is_prod":false,"is_daily":false,"chose_seed":false,"campfire_upgraded":4,"win_rate":0,"timestamp":1559297324,"path_taken":["M","?","M","$","?","$","R","E","T","R","?","E","M","?","R","BOSS","M","?","$","?","M","R","E","R","T","$","?","E","?","?","R","BOSS","M","$","?","?","M","M","E","?","T","M","M","$","E","?","R","BOSS"],"build_version":"2019-01-23","purchased_purges":4,"victory":true,"max_hp_per_floor":[64,64,64,64,64,64,64,64,64,64,64,78,78,78,78,78,78,78,78,78,78,78,78,78,78,78,78,78,78,83,83,83,83,83,83,83,83,83,83,83,83,83,83,83,83,90,90,90,90,90],"card_choices":[{"not_picked":["FTL","Barrage"],"picked":"Defragment","floor":1.0},{"not_picked":["Scrape","Redo"],"picked":"Undo","floor":2.0},{"not_picked":["Leap","Beam Cell"],"picked":"Gash","floor":3.0},{"not_picked":["White Noise","Sweeping Beam"],"picked":"Compile Driver","floor":8.0},{"not_picked":["Leap","Beam Cell"],"picked":"Electrodynamics","floor":11.0},{"not_picked":["Aggregate","Auto Shields"],"picked":"Undo","floor":12.0},{"not_picked":["Blizzard","Loop"],"picked":"Cold Snap","floor":13.0},{"not_picked":["Sunder","Gash"],"picked":"Coolheaded","floor":14.0},{"not_picked":["Rebound","Gash"],"picked":"Conserve Battery","floor":18.0},{"not_picked":["Loop","Steam Power","Leap"],"picked":"SKIP","floor":22.0},{"not_picked":["Steam","Sweeping Beam"],"picked":"Force Field","floor":24.0},{"not_picked":["Reinforced Body","Cold Snap"],"picked":"Self Repair","floor":28.0},{"not_picked":["Steam+1","Streamline"],"picked":"Creative AI","floor":29.0},{"not_picked":["Redo","Gash"],"picked":"Fusion","floor":35.0},{"not_picked":["Sweeping Beam","Turbo+1","Stack"],"picked":"SKIP","floor":38.0},{"not_picked":["Conserve Battery","Gash+1"],"picked":"Recycle+1","floor":39.0},{"not_picked":["Hologram","Double Energy"],"picked":"Sunder","floor":40},{"not_picked":["Gash+1","Leap+1","Genetic Algorithm"],"picked":"SKIP","floor":41},{"not_picked":["Sunder","Static Discharge+1"],"picked":"Hologram+1","floor":42},{"not_picked":["Go for the Eyes","Electrodynamics"],"picked":"Coolheaded","floor":44},{"not_picked":["Tempest","Steam Power","Aggregate+1"],"picked":"SKIP","floor":44},{"not_picked":["Rebound","Redo","Hello World"],"picked":"SKIP","floor":45},{"not_picked":["Rip and Tear","Beam Cell","Rebound"],"picked":"SKIP","floor":45},{"not_picked":["Blizzard","Stack"],"picked":"Reinforced Body+1","floor":47},{"not_picked":["Sunder+1","Hello World"],"picked":"Defragment+1","floor":48},{"not_picked":["Rebound","Hologram"],"picked":"Compile Driver","floor":48}],"player_experience":741378,"relics_obtained":[{"floor":8.0,"key":"Matryoshka"},{"floor":9.0,"key":"DataDisk"},{"floor":9.0,"key":"Letter Opener"},{"floor":12.0,"key":"Mango"},{"floor":14.0,"key":"Vajra"},{"floor":24.0,"key":"Torii"},{"floor":26.0,"key":"MawBank"},{"floor":26.0,"key":"War Paint"},{"floor":29.0,"key":"Bronze Scales"},{"floor":41,"key":"Cables"},{"floor":43,"key":"Prayer Wheel"},{"floor":47,"key":"Smiling Mask"}],"event_choices":[{"damage_healed":0.0,"max_hp_gain":0.0,"max_hp_loss":0.0,"gold_gain":0.0,"event_name":"WeMeetAgain","player_choice":"Gave Potion","floor":5.0,"gold_loss":0.0,"damage_taken":0.0,"relics_obtained":["Ornamental Fan"]},{"damage_healed":0.0,"max_hp_gain":0.0,"max_hp_loss":0.0,"gold_gain":0.0,"event_name":"Dead Adventurer","player_choice":"Searched \u00271\u0027 times","floor":14.0,"gold_loss":0.0,"damage_taken":0.0},{"damage_healed":0.0,"max_hp_gain":0.0,"max_hp_loss":0.0,"gold_gain":0.0,"event_name":"The Mausoleum","player_choice":"Opened","floor":19.0,"gold_loss":0.0,"damage_taken":0.0,"relics_obtained":["Meat on the Bone"],"cards_obtained":["Writhe"]},{"damage_healed":0.0,"max_hp_gain":0.0,"max_hp_loss":0.0,"gold_gain":100.0,"event_name":"The Joust","player_choice":"Bet on Murderer","floor":21.0,"gold_loss":50.0,"damage_taken":0.0},{"damage_healed":0.0,"max_hp_gain":5.0,"max_hp_loss":0.0,"gold_gain":0.0,"event_name":"Forgotten Altar","player_choice":"Shed Blood","floor":30.0,"gold_loss":0.0,"damage_taken":27.0},{"damage_healed":0.0,"max_hp_gain":0.0,"max_hp_loss":0.0,"gold_gain":0.0,"event_name":"Colosseum","player_choice":"Fight","floor":31.0,"gold_loss":0.0,"damage_taken":0.0},{"damage_healed":0.0,"max_hp_gain":0.0,"max_hp_loss":0.0,"gold_gain":0.0,"event_name":"Colosseum","player_choice":"Fled From Nobs","floor":31.0,"gold_loss":0.0,"damage_taken":0.0},{"damage_healed":0.0,"max_hp_gain":0.0,"max_hp_loss":0.0,"gold_gain":50.0,"event_name":"Golden Shrine","player_choice":"Pray","floor":37.0,"gold_loss":0.0,"damage_taken":0.0}],"is_beta":false,"boss_relics":[{"not_picked":["Eternal Feather","Runic Pyramid"],"picked":"Snecko Eye"},{"not_picked":["Busted Crown","Coffee Dripper"],"picked":"Fusion Hammer"}],"items_purged_floors":[6,20,27,36],"is_endless":false,"potions_floor_spawned":[1,2,12,18,24,28,33,38,39,40],"ascension_level":15}