{"gold_per_floor":[112,122,132,144,244,244,273,273,273,286,286,317,331,362,362,467,467,480,45,8,26,26,59,59,86,139,152,152,172,188,207,207,311,311,330,330,341,361,409,409,161,161,173,185,232,264,102,113,113,113],"floor_reached":51,"playtime":6032,"items_purged":["Strike_R","Strike_R","Strike_R"],"score":1207,"play_id":"37c703bf-d247-473c-b07f-02c5eb5b574d","local_time":"20190204135542","is_ascension_mode":true,"campfire_choices":[{"data":"Bash","floor":6,"key":"SMITH"},{"floor":8,"key":"REST"},{"data":"Anger","floor":11,"key":"SMITH"},{"floor":15,"key":"REST"},{"floor":24,"key":"DIG"},{"data":"Corruption","floor":28,"key":"SMITH"},{"data":"Barricade","floor":32,"key":"SMITH"},{"floor":40,"key":"DIG"},{"floor":42,"key":"DIG"},{"floor":44,"key":"DIG"},{"floor":49,"key":"DIG"}],"neow_cost":"NONE","seed_source_timestamp":7203259486660,"circlet_count":0,"master_deck":["AscendersBane","Strike_R","Strike_R","Defend_R+1","Defend_R","Defend_R","Defend_R+1","Bash+1","Pommel Strike","Cleave","Power Through","Anger+1","Headbutt","Burning Pact","Disarm","Shrug It Off","Barricade+1","Feed","Rage","Seeing Red","Power Through","Disarm","Corruption+1","Ghostly Armor","Havoc+1","Shrug It Off","Exhume","Shockwave+1","Madness","Madness"],"relics":["Burning Blood","War Paint","Blue Candle","Dead Branch","Shovel","Gremlin Horn","Runic Dome","Medical Kit","Oddly Smooth Stone","Art of War","Bag of Marbles","Self Forming Clay","Blood Vial","Mark of Pain","Magic Flower","Orichalcum","Anchor","MawBank","Mercury Hourglass","Boot","Ornamental Fan","Pantograph"],"potions_floor_usage":[4,16,23],"damage_taken":[{"damage":0,"enemies":"Cultist","floor":1,"turns":4},{"damage":0,"enemies":"Small Slimes","floor":2,"turns":3},{"damage":3,"enemies":"2 Louse","floor":3,"turns":2},{"damage":17,"enemies":"Exordium Thugs","floor":4,"turns":4},{"damage":42,"enemies":"3 Sentries","floor":7,"turns":7},{"damage":7,"enemies":"Large Slime","floor":10,"turns":5},{"damage":13,"enemies":"Lagavulin","floor":12,"turns":5},{"damage":9,"enemies":"Looter","floor":13,"turns":3},{"damage":25,"enemies":"3 Sentries","floor":14,"turns":7},{"damage":26,"enemies":"The Guardian","floor":16,"turns":13},{"damage":7,"enemies":"2 Thieves","floor":18,"turns":4},{"damage":4,"enemies":"Shell Parasite","floor":21,"turns":7},{"damage":10,"enemies":"Slavers","floor":23,"turns":6},{"damage":15,"enemies":"Book of Stabbing","floor":25,"turns":8},{"damage":5,"enemies":"Chosen and Byrds","floor":27,"turns":6},{"damage":0,"enemies":"Cultist and Chosen","floor":29,"turns":4},{"damage":6,"enemies":"Centurion and Healer","floor":30,"turns":3},{"damage":11,"enemies":"3 Cultists","floor":31,"turns":5},{"damage":24,"enemies":"Collector","floor":33,"turns":4},{"damage":6,"enemies":"Orb Walker","floor":35,"turns":2},{"damage":19,"enemies":"3 Darklings","floor":37,"turns":4},{"damage":6,"enemies":"Transient","floor":38,"turns":5},{"damage":6,"enemies":"2 Orb Walkers","floor":39,"turns":3},{"damage":15,"enemies":"Nemesis","floor":45,"turns":5},{"damage":3,"enemies":"Writhing Mass","floor":46,"turns":5},{"damage":1,"enemies":"Jaw Worm Horde","floor":48,"turns":3},{"damage":2,"enemies":"Time Eater","floor":50,"turns":7}],"seed_played":"8073162275272819643","potions_obtained":[{"floor":1,"key":"Explosive Potion"},{"floor":7,"key":"Weak Potion"},{"floor":10,"key":"Explosive Potion"},{"floor":21,"key":"Poison Potion"},{"floor":29,"key":"Strength Potion"}],"is_trial":false,"path_per_floor":["M","M","M","M","?","R","E","R","T","M","R","E","M","E","R","B",null,"M","$","$","M","?","E","R","E","T","M","R","M","M","M","R","B",null,"M","?","M","M","?","R","$","R","T","R","E","M","$","M","R","B",null],"character_chosen":"IRONCLAD","items_purchased":["Medical Kit","Oddly Smooth Stone","Seeing Red","Anchor","Dexterity Potion"],"campfire_rested":2,"item_purchase_floors":[19,19,20,41,47],"current_hp_per_floor":[78,80,80,69,69,69,33,57,57,56,56,49,46,27,51,31,68,67,67,67,69,69,65,65,56,56,59,59,67,69,66,66,50,73,75,65,54,56,61,61,61,61,61,61,58,72,72,83,83,86],"gold":113,"neow_bonus":"RANDOM_COMMON_RELIC","is_prod":false,"is_daily":false,"chose_seed":false,"campfire_upgraded":4,"win_rate":0,"timestamp":1549284942,"path_taken":["M","M","?","M","?","R","E","R","T","M","R","E","M","E","R","BOSS","M","?","$","M","?","E","R","E","T","M","R","M","M","?","R","BOSS","M","?","M","M","?","R","?","R","T","R","E","?","$","M","R","BOSS"],"build_version":"2019-01-23","purchased_purges":3,"victory":true,"max_hp_per_floor":[80,80,80,80,80,80,80,80,80,80,80,80,80,80,80,80,80,80,80,80,80,80,80,80,80,80,80,80,80,80,80,80,80,80,80,80,80,80,83,83,83,83,83,83,83,86,86,86,86,86],"card_choices":[{"not_picked":["Cleave","Clash"],"picked":"Pommel Strike","floor":1},{"not_picked":["Combust","Perfected Strike"],"picked":"Cleave","floor":2},{"not_picked":["Perfected Strike","Searing Blow"],"picked":"Power Through","floor":3},{"not_picked":["Havoc","Perfected Strike"],"picked":"Anger","floor":4},{"not_picked":["Hemokinesis","Juggernaut"],"picked":"Headbutt","floor":7},{"not_picked":["Infernal Blade","Metallicize"],"picked":"Burning Pact","floor":10},{"not_picked":["Wild Strike","Cleave"],"picked":"Disarm","floor":12},{"not_picked":["Clash","Seeing Red"],"picked":"Shrug It Off","floor":13},{"not_picked":["Thunderclap","Power Through"],"picked":"Barricade","floor":14},{"not_picked":["Barricade","Immolate"],"picked":"Feed","floor":16},{"not_picked":["Shrug It Off","Pommel Strike+1"],"picked":"Rage","floor":18},{"not_picked":["Twin Strike","Warcry+1"],"picked":"Power Through","floor":21},{"not_picked":["Berserk","Dual Wield"],"picked":"Disarm","floor":23},{"not_picked":["True Grit","Berserk"],"picked":"Corruption","floor":25},{"not_picked":["Warcry","Heavy Blade"],"picked":"Ghostly Armor","floor":27},{"not_picked":["Headbutt+1","Warcry"],"picked":"Havoc+1","floor":29},{"not_picked":["Perfected Strike","Anger","Thunderclap+1"],"picked":"SKIP","floor":30},{"not_picked":["Sword Boomerang","Headbutt"],"picked":"Shrug It Off","floor":31},{"not_picked":["Barricade","Demon Form"],"picked":"Exhume","floor":33},{"not_picked":["Combust","Perfected Strike"],"picked":"Shockwave+1","floor":35},{"not_picked":["Anger","Blood for Blood+1","Flex"],"picked":"SKIP","floor":37},{"not_picked":["Clash","Pommel Strike","Sword Boomerang+1"],"picked":"SKIP","floor":38},{"not_picked":["Sword Boomerang+1","Whirlwind","Bloodletting"],"picked":"SKIP","floor":45},{"not_picked":["Hemokinesis+1","Searing Blow+1","Flex"],"picked":"SKIP","floor":46},{"not_picked":["Limit Break","Sword Boomerang+1","Spot Weakness+1"],"picked":"SKIP","floor":48}],"player_experience":141102,"relics_obtained":[{"floor":7,"key":"Blue Candle"},{"floor":9,"key":"Dead Branch"},{"floor":12,"key":"Shovel"},{"floor":14,"key":"Gremlin Horn"},{"floor":23,"key":"Art of War"},{"floor":24,"key":"Bag of Marbles"},{"floor":25,"key":"Self Forming Clay"},{"floor":26,"key":"Blood Vial"},{"floor":39,"key":"Magic Flower"},{"floor":40,"key":"Orichalcum"},{"floor":42,"key":"MawBank"},{"floor":43,"key":"Mercury Hourglass"},{"floor":44,"key":"Boot"},{"floor":45,"key":"Ornamental Fan"},{"floor":49,"key":"Pantograph"}],"event_choices":[{"damage_healed":0,"gold_gain":100,"player_choice":"Pray","damage_taken":0,"max_hp_gain":0,"max_hp_loss":0,"event_name":"Golden Shrine","floor":5,"gold_loss":0},{"damage_healed":0,"gold_gain":0,"player_choice":"Ignored","damage_taken":0,"max_hp_gain":0,"max_hp_loss":0,"event_name":"Beggar","floor":22,"gold_loss":0},{"damage_healed":0,"gold_gain":0,"player_choice":"Embrace Madness","damage_taken":10,"max_hp_gain":0,"max_hp_loss":0,"event_name":"Winding Halls","floor":36,"gold_loss":0,"cards_obtained":["Madness","Madness"]},{"damage_healed":0,"gold_gain":0,"player_choice":"Fight","damage_taken":0,"max_hp_gain":0,"max_hp_loss":0,"event_name":"Mysterious Sphere","floor":39,"gold_loss":0}],"is_beta":false,"boss_relics":[{"not_picked":["Coffee Dripper","Astrolabe"],"picked":"Runic Dome"},{"not_picked":["Black Blood","Black Star"],"picked":"Mark of Pain"}],"items_purged_floors":[19,41,47],"is_endless":false,"potions_floor_spawned":[1,7,10,12,13,21,29,30,33,38],"ascension_level":12}