{"gold_per_floor":[13,13,13,31,31,66,66,79,79,99,129,158,170,200,200,303,303,319,319,338,364,377,377,407,431,443,487,499,531,569,601,613,721,733,762,774,28,0,100,100,100,100,127,127,137,164,164,180,180,180],"floor_reached":51,"playtime":4138,"items_purged":["Writhe"],"score":892,"play_id":"0d98aa14-a5fc-4ae4-a08c-88da512871c9","local_time":"20190113060326","is_ascension_mode":true,"campfire_choices":[{"data":"Anger","floor":7,"key":"SMITH"},{"data":"Metallicize","floor":15,"key":"SMITH"},{"data":"Spot Weakness","floor":23,"key":"SMITH"},{"data":"Body Slam","floor":32,"key":"SMITH"},{"data":"Impervious","floor":40,"key":"SMITH"},{"data":"Master of Strategy","floor":41,"key":"SMITH"},{"data":"Iron Wave","floor":42,"key":"SMITH"},{"data":"Bash","floor":44,"key":"SMITH"},{"floor":49,"key":"DIG"}],"neow_cost":"NO_GOLD","seed_source_timestamp":250551584226345,"circlet_count":0,"master_deck":["Strike_R","Strike_R","Strike_R","Strike_R","Defend_R","Defend_R","Defend_R","Bash+1","Iron Wave","Headbutt","Anger+1","Headbutt","Shrug It Off","Shrug It Off","Metallicize+1","Impervious+1","Iron Wave+1","Spot Weakness+1","Anger+1","Battle Trance+1","Shrug It Off","Body Slam+1","Battle Trance","Shrug It Off","Shrug It Off+1","Thunderclap+1","Metallicize+1","Master of Strategy+1","Entrench+1","Shrug It Off+1","Bloodletting+1"],"relics":["Burning Blood","Incense Burner","Sundial","Anchor","Pantograph","Odd Mushroom","Orichalcum","Ginger","Sozu","Centennial Puzzle","MawBank","Question Card","Calipers","Darkstone Periapt","Meat on the Bone","Lizard Tail","Lantern","Red Skull","DollysMirror","Red Mask","WingedGreaves","Regal Pillow","PreservedInsect","Shovel","Pen Nib"],"potions_floor_usage":[12,31,50],"damage_taken":[{"damage":0,"enemies":"Small Slimes","floor":1,"turns":5},{"damage":1,"enemies":"Cultist","floor":4,"turns":3},{"damage":16,"enemies":"3 Sentries","floor":6,"turns":11},{"damage":0,"enemies":"2 Louse","floor":8,"turns":2},{"damage":2,"enemies":"Blue Slaver","floor":10,"turns":3},{"damage":2,"enemies":"The Mushroom Lair","floor":11,"turns":4},{"damage":21,"enemies":"Lagavulin","floor":12,"turns":6},{"damage":0,"enemies":"Exordium Thugs","floor":13,"turns":4},{"damage":3,"enemies":"3 Sentries","floor":14,"turns":8},{"damage":24,"enemies":"The Guardian","floor":16,"turns":13},{"damage":2,"enemies":"Spheric Guardian","floor":18,"turns":6},{"damage":0,"enemies":"Chosen","floor":20,"turns":3},{"damage":5,"enemies":"Snake Plant","floor":22,"turns":4},{"damage":0,"enemies":"Slavers","floor":24,"turns":5},{"damage":13,"enemies":"Snecko","floor":25,"turns":4},{"damage":22,"enemies":"Gremlin Leader","floor":27,"turns":6},{"damage":0,"enemies":"Sentry and Sphere","floor":29,"turns":4},{"damage":10,"enemies":"Book of Stabbing","floor":30,"turns":5},{"damage":10,"enemies":"Centurion and Healer","floor":31,"turns":5},{"damage":41,"enemies":"Collector","floor":33,"turns":9},{"damage":0,"enemies":"3 Shapes","floor":35,"turns":5},{"damage":0,"enemies":"Mind Bloom Boss Battle","floor":39,"turns":5},{"damage":0,"enemies":"Orb Walker","floor":45,"turns":2},{"damage":0,"enemies":"Reptomancer","floor":46,"turns":4},{"damage":0,"enemies":"4 Shapes","floor":48,"turns":5},{"damage":37,"enemies":"Time Eater","floor":50,"turns":11}],"seed_played":"4611672593310096576","potions_obtained":[{"floor":8,"key":"BloodPotion"},{"floor":10,"key":"PowerPotion"},{"floor":11,"key":"LiquidBronze"},{"floor":12,"key":"SneckoOil"},{"floor":14,"key":"PowerPotion"},{"floor":16,"key":"FearPotion"}],"is_trial":false,"path_per_floor":["M","?","?","M","?","E","R","M","T","M","?","E","M","E","R","B",null,"M","?","M","T","M","R","E","M","T","E","T","M","E","M","R","B",null,"M","?","$","?","?","R","R","R","T","R","M","E","T","M","R","B",null],"character_chosen":"IRONCLAD","items_purchased":["Lantern","Red Skull","DollysMirror","Master of Strategy"],"campfire_rested":0,"item_purchase_floors":[37,37,37,37],"current_hp_per_floor":[80,80,80,80,77,67,67,73,73,77,80,65,71,74,74,62,80,80,80,80,80,80,80,80,73,73,57,57,63,59,55,55,57,80,80,86,86,86,86,86,86,86,86,86,86,86,86,86,86,55],"gold":180,"neow_bonus":"ONE_RARE_RELIC","is_prod":false,"is_daily":false,"chose_seed":false,"campfire_upgraded":8,"win_rate":0,"timestamp":1547352206,"path_taken":["M","?","?","?","?","E","R","M","T","M","?","E","M","E","R","BOSS","M","?","M","?","M","R","E","?","T","E","?","M","E","M","R","BOSS","M","?","$","?","?","R","R","R","T","R","M","E","?","M","R","BOSS"],"build_version":"2019-01-10","purchased_purges":1,"victory":true,"max_hp_per_floor":[80,80,80,80,80,80,80,80,80,80,80,80,80,80,80,80,80,80,80,80,80,80,80,80,80,80,80,80,80,80,80,80,80,80,80,86,86,86,86,86,86,86,86,86,86,86,86,86,86,86],"card_choices":[{"not_picked":["Flex","Cleave"],"picked":"Iron Wave","floor":1},{"not_picked":["Infernal Blade","Reckless Charge"],"picked":"Headbutt","floor":4},{"not_picked":["Double Tap","Battle Trance"],"picked":"Anger","floor":6},{"not_picked":["Perfected Strike","Heavy Blade"],"picked":"Headbutt","floor":8},{"not_picked":["Intimidate","Twin Strike"],"picked":"Shrug It Off","floor":10},{"not_picked":["Headbutt","Wild Strike"],"picked":"Shrug It Off","floor":12},{"not_picked":["Sword Boomerang","Headbutt"],"picked":"Metallicize","floor":13},{"not_picked":["Perfected Strike","Bloodletting","Heavy Blade"],"picked":"SKIP","floor":14},{"not_picked":["Demon Form","Offering"],"picked":"Impervious","floor":16},{"not_picked":["Anger","Perfected Strike"],"picked":"Iron Wave","floor":18},{"not_picked":["Shockwave+1","Sever Soul"],"picked":"Anger+1","floor":20},{"not_picked":["Armaments","Anger+1"],"picked":"Battle Trance+1","floor":22},{"not_picked":["Clothesline","Feed","Cleave"],"picked":"SKIP","floor":24},{"not_picked":["Perfected Strike","Heavy Blade"],"picked":"Shrug It Off","floor":25},{"not_picked":["Wild Strike","Dual Wield","Feed"],"picked":"Body Slam","floor":27},{"not_picked":["Corruption","Twin Strike+1","Cleave"],"picked":"Battle Trance","floor":29},{"not_picked":["Searing Blow","Juggernaut","Disarm"],"picked":"Shrug It Off","floor":30},{"not_picked":["Thunderclap","Wild Strike","Heavy Blade"],"picked":"Shrug It Off+1","floor":31},{"not_picked":["Perfected Strike","Combust+1","Headbutt"],"picked":"Thunderclap+1","floor":35},{"not_picked":["Anger+1","Shockwave+1","True Grit+1"],"picked":"Entrench+1","floor":45},{"not_picked":["Immolate","True Grit","Headbutt+1"],"picked":"Shrug It Off+1","floor":46},{"not_picked":["Anger+1","Combust+1","Cleave"],"picked":"Bloodletting+1","floor":48}],"player_experience":18064,"relics_obtained":[{"floor":6,"key":"Anchor"},{"floor":9,"key":"Pantograph"},{"floor":11,"key":"Odd Mushroom"},{"floor":12,"key":"Orichalcum"},{"floor":14,"key":"Ginger"},{"floor":21,"key":"Centennial Puzzle"},{"floor":24,"key":"MawBank"},{"floor":26,"key":"Question Card"},{"floor":27,"key":"Calipers"},{"floor":28,"key":"Darkstone Periapt"},{"floor":30,"key":"Meat on the Bone"},{"floor":39,"key":"WingedGreaves"},{"floor":43,"key":"Regal Pillow"},{"floor":46,"key":"PreservedInsect"},{"floor":47,"key":"Shovel"},{"floor":49,"key":"Pen Nib"}],"event_choices":[{"cards_removed":["Strike_R"],"damage_healed":0,"gold_gain":0,"player_choice":"Forget","damage_taken":0,"max_hp_gain":0,"max_hp_loss":0,"event_name":"Living Wall","floor":2,"gold_loss":0},{"cards_removed":["Defend_R"],"damage_healed":0,"gold_gain":0,"player_choice":"Purged","damage_taken":0,"max_hp_gain":0,"max_hp_loss":0,"event_name":"Purifier","floor":3,"gold_loss":0},{"damage_healed":0,"gold_gain":0,"player_choice":"Success","damage_taken":3,"relics_obtained":["Sundial"],"max_hp_gain":0,"max_hp_loss":0,"event_name":"Scrap Ooze","floor":5,"gold_loss":0},{"damage_healed":0,"gold_gain":0,"player_choice":"Fought Mushrooms","damage_taken":0,"max_hp_gain":0,"max_hp_loss":0,"event_name":"Mushrooms","floor":11,"gold_loss":0},{"damage_healed":0,"gold_gain":0,"player_choice":"Read","damage_taken":0,"max_hp_gain":0,"max_hp_loss":0,"event_name":"The Library","floor":19,"gold_loss":0,"cards_obtained":["Spot Weakness"]},{"damage_healed":20,"gold_gain":0,"player_choice":"Writhe","damage_taken":0,"max_hp_gain":0,"max_hp_loss":0,"event_name":"Winding Halls","floor":36,"gold_loss":0,"cards_obtained":["Writhe"]},{"damage_healed":0,"gold_gain":0,"player_choice":"Paid","damage_taken":0,"relics_obtained":["Red Mask"],"max_hp_gain":0,"max_hp_loss":0,"event_name":"Tomb of Lord Red Mask","floor":38,"gold_loss":28},{"damage_healed":0,"gold_gain":0,"player_choice":"Fight","damage_taken":0,"max_hp_gain":0,"max_hp_loss":0,"event_name":"MindBloom","floor":39,"gold_loss":0}],"is_beta":false,"boss_relics":[{"not_picked":["Coffee Dripper","Runic Pyramid"],"picked":"Sozu"},{"not_picked":["Runic Dome","Snecko Eye"],"picked":"Lizard Tail"}],"items_purged_floors":[37],"is_endless":false,"potions_floor_spawned":[8,10,11,12,14,16,18,24,25,29,46,48],"ascension_level":1}