{"gold_per_floor":[112,122,122,297,315,315,84,116,184,184,184,202,235,251,251,354,354,371,371,471,489,489,489,523,523,570,6,19,46,46,60,60,161,161,173,123,137,137,154,181,181,210,233,233,267,613,639,664,664,664],"floor_reached":51,"playtime":5193,"items_purged":["Strike_B","Strike_B"],"score":899,"play_id":"e2280d73-96eb-445f-b30a-29bcdd1f9291","local_time":"20190120220154","is_ascension_mode":true,"campfire_choices":[{"data":"Steam","floor":6.0,"key":"SMITH"},{"floor":11.0,"key":"REST"},{"data":"Static Discharge","floor":15.0,"key":"SMITH"},{"data":"Rainbow","floor":23.0,"key":"SMITH"},{"data":"Buffer","floor":25.0,"key":"SMITH"},{"data":"Defragment","floor":30.0,"key":"SMITH"},{"data":"Defragment","floor":32.0,"key":"SMITH"},{"data":"Consume","floor":41.0,"key":"SMITH"},{"data":"White Noise","floor":49,"key":"SMITH"}],"neow_cost":"NONE","seed_source_timestamp":0,"circlet_count":0,"master_deck":["Strike_B+1","Defend_B","Defend_B","Defend_B","Defend_B","Zap","Dualcast","Compile Driver+1","Compile Driver","Steam+1","Buffer+1","Leap","Cold Snap","Self Repair","Static Discharge+1","Leap","Rainbow+1","White Noise+1","Coolheaded","Steam+1","Loop","Leap","Self Repair","Defragment+1","Defragment+1","Static Discharge","Storm","White Noise+1","Heatsinks","Machine Learning","Storm+1","Consume+1","Coolheaded+1","Finesse","Auto Shields+1"],"special_seed":0,"relics":["Cracked Core","NeowsBlessing","Smiling Mask","Kunai","Gremlin Horn","Centennial Puzzle","Inserter","The Courier","Happy Flower","Bag of Preparation","WingedGreaves","Coffee Dripper","Mango","Incense Burner","Juzu Bracelet","Whetstone","Old Coin","Toxic Egg 2","Orichalcum"],"potions_floor_usage":[50],"damage_taken":[{"damage":0.0,"enemies":"Small Slimes","floor":1.0,"turns":1.0},{"damage":0.0,"enemies":"Jaw Worm","floor":2.0,"turns":1.0},{"damage":0.0,"enemies":"2 Louse","floor":5.0,"turns":1.0},{"damage":14.0,"enemies":"3 Sentries","floor":8.0,"turns":9.0},{"damage":1.0,"enemies":"Exordium Wildlife","floor":12.0,"turns":4.0},{"damage":6.0,"enemies":"Lagavulin","floor":13.0,"turns":9.0},{"damage":4.0,"enemies":"Gremlin Gang","floor":14.0,"turns":5.0},{"damage":31.0,"enemies":"Hexaghost","floor":16.0,"turns":9.0},{"damage":1.0,"enemies":"Chosen","floor":18.0,"turns":9.0},{"damage":17.0,"enemies":"Colosseum Slavers","floor":19.0,"turns":5.0},{"damage":4.0,"enemies":"2 Thieves","floor":21.0,"turns":4.0},{"damage":20.0,"enemies":"Book of Stabbing","floor":24.0,"turns":5.0},{"damage":0.0,"enemies":"Snecko","floor":28.0,"turns":8.0},{"damage":14.0,"enemies":"Slavers","floor":29.0,"turns":5.0},{"damage":2.0,"enemies":"Cultist and Chosen","floor":31.0,"turns":5.0},{"damage":3.0,"enemies":"Champ","floor":33.0,"turns":9.0},{"damage":0.0,"enemies":"3 Darklings","floor":35.0,"turns":4.0},{"damage":0.0,"enemies":"Orb Walker","floor":37.0,"turns":3.0},{"damage":0.0,"enemies":"Spire Growth","floor":39.0,"turns":4.0},{"damage":0.0,"enemies":"Giant Head","floor":40.0,"turns":7.0},{"damage":11.0,"enemies":"Nemesis","floor":42.0,"turns":5.0},{"damage":0.0,"enemies":"Reptomancer","floor":45.0,"turns":4.0},{"damage":1.0,"enemies":"2 Orb Walkers","floor":46.0,"turns":3.0},{"damage":34.0,"enemies":"Nemesis","floor":47.0,"turns":7.0},{"damage":20,"enemies":"Time Eater","floor":50,"turns":10}],"seed_played":"7594819094195068571","potions_obtained":[{"floor":2.0,"key":"Swift Potion"},{"floor":5.0,"key":"Dexterity Potion"},{"floor":13.0,"key":"Energy Potion"},{"floor":14.0,"key":"Poison Potion"},{"floor":29.0,"key":"Explosive Potion"},{"floor":31.0,"key":"Strength Potion"},{"floor":35.0,"key":"EssenceOfSteel"},{"floor":40.0,"key":"Energy Potion"},{"floor":45.0,"key":"Swift Potion"},{"floor":47.0,"key":"GamblersBrew"}],"is_trial":false,"path_per_floor":["M","M","?","?","M","R","$","E","T","?","R","M","E","M","R","B",null,"M","?","?","M","?","R","E","R","T","$","M","E","R","M","R","B",null,"M","$","M","?","M","E","R","E","T","?","E","?","E","T","R","B",null],"character_chosen":"DEFECT","items_purchased":["Buffer","Leap","Cold Snap","Bag of Preparation","Loop","Leap","Self Repair","Defragment","Defragment","Static Discharge","Storm"],"campfire_rested":1,"item_purchase_floors":[7,7,7,27,27,27,27,27,27,27,27],"current_hp_per_floor":[75,75,68,68,68,68,68,54,54,36,58,64,65,68,68,44,75,75,65,65,68,68,68,48,48,48,48,48,48,48,60,60,57,75,75,75,75,75,75,89,89,89,89,89,89,89,69,69,69,56],"gold":664,"neow_bonus":"THREE_ENEMY_KILL","is_prod":false,"is_daily":false,"chose_seed":false,"campfire_upgraded":8,"win_rate":0,"timestamp":1548010914,"path_taken":["M","M","?","?","?","R","$","E","T","?","R","M","E","M","R","BOSS","M","?","?","?","?","R","E","R","T","$","M","E","R","?","R","BOSS","M","$","M","?","M","E","R","E","T","?","E","?","E","?","R","BOSS"],"build_version":"2019-01-17v2","purchased_purges":2,"victory":true,"max_hp_per_floor":[75,75,75,75,75,75,75,75,75,75,75,75,75,75,75,75,75,75,75,75,75,75,75,75,75,75,75,75,75,75,75,75,75,75,75,75,75,75,75,89,89,89,89,89,89,89,89,89,89,89],"card_choices":[{"not_picked":["Lockon","Rebound"],"picked":"Compile Driver","floor":1.0},{"not_picked":["Go for the Eyes","Redo"],"picked":"Compile Driver","floor":2.0},{"not_picked":["Sunder","Skim"],"picked":"Steam","floor":5.0},{"not_picked":["Coolheaded","Hologram"],"picked":"Self Repair","floor":8.0},{"not_picked":["Steam","Stack"],"picked":"Static Discharge","floor":12.0},{"not_picked":["Darkness","Loop"],"picked":"Leap","floor":13.0},{"not_picked":["Melter","Sweeping Beam","Turbo"],"picked":"SKIP","floor":14.0},{"not_picked":["Biased Cognition","Creative AI"],"picked":"Rainbow","floor":16.0},{"not_picked":["Sweeping Beam","BootSequence+1"],"picked":"White Noise","floor":18.0},{"not_picked":["Leap","Go for the Eyes"],"picked":"Coolheaded","floor":21.0},{"not_picked":["Beam Cell","Rip and Tear"],"picked":"Steam+1","floor":24.0},{"not_picked":["Compile Driver","Darkness","Cold Snap"],"picked":"SKIP","floor":28.0},{"not_picked":["Storm+1","All For One"],"picked":"White Noise+1","floor":29.0},{"not_picked":["Reprogram+1","Ball Lightning"],"picked":"Heatsinks","floor":31.0},{"not_picked":["Amplify","Thunder Strike"],"picked":"Machine Learning","floor":33.0},{"not_picked":["Conserve Battery","Streamline"],"picked":"Storm+1","floor":35.0},{"not_picked":["Turbo","Gash+1","Ball Lightning+1"],"picked":"SKIP","floor":37.0},{"not_picked":["Cold Snap","Go for the Eyes","Barrage"],"picked":"SKIP","floor":39.0},{"not_picked":["Reboot","All For One"],"picked":"Consume","floor":40.0},{"not_picked":["Recycle","Streamline"],"picked":"Coolheaded+1","floor":42.0},{"not_picked":["Transmutation","Deep Breath"],"picked":"Finesse","floor":44.0},{"not_picked":["Compile Driver+1","Echo Form"],"picked":"Auto Shields+1","floor":45.0},{"not_picked":["Barrage","Gash","Streamline+1"],"picked":"SKIP","floor":47.0}],"player_experience":87226,"relics_obtained":[{"floor":8.0,"key":"Smiling Mask"},{"floor":9.0,"key":"Kunai"},{"floor":13.0,"key":"Centennial Puzzle"},{"floor":24.0,"key":"The Courier"},{"floor":26.0,"key":"Happy Flower"},{"floor":29.0,"key":"WingedGreaves"},{"floor":40.0,"key":"Mango"},{"floor":42.0,"key":"Incense Burner"},{"floor":43.0,"key":"Juzu Bracelet"},{"floor":45.0,"key":"Whetstone"},{"floor":46.0,"key":"Old Coin"},{"floor":47.0,"key":"Toxic Egg 2"},{"floor":48.0,"key":"Orichalcum"}],"event_choices":[{"cards_removed":["Strike_B"],"damage_healed":0.0,"max_hp_gain":0.0,"max_hp_loss":0.0,"gold_gain":0.0,"event_name":"Golden Wing","player_choice":"Card Removal","floor":3.0,"gold_loss":0.0,"damage_taken":7.0},{"damage_healed":0.0,"max_hp_gain":0.0,"max_hp_loss":0.0,"gold_gain":175.0,"event_name":"Liars Game","player_choice":"AGREE","floor":4.0,"gold_loss":0.0,"damage_taken":0.0,"cards_obtained":["Doubt"]},{"damage_healed":0.0,"max_hp_gain":0.0,"max_hp_loss":0.0,"gold_gain":0.0,"event_name":"Scrap Ooze","player_choice":"Success","floor":10.0,"gold_loss":0.0,"damage_taken":18.0,"relics_obtained":["Gremlin Horn"]},{"damage_healed":0.0,"max_hp_gain":0.0,"max_hp_loss":0.0,"gold_gain":0.0,"event_name":"Colosseum","player_choice":"Fight","floor":19.0,"gold_loss":0.0,"damage_taken":0.0},{"damage_healed":0.0,"max_hp_gain":0.0,"max_hp_loss":0.0,"gold_gain":0.0,"event_name":"Colosseum","player_choice":"Fled From Nobs","floor":19.0,"gold_loss":0.0,"damage_taken":0.0},{"damage_healed":0.0,"max_hp_gain":0.0,"max_hp_loss":0.0,"gold_gain":100.0,"event_name":"Golden Shrine","player_choice":"Pray","floor":20.0,"gold_loss":0.0,"damage_taken":0.0},{"cards_removed":["Doubt"],"damage_healed":0.0,"max_hp_gain":0.0,"max_hp_loss":0.0,"gold_gain":0.0,"event_name":"Purifier","player_choice":"Purged","floor":22.0,"gold_loss":0.0,"damage_taken":0.0},{"damage_healed":0.0,"max_hp_gain":0.0,"max_hp_loss":0.0,"gold_gain":0.0,"event_name":"Transmorgrifier","player_choice":"Ignored","floor":38.0,"gold_loss":0.0,"damage_taken":0.0},{"damage_healed":0.0,"max_hp_gain":0.0,"max_hp_loss":0.0,"gold_gain":0.0,"event_name":"SensoryStone","player_choice":"Memory 1","floor":44.0,"gold_loss":0.0,"damage_taken":0.0},{"damage_healed":0.0,"max_hp_gain":0.0,"max_hp_loss":0.0,"gold_gain":0.0,"event_name":"Mysterious Sphere","player_choice":"Fight","floor":46.0,"gold_loss":0.0,"damage_taken":0.0}],"is_beta":false,"boss_relics":[{"not_picked":["Philosopher\u0027s Stone","Velvet Choker"],"picked":"Inserter"},{"not_picked":["Empty Cage","Pandora\u0027s Box"],"picked":"Coffee Dripper"}],"items_purged_floors":[27,36],"is_endless":false,"potions_floor_spawned":[2,5,13,14,19,24,29,31,35,40,45,47],"ascension_level":1}