{"gold_per_floor":[112,112,112,32,52,52,52,52,134,162,162,10,25,54,54,153,153,167,182,194,41,58,84,84,84,84,101,101,114,114,125,125,230,230,245,263,263,278,378,407,424,450,450,467,467,467,492,502,502,502,502,502,19,19],"floor_reached":54,"playtime":6988,"items_purged":["Regret"],"score":1134,"play_id":"3fdb7336-6ccf-47e5-9b2c-f7dde73ba9fd","local_time":"20190422120604","is_ascension_mode":true,"campfire_choices":[{"data":"Coolheaded","floor":6.0,"key":"SMITH"},{"data":"Dualcast","floor":8.0,"key":"SMITH"},{"floor":11.0,"key":"REST"},{"data":"Echo Form","floor":15.0,"key":"SMITH"},{"floor":25.0,"key":"REST"},{"data":"Biased Cognition","floor":30.0,"key":"SMITH"},{"floor":32.0,"key":"REST"},{"data":"Strike_B","floor":45,"key":"PURGE"},{"floor":49,"key":"RECALL"},{"data":"Consume","floor":52,"key":"SMITH"}],"neow_cost":"NONE","seed_source_timestamp":0,"circlet_count":0,"master_deck":["Strike_B","Strike_B","Defend_B","Defend_B","Defend_B","Defend_B","Zap+1","Dualcast+1","Glacier","Coolheaded+1","Gash","Streamline","Ball Lightning","Echo Form+1","Biased Cognition+1","Hologram","Hello World+1","Electrodynamics","Consume+1","Self Repair","Go for the Eyes+1","Steam","Amplify","Capacitor+1","Defragment","Defragment","Force Field","Force Field+1","Rebound+1","Writhe","Reboot"],"special_seed":0,"relics":["Cracked Core","Nunchaku","Pantograph","Anchor","Bottled Lightning","Runic Pyramid","DataDisk","Kunai","Ancient Tea Set","Philosopher\u0027s Stone","Thread and Needle","Bag of Marbles","Peace Pipe","Ornamental Fan","Boot","ClockworkSouvenir","Emotion Chip"],"potions_floor_usage":[42,47,50],"damage_taken":[{"damage":1.0,"enemies":"Cultist","floor":1.0,"turns":3.0},{"damage":5.0,"enemies":"Small Slimes","floor":5.0,"turns":3.0},{"damage":17.0,"enemies":"3 Sentries","floor":10.0,"turns":7.0},{"damage":0.0,"enemies":"Jaw Worm","floor":13.0,"turns":2.0},{"damage":17.0,"enemies":"Gremlin Nob","floor":14.0,"turns":3.0},{"damage":43.0,"enemies":"The Guardian","floor":16.0,"turns":9.0},{"damage":2.0,"enemies":"3 Byrds","floor":18.0,"turns":3.0},{"damage":0.0,"enemies":"Chosen","floor":19.0,"turns":5.0},{"damage":0.0,"enemies":"Snake Plant","floor":20.0,"turns":4.0},{"damage":25.0,"enemies":"Snecko","floor":22.0,"turns":6.0},{"damage":13.0,"enemies":"Slavers","floor":23.0,"turns":5.0},{"damage":15.0,"enemies":"3 Cultists","floor":27.0,"turns":4.0},{"damage":12.0,"enemies":"Snake Plant","floor":29.0,"turns":5.0},{"damage":0.0,"enemies":"Centurion and Healer","floor":31.0,"turns":4.0},{"damage":0.0,"enemies":"Champ","floor":33.0,"turns":10.0},{"damage":2.0,"enemies":"3 Darklings","floor":35.0,"turns":3.0},{"damage":0.0,"enemies":"3 Shapes","floor":36.0,"turns":4.0},{"damage":3.0,"enemies":"Spire Growth","floor":38.0,"turns":5.0},{"damage":0.0,"enemies":"Mind Bloom Boss Battle","floor":39.0,"turns":4.0},{"damage":17.0,"enemies":"Nemesis","floor":40.0,"turns":7.0},{"damage":10.0,"enemies":"Maw","floor":41.0,"turns":8.0},{"damage":35,"enemies":"Reptomancer","floor":42,"turns":6},{"damage":18,"enemies":"Sphere and 2 Shapes","floor":44,"turns":6},{"damage":2,"enemies":"Nemesis","floor":47,"turns":8},{"damage":0,"enemies":"3 Darklings","floor":48,"turns":5},{"damage":56,"enemies":"Donu and Deca","floor":50,"turns":6},{"damage":64,"enemies":"Shield and Spear","floor":54,"turns":3}],"seed_played":"610073959440559367","potions_obtained":[{"floor":0.0,"key":"FocusPotion"},{"floor":0.0,"key":"SmokeBomb"},{"floor":0.0,"key":"SneckoOil"},{"floor":1.0,"key":"SteroidPotion"},{"floor":13.0,"key":"Energy Potion"},{"floor":16.0,"key":"LiquidBronze"},{"floor":18.0,"key":"Block Potion"},{"floor":31.0,"key":"Weak Potion"},{"floor":35.0,"key":"EssenceOfSteel"},{"floor":38.0,"key":"Swift Potion"},{"floor":40.0,"key":"Weak Potion"},{"floor":47,"key":"Dexterity Potion"},{"floor":48,"key":"PowerPotion"}],"is_trial":false,"path_per_floor":["M","?","?","$","M","R","?","R","T","E","R","$","M","E","R","B",null,"M","M","M","$","M","E","?","R","T","M","?","M","R","M","R","B",null,"M","M","?","M","?","E","M","E","T","M","R","?","E","M","R","B",null,"R","$","E"],"character_chosen":"DEFECT","items_purchased":["Coolheaded","Gash","Doom and Gloom","DataDisk","ClockworkSouvenir","Emotion Chip"],"campfire_rested":3,"item_purchase_floors":[4,4,12,21,53,53],"current_hp_per_floor":[67,67,60,60,55,55,55,55,55,38,60,60,60,43,43,25,63,61,61,61,61,36,23,23,45,45,30,30,18,18,32,54,75,75,73,75,75,75,75,58,62,34,34,30,30,49,61,75,75,19,61,61,61,0],"gold":19,"neow_bonus":"THREE_SMALL_POTIONS","is_prod":false,"is_daily":false,"chose_seed":false,"campfire_upgraded":5,"win_rate":0,"timestamp":1555927564,"path_taken":["M","?","?","$","M","R","?","R","T","E","R","$","M","E","R","BOSS","M","M","M","$","M","E","?","R","T","M","?","M","R","M","R","BOSS","M","M","?","M","?","E","M","E","T","M","R","?","E","M","R","BOSS","R","$","E"],"build_version":"2019-01-23","purchased_purges":1,"victory":false,"max_hp_per_floor":[75,75,75,75,75,75,75,75,75,75,75,75,75,75,75,75,75,75,75,75,75,75,75,75,75,75,75,75,75,75,75,75,75,75,75,75,75,75,75,75,75,75,75,75,75,75,75,75,75,75,75,75,75,75],"card_choices":[{"not_picked":["Streamline","Ball Lightning"],"picked":"Glacier","floor":1.0},{"not_picked":["Turbo","Sunder"],"picked":"Streamline","floor":5.0},{"not_picked":["Stack","Streamline","Recycle"],"picked":"SKIP","floor":10.0},{"not_picked":["Steam","Redo"],"picked":"Ball Lightning","floor":13.0},{"not_picked":["Fission","Hologram"],"picked":"Echo Form","floor":14.0},{"not_picked":["Meteor Strike","Rainbow"],"picked":"Biased Cognition","floor":16.0},{"not_picked":["Lockon","Scrape"],"picked":"Hologram","floor":18.0},{"not_picked":["Gash","Streamline+1","Go for the Eyes"],"picked":"SKIP","floor":19.0},{"not_picked":["Beam Cell","Streamline+1"],"picked":"Hello World+1","floor":20.0},{"not_picked":["Doom and Gloom","Rebound","Barrage+1"],"picked":"SKIP","floor":22.0},{"not_picked":["Steam Power","Steam"],"picked":"Electrodynamics","floor":23.0},{"not_picked":["Heatsinks","White Noise"],"picked":"Self Repair","floor":27.0},{"not_picked":["Sweeping Beam","Skim"],"picked":"Go for the Eyes+1","floor":29.0},{"not_picked":["Fusion","Barrage+1"],"picked":"Steam","floor":31.0},{"not_picked":["All For One","Fission"],"picked":"Amplify","floor":33.0},{"not_picked":["Go for the Eyes","Hologram"],"picked":"Capacitor+1","floor":35.0},{"not_picked":["Cold Snap+1","Hologram"],"picked":"Defragment","floor":36.0},{"not_picked":["Lockon","Static Discharge+1","Ball Lightning"],"picked":"SKIP","floor":38.0},{"not_picked":["Aggregate","Gash"],"picked":"Defragment","floor":39.0},{"not_picked":["Redo","Barrage+1"],"picked":"Force Field","floor":40.0},{"not_picked":["Go for the Eyes","Coolheaded"],"picked":"Force Field+1","floor":41.0},{"not_picked":["Gash","Genetic Algorithm+1","Streamline"],"picked":"SKIP","floor":42},{"not_picked":["Gash+1","Ball Lightning+1"],"picked":"Rebound+1","floor":44},{"not_picked":["Turbo","Gash"],"picked":"Reboot","floor":47},{"not_picked":["Rebound+1","Gash+1","Static Discharge"],"picked":"SKIP","floor":48}],"player_experience":499781,"relics_obtained":[{"floor":9.0,"key":"Pantograph"},{"floor":10.0,"key":"Anchor"},{"floor":14.0,"key":"Bottled Lightning"},{"floor":23.0,"key":"Kunai"},{"floor":39.0,"key":"Thread and Needle"},{"floor":40.0,"key":"Bag of Marbles"},{"floor":42,"key":"Peace Pipe"},{"floor":43,"key":"Ornamental Fan"},{"floor":47,"key":"Boot"}],"event_choices":[{"damage_healed":0.0,"max_hp_gain":0.0,"max_hp_loss":0.0,"gold_gain":0.0,"event_name":"Living Wall","player_choice":"Grow","floor":2.0,"gold_loss":0.0,"damage_taken":0.0,"cards_upgraded":["Zap"]},{"cards_removed":["Strike_B"],"damage_healed":0.0,"max_hp_gain":0.0,"max_hp_loss":0.0,"gold_gain":0.0,"event_name":"Golden Wing","player_choice":"Card Removal","floor":3.0,"gold_loss":0.0,"damage_taken":7.0},{"damage_healed":0.0,"max_hp_gain":0.0,"max_hp_loss":0.0,"gold_gain":0.0,"event_name":"Big Fish","player_choice":"Box","floor":7.0,"gold_loss":0.0,"damage_taken":0.0,"relics_obtained":["Nunchaku"],"cards_obtained":["Regret"]},{"damage_healed":0.0,"max_hp_gain":0.0,"max_hp_loss":0.0,"gold_gain":0.0,"event_name":"The Library","player_choice":"Read","floor":24.0,"gold_loss":0.0,"damage_taken":0.0,"cards_obtained":["Consume"]},{"damage_healed":0.0,"max_hp_gain":0.0,"max_hp_loss":0.0,"gold_gain":0.0,"event_name":"The Mausoleum","player_choice":"Opened","floor":28.0,"gold_loss":0.0,"damage_taken":0.0,"relics_obtained":["Ancient Tea Set"]},{"cards_removed":["Doom and Gloom"],"damage_healed":0.0,"max_hp_gain":0.0,"max_hp_loss":0.0,"gold_gain":0.0,"event_name":"Falling","player_choice":"Removed Attack","floor":37.0,"gold_loss":0.0,"damage_taken":0.0},{"damage_healed":0.0,"max_hp_gain":0.0,"max_hp_loss":0.0,"gold_gain":0.0,"event_name":"MindBloom","player_choice":"Fight","floor":39.0,"gold_loss":0.0,"damage_taken":0.0},{"damage_healed":19,"gold_gain":0,"player_choice":"Writhe","damage_taken":0,"max_hp_gain":0,"max_hp_loss":0,"event_name":"Winding Halls","floor":46,"gold_loss":0,"cards_obtained":["Writhe"]}],"is_beta":false,"boss_relics":[{"not_picked":["Ectoplasm","Tiny House"],"picked":"Runic Pyramid"},{"not_picked":["Calling Bell","Nuclear Battery"],"picked":"Philosopher\u0027s Stone"}],"items_purged_floors":[12],"is_endless":false,"potions_floor_spawned":[1,13,16,18,20,31,35,38,40,41,47,48],"killed_by":"Shield and Spear","ascension_level":9}