{"gold_per_floor":[110,110,125,139,139,165,177,177,207,234,234,252,252,271,271,373,373,386,405,418,343,361,361,393,393,419,449,449,20,36,54,54,150,150,165,40,59,59,72,102,114,139,198,222,234],"floor_reached":45,"playtime":4590,"items_purged":["Strike_G","Strike_G","Strike_G"],"score":736,"play_id":"facf421a-83de-4acc-8c53-3e44a4e834c8","local_time":"20190414211526","is_ascension_mode":true,"campfire_choices":[{"data":"Sucker Punch","floor":8.0,"key":"SMITH"},{"floor":15.0,"key":"REST"},{"data":"Crippling Poison","floor":23.0,"key":"SMITH"},{"data":"Survivor","floor":28.0,"key":"SMITH"},{"floor":32.0,"key":"REST"},{"floor":41.0,"key":"REST"}],"neow_cost":"NONE","seed_source_timestamp":0,"circlet_count":0,"master_deck":["Defend_G","Defend_G","Defend_G","Defend_G","Defend_G","Strike_G","Strike_G","Survivor+1","Neutralize+1","Cloak And Dagger","Deadly Poison+1","Sucker Punch+1","Cloak And Dagger","PiercingWail","Crippling Poison+1","PiercingWail","Corpse Explosion","Dodge and Roll+1","PiercingWail+1","Deadly Poison","Dash","Catalyst+1","Footwork"],"special_seed":0,"relics":["Ring of the Snake","Orichalcum","Tiny Chest","Pantograph","Juzu Bracelet","Runic Pyramid","Omamori","Strawberry","Anchor","Mercury Hourglass","Dead Branch","Runic Dome","MawBank"],"potions_floor_usage":[],"damage_taken":[{"damage":2.0,"enemies":"Jaw Worm","floor":1.0,"turns":4.0},{"damage":0.0,"enemies":"2 Louse","floor":3.0,"turns":3.0},{"damage":0.0,"enemies":"Cultist","floor":4.0,"turns":4.0},{"damage":8.0,"enemies":"Lagavulin","floor":6.0,"turns":7.0},{"damage":12.0,"enemies":"Exordium Thugs","floor":7.0,"turns":5.0},{"damage":6.0,"enemies":"3 Sentries","floor":10.0,"turns":6.0},{"damage":0.0,"enemies":"Lots of Slimes","floor":11.0,"turns":1.0},{"damage":11.0,"enemies":"Exordium Wildlife","floor":12.0,"turns":6.0},{"damage":4.0,"enemies":"Blue Slaver","floor":14.0,"turns":4.0},{"damage":54.0,"enemies":"Slime Boss","floor":16.0,"turns":19.0},{"damage":0.0,"enemies":"3 Byrds","floor":18.0,"turns":3.0},{"damage":0.0,"enemies":"Spheric Guardian","floor":19.0,"turns":4.0},{"damage":6.0,"enemies":"3 Cultists","floor":20.0,"turns":4.0},{"damage":0.0,"enemies":"Centurion and Healer","floor":22.0,"turns":7.0},{"damage":16.0,"enemies":"Slavers","floor":24.0,"turns":4.0},{"damage":7.0,"enemies":"Book of Stabbing","floor":27.0,"turns":8.0},{"damage":15.0,"enemies":"Chosen and Byrds","floor":30.0,"turns":8.0},{"damage":1.0,"enemies":"Sentry and Sphere","floor":31.0,"turns":5.0},{"damage":54.0,"enemies":"Collector","floor":33.0,"turns":13.0},{"damage":0.0,"enemies":"3 Shapes","floor":35.0,"turns":4.0},{"damage":0.0,"enemies":"3 Darklings","floor":37.0,"turns":3.0},{"damage":0.0,"enemies":"Jaw Worm Horde","floor":39.0,"turns":2.0},{"damage":45.0,"enemies":"Nemesis","floor":40.0,"turns":7.0},{"damage":1.0,"enemies":"Writhing Mass","floor":42.0,"turns":5.0},{"damage":12,"enemies":"Maw","floor":44,"turns":6},{"damage":33,"enemies":"Reptomancer","floor":45,"turns":4}],"seed_played":"-8510684511339862290","potions_obtained":[{"floor":3.0,"key":"SmokeBomb"},{"floor":6.0,"key":"PowerPotion"},{"floor":7.0,"key":"EssenceOfSteel"},{"floor":12.0,"key":"Dexterity Potion"},{"floor":19.0,"key":"GamblersBrew"},{"floor":22.0,"key":"Energy Potion"},{"floor":27.0,"key":"FearPotion"},{"floor":30.0,"key":"Block Potion"},{"floor":37.0,"key":"SteroidPotion"},{"floor":39.0,"key":"LiquidBronze"},{"floor":42.0,"key":"Swift Potion"}],"is_trial":false,"path_per_floor":["M","?","M","M","?","E","M","R","T","E","M","M","T","M","R","B",null,"M","M","M","$","M","R","E","T","T","E","R","$","M","M","R","B",null,"M","$","M","?","M","E","R","M","T","M","E"],"character_chosen":"THE_SILENT","items_purchased":["Dead Branch","Dash"],"campfire_rested":3,"item_purchase_floors":[29,29],"current_hp_per_floor":[61,61,61,61,61,53,41,41,41,35,35,24,24,20,41,12,56,56,56,50,50,50,50,34,41,41,34,34,34,19,18,41,12,61,61,61,61,61,61,16,39,38,38,26,0],"gold":234,"neow_bonus":"UPGRADE_CARD","is_prod":false,"is_daily":false,"chose_seed":false,"campfire_upgraded":3,"win_rate":0,"timestamp":1555269326,"path_taken":["M","?","M","M","?","E","M","R","T","E","M","?","?","M","R","BOSS","M","M","M","?","M","R","E","?","T","E","R","$","M","M","R","BOSS","M","$","M","?","M","E","R","M","T","M","E"],"build_version":"2019-01-23","purchased_purges":3,"victory":false,"max_hp_per_floor":[70,70,70,70,70,70,70,70,70,70,70,70,70,70,70,70,70,70,70,70,70,70,70,70,77,77,77,77,77,77,77,77,77,77,77,77,77,77,77,77,77,77,77,77,77],"card_choices":[{"not_picked":["Sucker Punch","Blade Dance"],"picked":"Cloak And Dagger","floor":1.0},{"not_picked":["Well Laid Plans","Bane"],"picked":"Deadly Poison","floor":3.0},{"not_picked":["Prepared","Infinite Blades"],"picked":"Sucker Punch","floor":4.0},{"not_picked":["Masterful Stab","Expertise"],"picked":"Cloak And Dagger","floor":6.0},{"not_picked":["Slice","Blade Dance"],"picked":"PiercingWail","floor":7.0},{"not_picked":["Heel Hook","Setup","Riddle With Holes"],"picked":"SKIP","floor":10.0},{"not_picked":["Distraction","Bane"],"picked":"Crippling Poison","floor":12.0},{"not_picked":["After Image","Backflip"],"picked":"PiercingWail","floor":14.0},{"not_picked":["Venomology","Wraith Form v2"],"picked":"Corpse Explosion","floor":16.0},{"not_picked":["Setup","PiercingWail","Bane"],"picked":"SKIP","floor":18.0},{"not_picked":["Expertise","Poisoned Stab+1"],"picked":"Dodge and Roll+1","floor":19.0},{"not_picked":["Acrobatics","Sucker Punch"],"picked":"PiercingWail+1","floor":20.0},{"not_picked":["Outmaneuver","PiercingWail"],"picked":"Deadly Poison","floor":22.0},{"not_picked":["Expertise","Deadly Poison","Dagger Spray"],"picked":"SKIP","floor":24.0},{"not_picked":["Concentrate","Quick Slash","Finisher"],"picked":"SKIP","floor":27.0},{"not_picked":["Backflip","Dagger Spray","Acrobatics+1"],"picked":"SKIP","floor":30.0},{"not_picked":["Phantasmal Killer","PiercingWail","Flying Knee+1"],"picked":"SKIP","floor":31.0},{"not_picked":["All Out Attack","Cloak And Dagger+1","Infinite Blades"],"picked":"SKIP","floor":35.0},{"not_picked":["Poisoned Stab+1","PiercingWail","Flying Knee+1"],"picked":"SKIP","floor":37.0},{"not_picked":["Tactician+1","Dash+1"],"picked":"Catalyst+1","floor":39.0},{"not_picked":["Quick Slash+1","Deflect","Sucker Punch"],"picked":"SKIP","floor":40.0},{"not_picked":["PiercingWail+1","Underhanded Strike"],"picked":"Footwork","floor":42.0},{"not_picked":["Storm of Steel","Dodge and Roll","All Out Attack+1"],"picked":"SKIP","floor":44}],"player_experience":427194,"relics_obtained":[{"floor":6.0,"key":"Orichalcum"},{"floor":9.0,"key":"Tiny Chest"},{"floor":10.0,"key":"Pantograph"},{"floor":13.0,"key":"Juzu Bracelet"},{"floor":24.0,"key":"Omamori"},{"floor":25.0,"key":"Strawberry"},{"floor":26.0,"key":"Anchor"},{"floor":27.0,"key":"Mercury Hourglass"},{"floor":40.0,"key":"MawBank"}],"event_choices":[{"damage_healed":0.0,"max_hp_gain":0.0,"max_hp_loss":0.0,"gold_gain":0.0,"event_name":"Liars Game","player_choice":"Ignored","floor":2.0,"gold_loss":0.0,"damage_taken":0.0},{"damage_healed":0.0,"max_hp_gain":0.0,"max_hp_loss":0.0,"gold_gain":0.0,"event_name":"Accursed Blacksmith","player_choice":"Forge","floor":5.0,"gold_loss":0.0,"damage_taken":0.0,"cards_upgraded":["Deadly Poison"]},{"damage_healed":0.0,"max_hp_gain":0.0,"max_hp_loss":0.0,"gold_gain":0.0,"event_name":"SecretPortal","player_choice":"Ignored","floor":38.0,"gold_loss":0.0,"damage_taken":0.0}],"is_beta":false,"boss_relics":[{"not_picked":["WristBlade","Orrery"],"picked":"Runic Pyramid"},{"not_picked":["Empty Cage","Pandora\u0027s Box"],"picked":"Runic Dome"}],"items_purged_floors":[21,29,36],"is_endless":false,"potions_floor_spawned":[3,6,7,12,19,22,27,30,37,39,42],"killed_by":"Reptomancer","ascension_level":8}