{"gold_per_floor":[114,129,129,21,121,121,151,151,176,206,236,236,266,281,281,381,381,396,396,411,426,351,681,681,711,711,741,741,466,496,511,511,611,611,626,726,734,284,299,329,329,54,54,54,84,84,114,129,129,129],"floor_reached":51,"playtime":3440,"items_purged":["Strike_B","Strike_B","Pain"],"score":1025,"play_id":"739b711b-c9ed-41d5-ad96-ac876cf3ad09","local_time":"20190602050937","daily_mods":["Cursed Run","ControlledChaos","Elite Swarm"],"is_ascension_mode":false,"campfire_choices":[{"data":"Capacitor","floor":6,"key":"SMITH"},{"data":"Genetic Algorithm","floor":8,"key":"SMITH"},{"data":"Biased Cognition","floor":15,"key":"SMITH"},{"data":"Electrodynamics","floor":24,"key":"SMITH"},{"data":"Go for the Eyes","floor":28,"key":"SMITH"},{"floor":32,"key":"REST"},{"floor":44,"key":"REST"},{"data":"Creative AI","floor":46,"key":"SMITH"},{"floor":49,"key":"REST"}],"neow_cost":"","seed_source_timestamp":0,"circlet_count":0,"master_deck":["Defend_B","Defend_B","Defend_B+1","Defend_B","Zap+1","Dualcast","Glacier","Go for the Eyes+1","Capacitor+1","Genetic Algorithm+1","Echo Form","Doubt","Biased Cognition+1","Echo Form","Clumsy","Meteor Strike+1","Conserve Battery","BootSequence","Electrodynamics+1","Creative AI+1","Regret","Core Surge+1","Aggregate+1","Core Surge","Consume+1","Turbo","Decay","Biased Cognition","Pain"],"special_seed":18049,"relics":["Cursed Key","Darkstone Periapt","Du-Vu Doll","Frozen Eye","Symbiotic Virus","Bag of Marbles","Juzu Bracelet","Dodecahedron","Meat on the Bone","White Beast Statue","Old Coin","Strawberry","Art of War","Shuriken","Toy Ornithopter","Ice Cream","Nuclear Battery","Prayer Wheel","Whetstone","Toolbox","Ginger","Lantern","War Paint","Blue Candle","The Courier"],"potions_floor_usage":[7,13,21,23,30,30,30,33,37,37,37,40,40,45,47,50],"damage_taken":[{"damage":0,"enemies":"2 Louse","floor":1,"turns":2},{"damage":0,"enemies":"Small Slimes","floor":2,"turns":4},{"damage":9,"enemies":"Lagavulin","floor":7,"turns":8},{"damage":20,"enemies":"3 Sentries","floor":10,"turns":7},{"damage":10,"enemies":"Gremlin Nob","floor":13,"turns":4},{"damage":4,"enemies":"Cultist","floor":14,"turns":4},{"damage":20,"enemies":"The Guardian","floor":16,"turns":9},{"damage":0,"enemies":"Spheric Guardian","floor":18,"turns":5},{"damage":7,"enemies":"Chosen","floor":20,"turns":6},{"damage":7,"enemies":"Shelled Parasite and Fungi","floor":21,"turns":9},{"damage":36,"enemies":"Slavers","floor":23,"turns":6},{"damage":3,"enemies":"Book of Stabbing","floor":25,"turns":7},{"damage":36,"enemies":"Gremlin Leader","floor":27,"turns":7},{"damage":28,"enemies":"Slavers","floor":30,"turns":4},{"damage":3,"enemies":"Centurion and Healer","floor":31,"turns":5},{"damage":23,"enemies":"Collector","floor":33,"turns":7},{"damage":17,"enemies":"3 Darklings","floor":35,"turns":4},{"damage":44,"enemies":"2 Orb Walkers","floor":37,"turns":4},{"damage":8,"enemies":"3 Shapes","floor":39,"turns":3},{"damage":47,"enemies":"Reptomancer","floor":40,"turns":6},{"damage":4,"enemies":"Giant Head","floor":45,"turns":7},{"damage":34,"enemies":"Reptomancer","floor":47,"turns":7},{"damage":35,"enemies":"Transient","floor":48,"turns":5},{"damage":72,"enemies":"Awakened One","floor":50,"turns":9}],"seed_played":"8756904744522302853","potions_obtained":[{"floor":1,"key":"SpeedPotion"},{"floor":2,"key":"Poison Potion"},{"floor":10,"key":"Regen Potion"},{"floor":16,"key":"Dexterity Potion"},{"floor":18,"key":"Poison Potion"},{"floor":20,"key":"Weak Potion"},{"floor":21,"key":"Poison Potion"},{"floor":23,"key":"SpeedPotion"},{"floor":25,"key":"Energy Potion"},{"floor":27,"key":"Block Potion"},{"floor":30,"key":"Strength Potion"},{"floor":31,"key":"Fire Potion"},{"floor":33,"key":"EssenceOfSteel"},{"floor":35,"key":"AttackPotion"},{"floor":37,"key":"Fruit Juice"},{"floor":39,"key":"LiquidBronze"},{"floor":40,"key":"SkillPotion"},{"floor":45,"key":"Poison Potion"},{"floor":47,"key":"GamblersBrew"},{"floor":48,"key":"SteroidPotion"}],"is_trial":false,"path_per_floor":["M","M","?","$","?","R","E","R","T","E","?","?","E","M","R","B",null,"M","?","M","M","?","E","R","E","T","E","R","$","E","M","R","B",null,"M","?","?","$","M","E","?","$","T","R","E","R","E","M","R","B",null],"character_chosen":"DEFECT","items_purchased":["Capacitor","Genetic Algorithm","Toy Ornithopter","Whetstone","Toolbox","Lantern"],"campfire_rested":3,"item_purchase_floors":[4,4,29,38,38,42],"current_hp_per_floor":[75,75,75,75,75,75,66,66,72,52,52,52,51,47,47,45,87,87,87,80,73,73,49,49,53,59,35,35,35,34,43,73,61,106,89,89,65,65,57,32,32,32,38,73,74,74,57,34,69,20],"gold":129,"neow_bonus":"","is_prod":false,"is_daily":true,"chose_seed":false,"campfire_upgraded":6,"win_rate":0,"timestamp":1559477377,"path_taken":["M","M","?","$","?","R","E","R","T","E","?","?","E","M","R","BOSS","M","?","M","M","?","E","R","E","T","E","R","$","E","M","R","BOSS","M","?","?","$","M","E","?","?","T","R","E","R","E","M","R","BOSS"],"build_version":"2019-01-23","purchased_purges":3,"victory":true,"max_hp_per_floor":[75,75,75,75,75,75,75,75,81,81,81,81,81,81,81,87,87,87,87,87,87,87,87,87,94,100,100,100,100,100,100,100,106,106,106,106,111,111,111,111,111,111,117,117,117,117,117,117,117,123],"card_choices":[{"not_picked":["Recycle","Sweeping Beam"],"picked":"Glacier","floor":1},{"not_picked":["Gash","Rebound"],"picked":"Go for the Eyes","floor":2},{"not_picked":["All For One","Hyperbeam"],"picked":"Echo Form","floor":7},{"not_picked":["Meteor Strike","Rainbow"],"picked":"Biased Cognition","floor":10},{"not_picked":["Fission","Amplify"],"picked":"Echo Form","floor":13},{"not_picked":["Hologram","Melter","Streamline"],"picked":"SKIP","floor":14},{"not_picked":["Rainbow","Fission"],"picked":"Meteor Strike","floor":16},{"not_picked":["Steam+1","Compile Driver+1"],"picked":"Conserve Battery","floor":18},{"not_picked":["Streamline","Darkness"],"picked":"BootSequence","floor":20},{"not_picked":["Steam+1","Rip and Tear","Gash"],"picked":"SKIP","floor":21},{"not_picked":["Meteor Strike","Rainbow"],"picked":"Electrodynamics","floor":23},{"not_picked":["Rainbow","Amplify"],"picked":"Creative AI","floor":25},{"not_picked":["Meteor Strike","Biased Cognition","Hyperbeam"],"picked":"SKIP","floor":27},{"not_picked":["Biased Cognition","Creative AI"],"picked":"Core Surge","floor":30},{"not_picked":["Reinforced Body+1","Turbo+1"],"picked":"Aggregate","floor":31},{"not_picked":["Electrodynamics","Seek"],"picked":"Core Surge","floor":33},{"not_picked":["Scrape+1","Rebound+1","Cold Snap"],"picked":"SKIP","floor":35},{"not_picked":["Reinforced Body+1","Coolheaded"],"picked":"Consume+1","floor":39},{"not_picked":["Redo","Hello World","Steam+1"],"picked":"SKIP","floor":39},{"not_picked":["Core Surge","Echo Form","Meteor Strike"],"picked":"SKIP","floor":40},{"not_picked":["Rainbow","All For One","Electrodynamics"],"picked":"SKIP","floor":45},{"not_picked":["All For One","Seek"],"picked":"Biased Cognition","floor":47},{"not_picked":["Barrage+1","Streamline","Auto Shields+1"],"picked":"SKIP","floor":48},{"not_picked":["Compile Driver+1","Ball Lightning+1","Rebound"],"picked":"SKIP","floor":48}],"player_experience":618388,"relics_obtained":[{"floor":7,"key":"Symbiotic Virus"},{"floor":9,"key":"Bag of Marbles"},{"floor":10,"key":"Juzu Bracelet"},{"floor":13,"key":"Meat on the Bone"},{"floor":23,"key":"Old Coin"},{"floor":25,"key":"Strawberry"},{"floor":26,"key":"Art of War"},{"floor":27,"key":"Shuriken"},{"floor":30,"key":"Ice Cream"},{"floor":37,"key":"Prayer Wheel"},{"floor":40,"key":"Ginger"},{"floor":43,"key":"War Paint"},{"floor":45,"key":"Blue Candle"},{"floor":47,"key":"The Courier"}],"event_choices":[{"damage_healed":0,"gold_gain":0,"player_choice":"Grow","damage_taken":0,"max_hp_gain":0,"max_hp_loss":0,"event_name":"Living Wall","floor":3,"gold_loss":0,"cards_upgraded":["Zap"]},{"damage_healed":0,"gold_gain":100,"player_choice":"Pray","damage_taken":0,"max_hp_gain":0,"max_hp_loss":0,"event_name":"Golden Shrine","floor":5,"gold_loss":0},{"damage_healed":0,"gold_gain":30,"player_choice":"Searched \u00272\u0027 times","damage_taken":0,"relics_obtained":["Dodecahedron"],"max_hp_gain":0,"max_hp_loss":0,"event_name":"Dead Adventurer","floor":11,"gold_loss":0},{"damage_healed":0,"gold_gain":0,"player_choice":"Ignored","damage_taken":0,"max_hp_gain":0,"max_hp_loss":0,"event_name":"Liars Game","floor":12,"gold_loss":0},{"damage_healed":0,"gold_gain":0,"player_choice":"Ignored","damage_taken":0,"max_hp_gain":0,"max_hp_loss":0,"event_name":"Vampires","floor":19,"gold_loss":0},{"cards_removed":["Strike_B"],"damage_healed":0,"gold_gain":0,"player_choice":"Gave Gold","damage_taken":0,"max_hp_gain":0,"max_hp_loss":0,"event_name":"Beggar","floor":22,"gold_loss":75},{"damage_healed":0,"gold_gain":100,"player_choice":"Pray","damage_taken":0,"max_hp_gain":0,"max_hp_loss":0,"event_name":"Golden Shrine","floor":36,"gold_loss":0},{"damage_healed":0,"gold_gain":0,"player_choice":"Fight","damage_taken":0,"max_hp_gain":0,"max_hp_loss":0,"event_name":"Mysterious Sphere","floor":37,"gold_loss":0},{"damage_healed":0,"gold_gain":0,"cards_transformed":["Strike_B"],"player_choice":"Transformed","damage_taken":0,"max_hp_gain":0,"max_hp_loss":0,"event_name":"Transmorgrifier","floor":41,"gold_loss":0,"cards_obtained":["Turbo"]}],"is_beta":false,"boss_relics":[{"not_picked":["Fusion Hammer","Snecko Eye"],"picked":"White Beast Statue"},{"not_picked":["Tiny House","Astrolabe"],"picked":"Nuclear Battery"}],"items_purged_floors":[29,38,42],"is_endless":false,"potions_floor_spawned":[1,2,10,16,18,20,21,23,25,27,30,31,33,35,37,39,40,45,47,48],"ascension_level":0}