{"gold_per_floor":[115,131,151,82,100,128,142,57,57,57,57,67,67,67,67,164,164,180,206,206],"floor_reached":20,"playtime":2158,"items_purged":[],"score":174,"play_id":"2bcb6411-98f7-4ba3-b95c-6b54e622e454","local_time":"20181129170112","is_ascension_mode":false,"campfire_choices":[{"data":"Noxious Fumes","floor":11,"key":"SMITH"},{"data":"Neutralize","floor":15,"key":"SMITH"}],"neow_cost":"NONE","seed_source_timestamp":1322245196981749,"circlet_count":0,"master_deck":["Defend_G","Defend_G","Defend_G","Defend_G","Defend_G","Strike_G","Strike_G","Strike_G","Strike_G","Strike_G","Survivor","Neutralize+1","Flying Knee","After Image","Noxious Fumes+1","Well Laid Plans","Blur","Slice","Leg Sweep","Dash+1","Poisoned Stab+1","Noxious Fumes+1","Flying Knee+1","Deadly Poison","Burst","Blur","Deflect"],"relics":["Orrery","Molten Egg 2","Bird Faced Urn","Letter Opener","Red Mask"],"potions_floor_usage":[],"damage_taken":[{"damage":6,"enemies":"Small Slimes","floor":1,"turns":3},{"damage":1,"enemies":"Cultist","floor":2,"turns":5},{"damage":0,"enemies":"Jaw Worm","floor":3,"turns":6},{"damage":0,"enemies":"Exordium Wildlife","floor":5,"turns":4},{"damage":10,"enemies":"Gremlin Nob","floor":6,"turns":6},{"damage":1,"enemies":"3 Louse","floor":7,"turns":5},{"damage":5,"enemies":"Blue Slaver","floor":12,"turns":3},{"damage":19,"enemies":"Slime Boss","floor":16,"turns":10},{"damage":7,"enemies":"3 Byrds","floor":18,"turns":4},{"damage":56,"enemies":"Masked Bandits","floor":19,"turns":6},{"damage":18,"enemies":"Spheric Guardian","floor":20,"turns":3}],"seed_played":"8928043609878153049","potions_obtained":[{"floor":5,"key":"Block Potion"},{"floor":6,"key":"SteroidPotion"},{"floor":7,"key":"Swift Potion"}],"is_trial":false,"path_per_floor":["M","M","M","?","M","E","M","$","T","?","R","M","?","?","R","B",null,"M","?","M"],"character_chosen":"THE_SILENT","items_purchased":["Noxious Fumes","Flying Knee+1"],"campfire_rested":0,"item_purchase_floors":[8,8],"current_hp_per_floor":[64,63,63,63,63,53,58,58,58,58,58,57,57,57,57,46,70,63,13,0],"gold":206,"neow_bonus":"BOSS_RELIC","is_prod":false,"is_daily":false,"chose_seed":false,"campfire_upgraded":2,"win_rate":0.0,"timestamp":1543539672,"path_taken":["M","M","M","?","?","E","M","$","T","?","R","?","?","?","R","BOSS","M","?","M"],"build_version":"2018-11-15","purchased_purges":0,"victory":false,"max_hp_per_floor":[70,70,70,70,70,70,70,70,70,70,70,70,70,70,70,70,70,70,70,70],"card_choices":[{"not_picked":["Dagger Throw","PiercingWail"],"picked":"Flying Knee","floor":0},{"not_picked":["Dodge and Roll","Bouncing Flask"],"picked":"After Image","floor":0},{"not_picked":["Flying Knee","Catalyst"],"picked":"Noxious Fumes","floor":0},{"not_picked":["Blade Dance","Backflip"],"picked":"Well Laid Plans","floor":1},{"not_picked":["Acrobatics","Bane"],"picked":"Blur","floor":2},{"not_picked":["Underhanded Strike","Bane"],"picked":"Slice","floor":3},{"not_picked":["Prepared","Distraction"],"picked":"Leg Sweep","floor":5},{"not_picked":["Outmaneuver","Bane+1"],"picked":"Dash+1","floor":6},{"not_picked":["Prepared","Masterful Stab+1"],"picked":"Poisoned Stab+1","floor":7},{"not_picked":["After Image","Cloak And Dagger"],"picked":"Deadly Poison","floor":12},{"not_picked":["Bullet Time","After Image"],"picked":"Burst","floor":16},{"not_picked":["Poisoned Stab+1","Outmaneuver"],"picked":"Blur","floor":18},{"not_picked":["All Out Attack+1","Crippling Poison+1"],"picked":"Deflect","floor":19}],"player_experience":50424,"relics_obtained":[{"floor":6,"key":"Bird Faced Urn"},{"floor":9,"key":"Letter Opener"},{"floor":19,"key":"Red Mask"}],"event_choices":[{"damage_healed":0,"gold_gain":0,"player_choice":"Paid Gold","damage_taken":0,"relics_obtained":["Molten Egg 2"],"max_hp_gain":0,"max_hp_loss":0,"event_name":"WeMeetAgain","floor":4,"gold_loss":69},{"damage_healed":0,"gold_gain":0,"player_choice":"Forge","damage_taken":0,"max_hp_gain":0,"max_hp_loss":0,"event_name":"Accursed Blacksmith","floor":10,"gold_loss":0,"cards_upgraded":["Noxious Fumes"]},{"damage_healed":0,"gold_gain":0,"player_choice":"Ignored","damage_taken":0,"max_hp_gain":0,"max_hp_loss":0,"event_name":"Liars Game","floor":13,"gold_loss":0},{"damage_healed":0,"gold_gain":0,"player_choice":"Ignored","damage_taken":0,"max_hp_gain":0,"max_hp_loss":0,"event_name":"NoteForYourself","floor":14,"gold_loss":0},{"damage_healed":0,"gold_gain":0,"player_choice":"Fought Bandits","damage_taken":0,"max_hp_gain":0,"max_hp_loss":0,"event_name":"Masked Bandits","floor":19,"gold_loss":0}],"is_beta":false,"boss_relics":[{"not_picked":["Calling Bell","Coffee Dripper","Ectoplasm"]}],"items_purged_floors":[],"is_endless":false,"potions_floor_spawned":[5,6,7,16],"killed_by":"Spheric Guardian","ascension_level":0}