{"gold_per_floor":[109,121,121,136,150,150,160,160,160,174,174,92,103,11,11,108,108,108,108,108,108,37,37,37,37,37,37,37],"floor_reached":28,"playtime":1775,"items_purged":[],"score":210,"play_id":"3407cd4f-22f5-4fb0-a19d-0cdb1c2b8646","local_time":"20190615020523","is_ascension_mode":false,"campfire_choices":[{"data":"Shrug It Off","floor":6,"key":"SMITH"},{"data":"1","floor":11,"key":"LIFT"},{"data":"Headbutt","floor":15,"key":"SMITH"},{"floor":23,"key":"REST"},{"floor":27,"key":"REST"}],"neow_cost":"NONE","seed_source_timestamp":45814835452500,"circlet_count":0,"master_deck":["Strike_R","Strike_R","Strike_R","Strike_R","Strike_R","Defend_R","Defend_R","Defend_R","Defend_R","Bash","Headbutt+1","Pommel Strike","Shrug It Off+1","Battle Trance","Seeing Red","Sever Soul","Sword Boomerang","Dropkick","Flex","Blood for Blood","Searing Blow","Juggernaut","Seeing Red","Metallicize","Armaments","J.A.X.","Inflame"],"relics":["Burning Blood","Girya","Gremlin Horn","Ectoplasm","Ginger"],"potions_floor_usage":[2,13,16,16,16,25,28],"damage_taken":[{"damage":6,"enemies":"Cultist","floor":1,"turns":3},{"damage":6,"enemies":"Jaw Worm","floor":2,"turns":4},{"damage":7,"enemies":"2 Louse","floor":4,"turns":3},{"damage":5,"enemies":"Large Slime","floor":5,"turns":8},{"damage":3,"enemies":"3 Louse","floor":7,"turns":4},{"damage":8,"enemies":"Exordium Wildlife","floor":10,"turns":5},{"damage":2,"enemies":"Lots of Slimes","floor":13,"turns":2},{"damage":17,"enemies":"Slime Boss","floor":16,"turns":7},{"damage":0,"enemies":"Chosen","floor":18,"turns":3},{"damage":18,"enemies":"Shell Parasite","floor":21,"turns":5},{"damage":41,"enemies":"3 Cultists","floor":25,"turns":6},{"damage":62,"enemies":"Cultist and Chosen","floor":28,"turns":6}],"seed_played":"-8408020654985357544","potions_obtained":[{"floor":1,"key":"PowerPotion"},{"floor":2,"key":"Strength Potion"},{"floor":7,"key":"PowerPotion"},{"floor":10,"key":"PowerPotion"},{"floor":18,"key":"Ancient Potion"}],"is_trial":false,"path_per_floor":["M","M","?","M","M","R","M","T","T","M","R","$","M","$","R","B",null,"M","?","?","M","$","R","?","M","T","R","M"],"character_chosen":"IRONCLAD","items_purchased":["Dropkick","Flex","Searing Blow","AttackPotion","Armaments","Block Potion"],"campfire_rested":2,"item_purchase_floors":[12,12,14,14,22,22],"current_hp_per_floor":[80,80,80,79,80,80,80,80,80,78,78,78,80,80,80,69,80,80,64,49,37,37,62,62,27,27,52,0],"gold":37,"neow_bonus":"THREE_CARDS","is_prod":false,"is_daily":false,"chose_seed":false,"campfire_upgraded":2,"win_rate":0.0,"timestamp":1560560723,"path_taken":["M","?","?","M","M","R","M","?","T","M","R","?","?","$","R","BOSS","M","?","?","M","$","R","?","M","T","R","M"],"build_version":"2019-01-23","purchased_purges":0,"victory":false,"max_hp_per_floor":[80,80,80,80,80,80,80,80,80,80,80,80,80,80,80,80,80,80,80,85,85,85,85,85,85,85,85,85],"card_choices":[{"not_picked":["Sword Boomerang","True Grit"],"picked":"Headbutt","floor":0},{"not_picked":["Disarm","Bloodletting"],"picked":"Pommel Strike","floor":1},{"not_picked":["Seeing Red","Reckless Charge"],"picked":"Shrug It Off","floor":2},{"not_picked":["Body Slam","Rupture"],"picked":"Battle Trance","floor":4},{"not_picked":["Armaments","True Grit"],"picked":"Seeing Red","floor":5},{"not_picked":["Armaments","Burning Pact"],"picked":"Sever Soul","floor":7},{"not_picked":["Power Through","Battle Trance"],"picked":"Sword Boomerang","floor":10},{"not_picked":["Body Slam","Pommel Strike"],"picked":"Blood for Blood","floor":13},{"not_picked":["Offering","Brutality"],"picked":"Juggernaut","floor":16},{"not_picked":["Iron Wave","Hemokinesis"],"picked":"Seeing Red","floor":18},{"not_picked":["Iron Wave","True Grit"],"picked":"Metallicize","floor":21},{"not_picked":["Headbutt","Hemokinesis"],"picked":"Inflame","floor":25}],"player_experience":23467,"relics_obtained":[{"floor":8,"key":"Girya"},{"floor":9,"key":"Gremlin Horn"},{"floor":26,"key":"Ginger"}],"event_choices":[{"damage_healed":0,"gold_gain":0,"player_choice":"Leave","damage_taken":0,"max_hp_gain":0,"max_hp_loss":0,"event_name":"The Cleric","floor":3,"gold_loss":0},{"damage_healed":0,"gold_gain":0,"player_choice":"Obtained Book","damage_taken":16,"max_hp_gain":0,"max_hp_loss":0,"event_name":"Cursed Tome","floor":19,"gold_loss":0},{"damage_healed":0,"gold_gain":0,"player_choice":"Shed Blood","damage_taken":20,"max_hp_gain":5,"max_hp_loss":0,"event_name":"Forgotten Altar","floor":20,"gold_loss":0},{"damage_healed":0,"gold_gain":0,"player_choice":"Obtain J.A.X.","damage_taken":0,"max_hp_gain":0,"max_hp_loss":0,"event_name":"Drug Dealer","floor":24,"gold_loss":0,"cards_obtained":["J.A.X."]}],"is_beta":false,"boss_relics":[{"not_picked":["Empty Cage","Eternal Feather"],"picked":"Ectoplasm"}],"items_purged_floors":[],"is_endless":false,"potions_floor_spawned":[1,2,7,10,18],"killed_by":"Cultist and Chosen","ascension_level":0}