{"gold_per_floor":[119,44,58,58,69,94,94,104,104,32,32,48,63,63,63,63],"floor_reached":16,"playtime":592,"items_purged":["Strike_G"],"score":158,"play_id":"c75da21a-28a4-4b51-b119-89a5221f8994","local_time":"20190128191641","is_ascension_mode":true,"campfire_choices":[{"floor":7,"key":"REST"},{"data":"Footwork","floor":15,"key":"SMITH"}],"neow_cost":"NONE","seed_source_timestamp":1756883513099442,"circlet_count":0,"master_deck":["AscendersBane","Defend_G","Defend_G","Defend_G","Defend_G","Defend_G","Strike_G+1","Strike_G","Strike_G","Survivor","Neutralize+1","Dash+1","Catalyst","Flying Knee","Footwork+1","Cloak And Dagger","Footwork+1"],"relics":["Ring of the Snake","GremlinMask","Lantern","Whetstone"],"potions_floor_usage":[6],"damage_taken":[{"damage":0,"enemies":"Small Slimes","floor":1,"turns":4},{"damage":4,"enemies":"Cultist","floor":3,"turns":5},{"damage":4,"enemies":"Jaw Worm","floor":5,"turns":6},{"damage":22,"enemies":"Lagavulin","floor":6,"turns":10},{"damage":10,"enemies":"2 Fungi Beasts","floor":8,"turns":5},{"damage":1,"enemies":"Looter","floor":12,"turns":4},{"damage":0,"enemies":"Large Slime","floor":13,"turns":6},{"damage":58,"enemies":"Slime Boss","floor":16,"turns":13}],"seed_played":"-5244746203432052327","potions_obtained":[{"floor":1,"key":"Strength Potion"},{"floor":12,"key":"SneckoOil"}],"is_trial":false,"path_per_floor":["M","$","M","?","M","E","R","M","T","$","?","M","M","?","R","B"],"character_chosen":"THE_SILENT","items_purchased":["Footwork"],"campfire_rested":1,"item_purchase_floors":[10],"current_hp_per_floor":[63,63,59,59,55,33,54,44,44,44,67,66,66,52,52,0],"gold":63,"neow_bonus":"REMOVE_CARD","is_prod":false,"is_daily":false,"chose_seed":false,"campfire_upgraded":1,"win_rate":0,"timestamp":1548731801,"path_taken":["M","$","M","?","M","E","R","M","T","?","?","M","M","?","R","BOSS"],"build_version":"2019-01-23","purchased_purges":1,"victory":false,"max_hp_per_floor":[70,70,70,70,70,70,70,70,70,70,70,70,70,70,70,70],"card_choices":[{"not_picked":["Quick Slash","Flechettes"],"picked":"Dash","floor":1},{"not_picked":["Underhanded Strike","Flying Knee"],"picked":"Catalyst","floor":3},{"not_picked":["Setup","Outmaneuver"],"picked":"Flying Knee","floor":5},{"not_picked":["Bane","Flying Knee","Prepared"],"picked":"SKIP","floor":6},{"not_picked":["Expertise","Outmaneuver","All Out Attack"],"picked":"SKIP","floor":8},{"not_picked":["Flechettes","Poisoned Stab"],"picked":"Cloak And Dagger","floor":12},{"not_picked":["Backflip","Dagger Throw"],"picked":"Footwork","floor":13}],"player_experience":434049,"relics_obtained":[{"floor":6,"key":"Lantern"},{"floor":9,"key":"Whetstone"}],"event_choices":[{"damage_healed":0,"gold_gain":0,"player_choice":"Trade","damage_taken":0,"relics_obtained":["GremlinMask"],"max_hp_gain":0,"max_hp_loss":0,"event_name":"FaceTrader","floor":4,"gold_loss":0},{"damage_healed":23,"gold_gain":0,"player_choice":"Banana","damage_taken":0,"max_hp_gain":0,"max_hp_loss":0,"event_name":"Big Fish","floor":11,"gold_loss":0},{"damage_healed":0,"gold_gain":0,"player_choice":"Entered Light","damage_taken":14,"max_hp_gain":0,"max_hp_loss":0,"event_name":"Shining Light","floor":14,"gold_loss":0,"cards_upgraded":["Strike_G","Footwork"]}],"is_beta":false,"boss_relics":[],"items_purged_floors":[2],"is_endless":false,"potions_floor_spawned":[1,12],"killed_by":"Slime Boss","ascension_level":11}