{"gold_per_floor":[19,19,35,47,67,102,102,116,116,163,183,183,196,225,225,225],"floor_reached":16,"playtime":1312,"items_purged":[],"score":211,"play_id":"54a9cf66-2fe2-4777-8ab1-04104a6417c2","local_time":"20190516101118","is_ascension_mode":true,"campfire_choices":[{"floor":7,"key":"REST"},{"floor":12,"key":"REST"},{"floor":15,"key":"REST"}],"neow_cost":"NO_GOLD","seed_source_timestamp":7510290026202,"circlet_count":0,"master_deck":["AscendersBane","Defend_G","Defend_G","Defend_G","Defend_G","Defend_G","Strike_G","Strike_G","Strike_G","Strike_G","Strike_G","Survivor","Neutralize","Poisoned Stab","Deflect","Caltrops","Acrobatics","Crippling Poison","Adrenaline"],"relics":["Ring of the Snake","Unceasing Top","Happy Flower","Ancient Tea Set","Smiling Mask","Centennial Puzzle"],"potions_floor_usage":[6,6,14,16],"damage_taken":[{"damage":1,"enemies":"Jaw Worm","floor":1,"turns":7},{"damage":0,"enemies":"Cultist","floor":3,"turns":3},{"damage":2,"enemies":"2 Louse","floor":4,"turns":3},{"damage":17,"enemies":"Gremlin Gang","floor":5,"turns":7},{"damage":36,"enemies":"Gremlin Nob","floor":6,"turns":5},{"damage":15,"enemies":"Red Slaver","floor":8,"turns":6},{"damage":2,"enemies":"Looter","floor":11,"turns":4},{"damage":6,"enemies":"Exordium Thugs","floor":13,"turns":5},{"damage":12,"enemies":"Lagavulin","floor":14,"turns":8},{"damage":36,"enemies":"Slime Boss","floor":16,"turns":6}],"seed_played":"8597908481599291410","potions_obtained":[{"floor":4,"key":"PowerPotion"},{"floor":5,"key":"SkillPotion"},{"floor":11,"key":"EssenceOfSteel"},{"floor":14,"key":"SteroidPotion"}],"is_trial":false,"path_per_floor":["M","?","M","M","M","E","R","M","T","T","M","R","M","E","R","B"],"character_chosen":"THE_SILENT","items_purchased":[],"campfire_rested":3,"item_purchase_floors":[],"current_hp_per_floor":[58,58,58,56,39,3,22,7,7,7,5,24,18,6,25,0],"gold":225,"neow_bonus":"ONE_RARE_RELIC","is_prod":false,"is_daily":false,"chose_seed":false,"campfire_upgraded":0,"win_rate":0,"timestamp":1557994278,"path_taken":["M","?","M","M","M","E","R","M","T","?","M","R","?","E","R","BOSS"],"build_version":"2019-01-23","purchased_purges":0,"victory":false,"max_hp_per_floor":[66,66,66,66,66,66,66,66,66,66,66,66,66,66,66,66],"card_choices":[{"not_picked":["Dagger Throw","Well Laid Plans"],"picked":"Poisoned Stab","floor":1},{"not_picked":["Skewer","Poisoned Stab","Quick Slash"],"picked":"SKIP","floor":3},{"not_picked":["Sucker Punch","Blade Dance","Heel Hook"],"picked":"SKIP","floor":4},{"not_picked":["Unload","Slice"],"picked":"Deflect","floor":5},{"not_picked":["Deflect","Slice"],"picked":"Caltrops","floor":6},{"not_picked":["Quick Slash","Prepared","Underhanded Strike"],"picked":"SKIP","floor":8},{"not_picked":["Blade Dance","Choke"],"picked":"Acrobatics","floor":11},{"not_picked":["Poisoned Stab","Expertise"],"picked":"Crippling Poison","floor":13},{"not_picked":["Skewer","Concentrate"],"picked":"Adrenaline","floor":14}],"player_experience":642016,"relics_obtained":[{"floor":6,"key":"Happy Flower"},{"floor":9,"key":"Ancient Tea Set"},{"floor":10,"key":"Smiling Mask"},{"floor":14,"key":"Centennial Puzzle"}],"event_choices":[{"damage_healed":0,"gold_gain":0,"player_choice":"Leave","damage_taken":0,"max_hp_gain":0,"max_hp_loss":0,"event_name":"The Cleric","floor":2,"gold_loss":0}],"is_beta":false,"boss_relics":[],"items_purged_floors":[],"is_endless":false,"potions_floor_spawned":[4,5,11,14],"killed_by":"Slime Boss","ascension_level":17}