{"gold_per_floor":[365,74,74,87,87,87,97,130,130,464,475,493,493,493,493,597,597,614,148,148,148,166,192,192,217,242,262,262,279,279,296,296,401,401,419,73,73,73,88,88,123,123,148,158,158,83,103,122,122,122],"floor_reached":51,"playtime":5459,"items_purged":["Strike_G","Strike_G","Writhe","Strike_G"],"score":820,"play_id":"71cbe1d5-6ed1-4b8b-9ed6-b2a043a15b77","local_time":"20181218234356","is_ascension_mode":true,"campfire_choices":[{"data":"Neutralize","floor":6,"key":"SMITH"},{"floor":13,"key":"REST"},{"data":"Footwork","floor":15,"key":"SMITH"},{"data":"Noxious Fumes","floor":24,"key":"SMITH"},{"data":"Leg Sweep","floor":28,"key":"SMITH"},{"floor":30,"key":"REST"},{"data":"Setup","floor":32,"key":"SMITH"},{"data":"After Image","floor":40,"key":"SMITH"},{"data":"Acrobatics","floor":42,"key":"SMITH"},{"data":"Predator","floor":45,"key":"SMITH"},{"floor":49,"key":"RECALL"}],"neow_cost":"CURSE","seed_source_timestamp":485734750672876,"circlet_count":0,"master_deck":["Defend_G","Defend_G","Defend_G","Defend_G","Defend_G","Strike_G","Strike_G","Survivor+1","Neutralize+1","Heel Hook","Footwork+1","Madness","Outmaneuver","Footwork+1","Predator+1","Blur","Backflip","After Image+1","Noxious Fumes+1","Crippling Poison+1","Adrenaline","Setup+1","Blur","Acrobatics+1","Leg Sweep+1","Escape Plan","Crippling Poison","Venomology","Footwork+1","Crippling Poison","Blind","Poisoned Stab+1","Deadly Poison+1","Parasite"],"relics":["Ring of the Snake","Pear","Gremlin Horn","Old Coin","Philosopher\u0027s Stone","Membership Card","Tiny Chest","Bronze Scales","Letter Opener","Nunchaku","Paper Crane","Sozu","Kunai","Thread and Needle","Molten Egg 2","War Paint","Pen Nib"],"potions_floor_usage":[8,10,10,16,23,25,25,29,50],"damage_taken":[{"damage":3,"enemies":"Small Slimes","floor":1,"turns":6},{"damage":3,"enemies":"Cultist","floor":4,"turns":6},{"damage":9,"enemies":"2 Louse","floor":7,"turns":4},{"damage":41,"enemies":"Gremlin Nob","floor":8,"turns":7},{"damage":8,"enemies":"Lagavulin","floor":10,"turns":9},{"damage":6,"enemies":"Red Slaver","floor":11,"turns":6},{"damage":1,"enemies":"Looter","floor":12,"turns":3},{"damage":2,"enemies":"The Guardian","floor":16,"turns":20},{"damage":22,"enemies":"Spheric Guardian","floor":18,"turns":9},{"damage":9,"enemies":"3 Byrds","floor":22,"turns":2},{"damage":10,"enemies":"Gremlin Leader","floor":23,"turns":8},{"damage":38,"enemies":"Slavers","floor":25,"turns":5},{"damage":0,"enemies":"Snecko","floor":27,"turns":6},{"damage":0,"enemies":"3 Cultists","floor":29,"turns":5},{"damage":3,"enemies":"Sentry and Sphere","floor":31,"turns":6},{"damage":16,"enemies":"Champ","floor":33,"turns":20},{"damage":1,"enemies":"Orb Walker","floor":35,"turns":6},{"damage":0,"enemies":"3 Darklings","floor":39,"turns":5},{"damage":0,"enemies":"Nemesis","floor":41,"turns":11},{"damage":11,"enemies":"Spire Growth","floor":44,"turns":6},{"damage":0,"enemies":"Maw","floor":47,"turns":8},{"damage":0,"enemies":"Writhing Mass","floor":48,"turns":7},{"damage":9,"enemies":"Awakened One","floor":50,"turns":17}],"seed_played":"-5849116392048604535","potions_obtained":[{"floor":1,"key":"Strength Potion"},{"floor":4,"key":"Energy Potion"},{"floor":7,"key":"Regen Potion"},{"floor":14,"key":"Poison Potion"},{"floor":14,"key":"Explosive Potion"},{"floor":14,"key":"FearPotion"},{"floor":16,"key":"Weak Potion"},{"floor":29,"key":"Fruit Juice"},{"floor":31,"key":"SkillPotion"},{"floor":33,"key":"Swift Potion"}],"is_trial":false,"path_per_floor":["M","$","?","M","?","R","M","E","T","E","M","M","R","?","R","B",null,"M","$","T","?","M","E","R","E","T","M","R","M","R","M","R","B",null,"M","$","?","T","M","R","E","R","T","M","R","$","M","M","R","B",null],"character_chosen":"THE_SILENT","items_purchased":["Footwork","Madness","Outmaneuver","Noxious Fumes","Membership Card","Regen Potion","Crippling Poison","Tiny Chest","Bronze Scales","Kunai","Crippling Poison","Thread and Needle"],"campfire_rested":2,"item_purchase_floors":[2,2,2,19,19,19,19,19,19,36,36,36],"current_hp_per_floor":[67,67,67,64,64,64,55,39,39,31,25,24,48,48,48,46,80,58,58,58,58,49,54,54,16,16,16,16,21,46,43,43,27,85,84,84,84,84,84,84,84,84,84,73,73,73,73,73,73,64],"gold":122,"neow_bonus":"TWO_FIFTY_GOLD","is_prod":false,"is_daily":false,"chose_seed":false,"campfire_upgraded":8,"win_rate":0,"timestamp":1545205436,"path_taken":["M","$","?","?","?","R","?","E","T","E","M","M","R","?","R","BOSS","M","$","?","?","M","E","R","E","T","?","R","M","R","M","R","BOSS","M","$","?","?","M","R","E","R","T","M","R","$","M","M","R","BOSS"],"build_version":"2018-12-13","purchased_purges":4,"victory":true,"max_hp_per_floor":[70,70,70,70,70,70,70,80,80,80,80,80,80,80,80,80,80,80,80,80,80,80,80,80,80,80,80,80,85,85,85,85,85,85,85,85,85,85,85,85,85,85,85,85,85,85,85,85,85,85],"card_choices":[{"not_picked":["Skewer","Prepared"],"picked":"Heel Hook","floor":1},{"not_picked":["Bane","Deadly Poison","Finisher"],"picked":"SKIP","floor":4},{"not_picked":["Poisoned Stab","PiercingWail"],"picked":"Footwork","floor":7},{"not_picked":["Underhanded Strike","Blade Dance"],"picked":"Predator","floor":8},{"not_picked":["Flying Knee","Quick Slash"],"picked":"Blur","floor":10},{"not_picked":["Envenom","Distraction"],"picked":"Backflip","floor":11},{"not_picked":["Bane","Dagger Spray","Eviscerate"],"picked":"SKIP","floor":12},{"not_picked":["Phantasmal Killer","Glass Knife"],"picked":"After Image","floor":16},{"not_picked":["Eviscerate","Slice+1","Heel Hook"],"picked":"SKIP","floor":18},{"not_picked":["Cloak And Dagger","Dodge and Roll"],"picked":"Setup","floor":22},{"not_picked":["Dash","Dagger Spray+1"],"picked":"Blur","floor":23},{"not_picked":["Tactician","Backflip"],"picked":"Acrobatics","floor":25},{"not_picked":["Riddle With Holes","Flying Knee+1"],"picked":"Leg Sweep","floor":27},{"not_picked":["Die Die Die","Eviscerate"],"picked":"Escape Plan","floor":29},{"not_picked":["Sucker Punch+1","Deflect"],"picked":"Crippling Poison","floor":31},{"not_picked":["Phantasmal Killer","Storm of Steel"],"picked":"Venomology","floor":33},{"not_picked":["Cloak And Dagger+1","Bane"],"picked":"Footwork+1","floor":35},{"not_picked":["Magnetism","PanicButton"],"picked":"Blind","floor":37},{"not_picked":["Caltrops","Crippling Poison"],"picked":"Poisoned Stab+1","floor":39},{"not_picked":["Bane+1","Underhanded Strike+1"],"picked":"Deadly Poison+1","floor":41},{"not_picked":["Prepared+1","PiercingWail","Deadly Poison"],"picked":"SKIP","floor":44},{"not_picked":["Underhanded Strike+1","Dagger Throw+1","Outmaneuver+1"],"picked":"SKIP","floor":47},{"not_picked":["Tools of the Trade","Dagger Throw+1","Blade Dance"],"picked":"SKIP","floor":48}],"player_experience":130149,"relics_obtained":[{"floor":8,"key":"Pear"},{"floor":9,"key":"Gremlin Horn"},{"floor":10,"key":"Old Coin"},{"floor":20,"key":"Letter Opener"},{"floor":23,"key":"Nunchaku"},{"floor":25,"key":"Paper Crane"},{"floor":38,"key":"Molten Egg 2"},{"floor":41,"key":"War Paint"},{"floor":43,"key":"Pen Nib"}],"event_choices":[{"damage_healed":0,"gold_gain":0,"player_choice":"Forge","damage_taken":0,"max_hp_gain":0,"max_hp_loss":0,"event_name":"Accursed Blacksmith","floor":3,"gold_loss":0,"cards_upgraded":["Footwork"]},{"damage_healed":0,"gold_gain":0,"player_choice":"Bought 0 Potions","damage_taken":0,"max_hp_gain":0,"max_hp_loss":0,"event_name":"The Woman in Blue","floor":5,"gold_loss":0},{"damage_healed":0,"gold_gain":0,"player_choice":"Got Potions","damage_taken":0,"max_hp_gain":0,"max_hp_loss":0,"event_name":"Lab","floor":14,"gold_loss":0},{"damage_healed":0,"gold_gain":0,"player_choice":"1 cards matched","damage_taken":0,"max_hp_gain":0,"max_hp_loss":0,"event_name":"Match and Keep!","floor":21,"gold_loss":0,"cards_obtained":["Adrenaline"]},{"damage_healed":0,"gold_gain":0,"player_choice":"Memory 1","damage_taken":0,"max_hp_gain":0,"max_hp_loss":0,"event_name":"SensoryStone","floor":37,"gold_loss":0}],"is_beta":false,"boss_relics":[{"not_picked":["Eternal Feather","Astrolabe"],"picked":"Philosopher\u0027s Stone"},{"not_picked":["Orrery","Lizard Tail"],"picked":"Sozu"}],"items_purged_floors":[2,19,36,46],"is_endless":false,"potions_floor_spawned":[1,4,7,16,18,29,31,33,41,47,48],"ascension_level":2}