{"gold_per_floor":[117,133,133,91,116,128,171,183,195,7,26,26,60,73,73,204,204,224,224,242,265,26,26,26,44,90,105,141,141,141,240,240,370,370,391,316,341,360,151,151,151,151,177,210,210,210,253,253,253,253],"floor_reached":51,"playtime":4276,"items_purged":["Strike_B","Strike_B"],"score":1282,"play_id":"4e2341a9-2dc5-49f3-8965-ca7525440442","local_time":"20190516145347","is_ascension_mode":true,"campfire_choices":[{"data":"Zap","floor":6.0,"key":"SMITH"},{"floor":12,"key":"REST"},{"floor":15,"key":"REST"},{"data":"Rainbow","floor":23,"key":"SMITH"},{"floor":29,"key":"REST"},{"floor":32,"key":"REST"},{"data":"Consume","floor":40,"key":"SMITH"},{"data":"Coolheaded","floor":42,"key":"SMITH"},{"data":"Capacitor","floor":49,"key":"SMITH"}],"neow_cost":"NONE","seed_source_timestamp":67408708685275,"circlet_count":0,"master_deck":["AscendersBane","Defend_B","Defend_B+1","Defend_B+1","Zap+1","Dualcast","Echo Form+1","Beam Cell+1","BootSequence+1","Electrodynamics","Streamline","Capacitor+1","Conserve Battery","Rainbow+1","Coolheaded+1","Force Field","Amplify","Compile Driver","Consume+1","Capacitor+1","Glacier"],"special_seed":0,"relics":["Astrolabe","MawBank","Cables","Golden Idol","Art of War","Velvet Choker","Mummified Hand","Anchor","Symbiotic Virus","White Beast Statue","Happy Flower","Potion Belt","Strawberry"],"potions_floor_usage":[27,28,30,37,45],"damage_taken":[{"damage":0.0,"enemies":"Jaw Worm","floor":1.0,"turns":3.0},{"damage":2.0,"enemies":"2 Louse","floor":2.0,"turns":3.0},{"damage":0.0,"enemies":"Lagavulin","floor":7.0,"turns":7.0},{"damage":0,"enemies":"Cultist","floor":11,"turns":3},{"damage":20,"enemies":"3 Sentries","floor":13,"turns":4},{"damage":5,"enemies":"Blue Slaver","floor":14,"turns":3},{"damage":46,"enemies":"The Guardian","floor":16,"turns":9},{"damage":2,"enemies":"2 Thieves","floor":18,"turns":3},{"damage":0,"enemies":"Chosen","floor":20,"turns":4},{"damage":14,"enemies":"Centurion and Healer","floor":21,"turns":6},{"damage":1,"enemies":"Snecko","floor":25,"turns":4},{"damage":10,"enemies":"Snake Plant","floor":27,"turns":4},{"damage":18,"enemies":"Book of Stabbing","floor":28,"turns":6},{"damage":29,"enemies":"Gremlin Leader","floor":30,"turns":4},{"damage":24,"enemies":"Automaton","floor":33,"turns":12},{"damage":0,"enemies":"3 Shapes","floor":35,"turns":2},{"damage":3,"enemies":"Orb Walker","floor":37,"turns":3},{"damage":0,"enemies":"4 Shapes","floor":38,"turns":5},{"damage":0,"enemies":"Giant Head","floor":44,"turns":12},{"damage":0,"enemies":"3 Darklings","floor":45,"turns":2},{"damage":0,"enemies":"Nemesis","floor":47,"turns":11},{"damage":23,"enemies":"Donu and Deca","floor":50,"turns":8}],"seed_played":"4788834253752988594","potions_obtained":[{"floor":1.0,"key":"Fire Potion"},{"floor":7.0,"key":"FearPotion"},{"floor":18,"key":"Weak Potion"},{"floor":27,"key":"SmokeBomb"},{"floor":35,"key":"AttackPotion"},{"floor":37,"key":"SmokeBomb"},{"floor":38,"key":"Fire Potion"},{"floor":44,"key":"Block Potion"},{"floor":47,"key":"Poison Potion"}],"is_trial":false,"path_per_floor":["M","M","?","?","T","R","E","?","T","$","M","R","E","M","R","B",null,"M","$","M","M","$","R","?","M","T","M","E","R","E","?","R","B",null,"M","$","M","M","$","R","?","R","T","E","M","?","E","?","R","B",null],"character_chosen":"DEFECT","items_purchased":["Electrodynamics","Streamline","Mummified Hand","Capacitor","Glacier"],"campfire_rested":4,"item_purchase_floors":[10,10,22,39,39],"current_hp_per_floor":[68,66,51,51,51,51,51,33,33,33,33,55,35,30,52,6,58,56,56,56,42,42,42,42,41,41,31,13,35,6,6,28,4,57,57,57,54,54,54,54,54,54,54,54,54,62,69,69,69,46],"gold":253,"neow_bonus":"BOSS_RELIC","is_prod":false,"is_daily":false,"chose_seed":false,"campfire_upgraded":5,"win_rate":0,"timestamp":1558011227,"path_taken":["M","M","?","?","?","R","E","?","T","?","M","R","E","M","R","BOSS","M","?","M","M","$","R","?","M","T","M","E","R","E","?","R","BOSS","M","$","M","M","$","R","?","R","T","E","M","?","E","?","R","BOSS"],"build_version":"2019-01-23","purchased_purges":2,"victory":true,"max_hp_per_floor":[75,75,75,75,75,75,75,75,75,75,75,75,75,75,75,75,75,75,75,75,75,75,75,75,75,75,75,75,75,75,75,75,75,75,75,75,75,75,75,75,71,71,71,71,71,62,69,69,69,69],"card_choices":[{"not_picked":["Fusion","Stack","Recycle"],"picked":"SKIP","floor":1.0},{"not_picked":["Lockon","Stack","Loop"],"picked":"SKIP","floor":2.0},{"not_picked":["Consume","Auto Shields","Barrage"],"picked":"SKIP","floor":7.0},{"not_picked":["Force Field","Stack","Redo"],"picked":"SKIP","floor":11},{"not_picked":["Melter","Force Field"],"picked":"Capacitor","floor":13},{"not_picked":["Coolheaded","Turbo"],"picked":"Conserve Battery","floor":14},{"not_picked":["Multi-Cast","Machine Learning"],"picked":"Rainbow","floor":16},{"not_picked":["Redo","Turbo","Steam"],"picked":"SKIP","floor":18},{"not_picked":["Darkness","Stack"],"picked":"Coolheaded","floor":20},{"not_picked":["Hologram","Aggregate+1","Rebound"],"picked":"SKIP","floor":21},{"not_picked":["Lockon","Coolheaded"],"picked":"Force Field","floor":25},{"not_picked":["FTL","Darkness"],"picked":"Amplify","floor":27},{"not_picked":["Conserve Battery","Rebound","Beam Cell"],"picked":"SKIP","floor":28},{"not_picked":["Sweeping Beam","Darkness","Beam Cell"],"picked":"SKIP","floor":35},{"not_picked":["Leap+1","Streamline+1"],"picked":"Compile Driver","floor":37},{"not_picked":["Hologram","Beam Cell+1"],"picked":"Consume","floor":38},{"not_picked":["Darkness","Tempest","Chill"],"picked":"SKIP","floor":44},{"not_picked":["Rip and Tear","Hologram+1","FTL"],"picked":"SKIP","floor":47}],"player_experience":655015,"relics_obtained":[{"floor":5.0,"key":"MawBank"},{"floor":7.0,"key":"Cables"},{"floor":13,"key":"Art of War"},{"floor":26,"key":"Anchor"},{"floor":28,"key":"Symbiotic Virus"},{"floor":43,"key":"Happy Flower"},{"floor":44,"key":"Potion Belt"},{"floor":47,"key":"Strawberry"}],"event_choices":[{"damage_healed":0.0,"max_hp_gain":0.0,"max_hp_loss":0.0,"gold_gain":0.0,"event_name":"Shining Light","player_choice":"Entered Light","floor":3.0,"gold_loss":0.0,"damage_taken":15.0,"cards_upgraded":["Defend_B","Defend_B"]},{"damage_healed":0.0,"max_hp_gain":0.0,"max_hp_loss":0.0,"gold_gain":0.0,"event_name":"World of Goop","player_choice":"Left Gold","floor":4.0,"gold_loss":42.0,"damage_taken":0.0},{"damage_healed":0.0,"max_hp_gain":0.0,"max_hp_loss":0.0,"gold_gain":0.0,"event_name":"Golden Idol","player_choice":"Take Damage","floor":8.0,"gold_loss":0.0,"damage_taken":18.0,"relics_obtained":["Golden Idol"]},{"damage_healed":0,"gold_gain":0,"player_choice":"Ignored","damage_taken":0,"max_hp_gain":0,"max_hp_loss":0,"event_name":"Vampires","floor":24,"gold_loss":0},{"damage_healed":0,"gold_gain":99,"player_choice":"Stole From Cult","damage_taken":0,"max_hp_gain":0,"max_hp_loss":0,"event_name":"Nest","floor":31,"gold_loss":0},{"damage_healed":0,"gold_gain":0,"player_choice":"Max HP","damage_taken":0,"max_hp_gain":0,"max_hp_loss":4,"event_name":"Winding Halls","floor":41,"gold_loss":0},{"damage_healed":62,"gold_gain":0,"player_choice":"Heal","damage_taken":0,"max_hp_gain":0,"max_hp_loss":9,"event_name":"The Moai Head","floor":46,"gold_loss":0},{"damage_healed":0,"gold_gain":0,"player_choice":"Forge","damage_taken":0,"max_hp_gain":0,"max_hp_loss":0,"event_name":"Accursed Blacksmith","floor":48,"gold_loss":0,"cards_upgraded":["Capacitor"]}],"is_beta":false,"boss_relics":[{"not_picked":["Nuclear Battery","Eternal Feather"],"picked":"Velvet Choker"},{"not_picked":["Runic Dome","Philosopher\u0027s Stone"],"picked":"White Beast Statue"}],"items_purged_floors":[36,39],"is_endless":false,"potions_floor_spawned":[1,7,14,18,20,25,27,30,35,37,38,44,45,47],"ascension_level":12}