{"gold_per_floor":[112,0,11,27,41,41,117,117,141,158,177,189,222,238,238,311,311,322,342,342,342,257,257,269,269,292,156,156,184,199,199,199,277,277,295,295,311,711,729,729,729,729,752,752,511,524,536,536],"floor_reached":48,"playtime":2412,"items_purged":["Strike_G","Accuracy","Masterful Stab+1"],"score":815,"play_id":"d52490e3-60f3-4fcf-8cad-2fcffbaee900","local_time":"20190402003228","is_ascension_mode":true,"campfire_choices":[{"data":"Deadly Poison","floor":6,"key":"SMITH"},{"floor":8,"key":"REST"},{"floor":15,"key":"REST"},{"data":"Adrenaline","floor":23,"key":"SMITH"},{"data":"Bouncing Flask","floor":25,"key":"SMITH"},{"data":"Noxious Fumes","floor":28,"key":"SMITH"},{"floor":32,"key":"REST"},{"floor":40,"key":"REST"},{"data":"Catalyst","floor":42,"key":"SMITH"}],"neow_cost":"NONE","seed_source_timestamp":1701288052266217,"circlet_count":0,"master_deck":["AscendersBane","Survivor","Neutralize","Well Laid Plans","Backstab","Deadly Poison+1","Malaise","Deadly Poison","Backflip","Deadly Poison","Corpse Explosion","Bouncing Flask+1","Adrenaline+1","Deflect","Escape Plan","Leg Sweep","Noxious Fumes+1","Burst+1","Tools of the Trade+1","Writhe","Well Laid Plans+1","Catalyst+1","Backflip","Dark Shackles"],"relics":["Ring of the Snake","Ancient Tea Set","Vajra","Pandora\u0027s Box","Mercury Hourglass","Strawberry","Regal Pillow","Pantograph","Astrolabe","Old Coin","Omamori"],"potions_floor_usage":[13,16,29,29,33],"damage_taken":[{"damage":26,"enemies":"Cultist","floor":1,"turns":5},{"damage":0,"enemies":"2 Louse","floor":3,"turns":5},{"damage":0,"enemies":"Small Slimes","floor":4,"turns":4},{"damage":3,"enemies":"3 Louse","floor":5,"turns":6},{"damage":6,"enemies":"Looter","floor":10,"turns":3},{"damage":5,"enemies":"Blue Slaver","floor":11,"turns":4},{"damage":5,"enemies":"2 Fungi Beasts","floor":12,"turns":4},{"damage":28,"enemies":"Lagavulin","floor":13,"turns":7},{"damage":9,"enemies":"Exordium Wildlife","floor":14,"turns":5},{"damage":13,"enemies":"The Guardian","floor":16,"turns":9},{"damage":18,"enemies":"2 Thieves","floor":18,"turns":3},{"damage":0,"enemies":"Spheric Guardian","floor":19,"turns":3},{"damage":0,"enemies":"Cultist and Chosen","floor":24,"turns":4},{"damage":30,"enemies":"Book of Stabbing","floor":29,"turns":5},{"damage":11,"enemies":"Centurion and Healer","floor":30,"turns":4},{"damage":34,"enemies":"Champ","floor":33,"turns":11},{"damage":12,"enemies":"3 Shapes","floor":35,"turns":3},{"damage":54,"enemies":"3 Darklings","floor":37,"turns":3},{"damage":13,"enemies":"Mind Bloom Boss Battle","floor":38,"turns":6},{"damage":5,"enemies":"Transient","floor":39,"turns":5},{"damage":17,"enemies":"Sphere and 2 Shapes","floor":46,"turns":3},{"damage":16,"enemies":"Maw","floor":47,"turns":5},{"damage":38,"enemies":"Jaw Worm Horde","floor":48,"turns":3}],"seed_played":"-8411668976912073629","potions_obtained":[{"floor":1,"key":"LiquidBronze"},{"floor":10,"key":"Strength Potion"},{"floor":13,"key":"SteroidPotion"},{"floor":19,"key":"SneckoOil"},{"floor":29,"key":"SpeedPotion"},{"floor":33,"key":"FearPotion"},{"floor":35,"key":"GamblersBrew"}],"is_trial":false,"path_per_floor":["M","$","M","M","M","R","?","R","T","M","M","M","E","M","R","B",null,"M","M","?","?","?","R","M","R","T","$","R","E","M","T","R","B",null,"M","?","M","?","M","R","?","R","T","?","$","M","M","M"],"character_chosen":"THE_SILENT","items_purchased":["Backstab","Noxious Fumes","Backflip","Dark Shackles"],"campfire_rested":4,"item_purchase_floors":[2,27,45,45],"current_hp_per_floor":[37,37,37,37,34,34,34,55,55,49,44,39,11,2,23,10,55,37,37,37,37,37,37,37,37,44,44,44,14,3,3,41,32,66,54,73,19,31,26,64,64,64,64,64,64,47,31,0],"gold":536,"neow_bonus":"REMOVE_CARD","is_prod":false,"is_daily":false,"chose_seed":false,"campfire_upgraded":5,"win_rate":0,"timestamp":1554190348,"path_taken":["M","$","?","M","M","R","?","R","T","M","M","M","E","M","R","BOSS","M","M","?","?","?","R","M","R","T","$","R","E","M","?","R","BOSS","M","?","M","?","M","R","?","R","T","?","$","M","?","M"],"build_version":"2019-01-23","purchased_purges":3,"victory":false,"max_hp_per_floor":[70,70,70,70,70,70,70,70,70,70,70,70,70,70,70,70,70,70,70,70,70,70,70,70,70,77,77,77,77,77,77,77,77,77,77,77,77,77,77,77,77,77,77,77,77,77,77,77],"card_choices":[{"not_picked":["PiercingWail","Distraction"],"picked":"Well Laid Plans","floor":1},{"not_picked":["Poisoned Stab","Endless Agony"],"picked":"Deadly Poison","floor":3},{"not_picked":["PiercingWail","Flying Knee","Sucker Punch"],"picked":"SKIP","floor":4},{"not_picked":["Sucker Punch","Reflex","Dagger Throw"],"picked":"SKIP","floor":5},{"not_picked":["Quick Slash","Flying Knee"],"picked":"Malaise","floor":10},{"not_picked":["Heel Hook","Dagger Spray","Outmaneuver"],"picked":"SKIP","floor":11},{"not_picked":["Heel Hook","Dagger Spray","Outmaneuver"],"picked":"SKIP","floor":11},{"not_picked":["Setup","Finisher"],"picked":"Deadly Poison","floor":12},{"not_picked":["Slice","Quick Slash"],"picked":"Backflip","floor":13},{"not_picked":["Dagger Throw","Cloak And Dagger"],"picked":"Deadly Poison","floor":14},{"not_picked":["Tools of the Trade","Doppelganger"],"picked":"Corpse Explosion","floor":16},{"not_picked":["Accuracy+1","Distraction","Calculated Gamble"],"picked":"SKIP","floor":18},{"not_picked":["Tactician","PiercingWail"],"picked":"Leg Sweep","floor":19},{"not_picked":["Quick Slash","Deadly Poison"],"picked":"Predator","floor":24},{"not_picked":["Eviscerate","Slice","Accuracy"],"picked":"SKIP","floor":29},{"not_picked":["Cloak And Dagger","Flying Knee","PiercingWail"],"picked":"SKIP","floor":30},{"not_picked":["Blade Dance+1","Quick Slash","Deflect"],"picked":"SKIP","floor":35},{"not_picked":["Dodge and Roll","Backflip"],"picked":"Well Laid Plans+1","floor":37},{"not_picked":["Heel Hook","Crippling Poison"],"picked":"Catalyst","floor":38},{"not_picked":["Dodge and Roll","Reflex","Sucker Punch+1"],"picked":"SKIP","floor":39},{"not_picked":["Dagger Throw","Deflect","Distraction"],"picked":"SKIP","floor":46},{"not_picked":["Bane+1","Cloak And Dagger","Envenom"],"picked":"SKIP","floor":47}],"player_experience":556604,"relics_obtained":[{"floor":9,"key":"Ancient Tea Set"},{"floor":13,"key":"Vajra"},{"floor":26,"key":"Strawberry"},{"floor":29,"key":"Regal Pillow"},{"floor":31,"key":"Pantograph"},{"floor":38,"key":"Old Coin"},{"floor":43,"key":"Omamori"}],"event_choices":[{"damage_healed":0,"gold_gain":76,"player_choice":"Gained Gold","damage_taken":0,"max_hp_gain":0,"max_hp_loss":0,"event_name":"Golden Wing","floor":7,"gold_loss":0},{"damage_healed":0,"gold_gain":0,"cards_transformed":["Eviscerate","Bane"],"player_choice":"Became Test Subject","damage_taken":0,"max_hp_gain":0,"max_hp_loss":0,"event_name":"Drug Dealer","floor":20,"gold_loss":0,"cards_obtained":["Skewer","Accuracy"]},{"damage_healed":0,"gold_gain":0,"player_choice":"Ignored","damage_taken":0,"max_hp_gain":0,"max_hp_loss":0,"event_name":"Ghosts","floor":21,"gold_loss":0},{"damage_healed":0,"gold_gain":0,"player_choice":"Obtained Relic","damage_taken":0,"relics_obtained":["Mercury Hourglass"],"max_hp_gain":0,"max_hp_loss":0,"event_name":"Addict","floor":22,"gold_loss":85},{"damage_healed":19,"gold_gain":0,"player_choice":"Writhe","damage_taken":0,"max_hp_gain":0,"max_hp_loss":0,"event_name":"Winding Halls","floor":36,"gold_loss":0,"cards_obtained":["Writhe"]},{"damage_healed":0,"gold_gain":0,"player_choice":"Fight","damage_taken":0,"max_hp_gain":0,"max_hp_loss":0,"event_name":"MindBloom","floor":38,"gold_loss":0},{"cards_removed":["Predator"],"damage_healed":0,"gold_gain":0,"player_choice":"Removed Attack","damage_taken":0,"max_hp_gain":0,"max_hp_loss":0,"event_name":"Falling","floor":41,"gold_loss":0},{"damage_healed":0,"gold_gain":0,"player_choice":"Ignored","damage_taken":0,"max_hp_gain":0,"max_hp_loss":0,"event_name":"Tomb of Lord Red Mask","floor":44,"gold_loss":0}],"is_beta":false,"boss_relics":[{"not_picked":["Coffee Dripper","Cursed Key"],"picked":"Pandora\u0027s Box"},{"not_picked":["Runic Dome","Snecko Eye"],"picked":"Astrolabe"}],"items_purged_floors":[2,27,45],"is_endless":false,"potions_floor_spawned":[1,10,11,13,19,29,33,35],"killed_by":"Jaw Worm Horde","ascension_level":13}