{"gold_per_floor":[112,212,68,81,3,30,42,42,42,58,58,88,88,17,17,122,122,135,170,196,215,12,12,45,45,45,80,100,9,28,44,44,149,149,166,180,180,199,219,249,249,249,296,329,343,355,385,3,3,3],"floor_reached":51,"playtime":4642,"items_purged":["Defend_R","Strike_R"],"score":1540,"play_id":"00d2980a-e5d3-4790-9ebf-e83eea004f95","local_time":"20190203234500","is_ascension_mode":true,"campfire_choices":[{"data":"Havoc","floor":8,"key":"SMITH"},{"data":"Inflame","floor":11,"key":"SMITH"},{"data":"Spot Weakness","floor":13,"key":"SMITH"},{"data":"Inflame","floor":15,"key":"SMITH"},{"data":"Dark Embrace","floor":23,"key":"SMITH"},{"floor":25,"key":"REST"},{"floor":32,"key":"REST"},{"floor":41,"key":"REST"},{"floor":49,"key":"REST"}],"neow_cost":"NONE","seed_source_timestamp":0,"circlet_count":0,"master_deck":["AscendersBane","Strike_R","Strike_R","Strike_R","Defend_R","Defend_R","Defend_R","Bash","Shrug It Off","Inflame+1","Havoc+1","Metallicize","Cleave","Shockwave","Spot Weakness+1","Intimidate","Inflame+1","Dark Embrace+1","Armaments+1","Havoc","Havoc+1","Dropkick","Heavy Blade","Burning Pact","Offering","Flash of Steel","Burning Pact","Shrug It Off","Battle Trance+1","Infernal Blade+1","Disarm","Limit Break+1","Iron Wave+1","Metallicize","Infernal Blade+1","Pommel Strike"],"special_seed":0,"relics":["Burning Blood","Gremlin Horn","Thread and Needle","Strawberry","Philosopher\u0027s Stone","Red Mask","Red Skull","DollysMirror","Dream Catcher","Shuriken","Happy Flower","Fusion Hammer","Blood Vial","Orichalcum","Centennial Puzzle","Boot","Paper Frog"],"potions_floor_usage":[12,19,35,39,50,50,50],"damage_taken":[{"damage":6.0,"enemies":"Jaw Worm","floor":1.0,"turns":5.0},{"damage":1.0,"enemies":"Cultist","floor":4.0,"turns":4.0},{"damage":45,"enemies":"Gremlin Nob","floor":6,"turns":6},{"damage":0,"enemies":"Small Slimes","floor":7,"turns":3},{"damage":9,"enemies":"3 Louse","floor":10,"turns":3},{"damage":1,"enemies":"Lagavulin","floor":12,"turns":6},{"damage":30,"enemies":"Hexaghost","floor":16,"turns":9},{"damage":32,"enemies":"3 Byrds","floor":18,"turns":4},{"damage":14,"enemies":"Masked Bandits","floor":19,"turns":4},{"damage":1,"enemies":"Chosen","floor":21,"turns":4},{"damage":29,"enemies":"Slavers","floor":24,"turns":5},{"damage":5,"enemies":"Book of Stabbing","floor":27,"turns":4},{"damage":11,"enemies":"Snake Plant","floor":28,"turns":3},{"damage":18,"enemies":"Shelled Parasite and Fungi","floor":30,"turns":4},{"damage":1,"enemies":"Cultist and Chosen","floor":31,"turns":4},{"damage":20,"enemies":"Automaton","floor":33,"turns":6},{"damage":5,"enemies":"3 Darklings","floor":35,"turns":3},{"damage":5,"enemies":"Orb Walker","floor":36,"turns":4},{"damage":18,"enemies":"Jaw Worm Horde","floor":38,"turns":4},{"damage":3,"enemies":"Transient","floor":39,"turns":5},{"damage":12,"enemies":"Nemesis","floor":40,"turns":5},{"damage":0,"enemies":"Reptomancer","floor":44,"turns":4},{"damage":6,"enemies":"3 Darklings","floor":45,"turns":2},{"damage":22,"enemies":"Jaw Worm Horde","floor":46,"turns":4},{"damage":0,"enemies":"Giant Head","floor":47,"turns":6},{"damage":57,"enemies":"Time Eater","floor":50,"turns":7}],"seed_played":"-7206357519071664906","potions_obtained":[{"floor":4.0,"key":"Dexterity Potion"},{"floor":7,"key":"Block Potion"},{"floor":16,"key":"BloodPotion"},{"floor":18,"key":"Regen Potion"},{"floor":27,"key":"Swift Potion"},{"floor":33,"key":"SteroidPotion"},{"floor":36,"key":"Explosive Potion"},{"floor":40,"key":"Ancient Potion"},{"floor":47,"key":"Poison Potion"}],"is_trial":false,"path_per_floor":["M","?","$","M","$","E","M","R","T","M","R","E","R","$","R","B",null,"M","?","T","M","$","R","E","R","T","E","M","$","M","M","R","B",null,"M","M","?","M","M","E","R","?","T","E","M","M","E","$","R","B",null],"character_chosen":"IRONCLAD","items_purchased":["Inflame","Metallicize","Inflame","DollysMirror","Flash of Steel","Paper Frog","Pommel Strike"],"campfire_rested":4,"item_purchase_floors":[3,5,14,22,29,48,48],"current_hp_per_floor":[72,72,72,77,77,38,44,44,44,41,41,53,53,53,53,29,73,47,51,51,56,56,56,33,59,59,60,55,55,43,48,74,60,80,81,82,82,70,73,67,87,87,87,87,87,71,79,79,87,36],"gold":3,"neow_bonus":"TRANSFORM_CARD","is_prod":false,"is_daily":false,"chose_seed":false,"campfire_upgraded":5,"win_rate":0,"timestamp":1549233900,"path_taken":["M","?","?","M","$","E","M","R","T","M","R","E","R","$","R","BOSS","M","?","?","M","$","R","E","R","T","E","?","?","M","M","R","BOSS","M","M","?","M","M","E","R","?","T","E","?","M","E","$","R","BOSS"],"build_version":"2019-01-23","purchased_purges":2,"victory":true,"max_hp_per_floor":[80,80,80,80,80,80,80,80,80,80,80,87,87,87,87,87,87,87,87,87,87,87,87,87,87,87,87,87,87,87,87,87,87,87,87,87,87,87,87,87,87,87,87,87,87,87,87,87,87,87],"card_choices":[{"not_picked":["Thunderclap","Perfected Strike"],"picked":"Shrug It Off","floor":1.0},{"not_picked":["Heavy Blade","Thunderclap"],"picked":"Havoc","floor":4.0},{"not_picked":["Juggernaut","Heavy Blade"],"picked":"Cleave","floor":6},{"not_picked":["Anger","Cleave"],"picked":"Shockwave","floor":7},{"not_picked":["Body Slam","Thunderclap"],"picked":"Spot Weakness","floor":10},{"not_picked":["Twin Strike","True Grit"],"picked":"Intimidate","floor":12},{"not_picked":["Brutality","Feed"],"picked":"Dark Embrace","floor":16},{"not_picked":["Infernal Blade","Clash"],"picked":"Armaments+1","floor":18},{"not_picked":["Anger+1","Reckless Charge+1"],"picked":"Havoc","floor":19},{"not_picked":["Perfected Strike","Flex"],"picked":"Headbutt","floor":21},{"not_picked":["Inflame","Whirlwind+1"],"picked":"Dropkick","floor":24},{"not_picked":["Armaments","Havoc"],"picked":"Heavy Blade","floor":25},{"not_picked":["Perfected Strike","Rage+1"],"picked":"Burning Pact","floor":27},{"not_picked":["Blood for Blood","Shockwave"],"picked":"Offering","floor":28},{"not_picked":["Heavy Blade","Carnage"],"picked":"Burning Pact","floor":30},{"not_picked":["Havoc","Intimidate","Pummel"],"picked":"SKIP","floor":31},{"not_picked":["Armaments+1","Headbutt"],"picked":"Shrug It Off","floor":35},{"not_picked":["Sever Soul+1","Iron Wave"],"picked":"Battle Trance+1","floor":36},{"not_picked":["Flex","Twin Strike"],"picked":"Infernal Blade+1","floor":38},{"not_picked":["Headbutt","Searing Blow+1"],"picked":"Disarm","floor":39},{"not_picked":["Clash","Combust+1","Bloodletting"],"picked":"SKIP","floor":40},{"not_picked":["Flame Barrier+1","Disarm"],"picked":"Limit Break","floor":41},{"not_picked":["Inflame+1","Battle Trance"],"picked":"Iron Wave+1","floor":44},{"not_picked":["Seeing Red","Clash+1"],"picked":"Metallicize","floor":45},{"not_picked":["Pummel+1","Spot Weakness+1"],"picked":"Infernal Blade+1","floor":46},{"not_picked":["Flex","Clothesline+1","Twin Strike+1"],"picked":"SKIP","floor":47}],"player_experience":122746,"relics_obtained":[{"floor":6,"key":"Gremlin Horn"},{"floor":9,"key":"Thread and Needle"},{"floor":12,"key":"Strawberry"},{"floor":19,"key":"Red Mask"},{"floor":20,"key":"Red Skull"},{"floor":24,"key":"Dream Catcher"},{"floor":26,"key":"Shuriken"},{"floor":27,"key":"Happy Flower"},{"floor":40,"key":"Blood Vial"},{"floor":43,"key":"Orichalcum"},{"floor":44,"key":"Centennial Puzzle"},{"floor":47,"key":"Boot"}],"event_choices":[{"damage_healed":0.0,"max_hp_gain":0.0,"max_hp_loss":0.0,"gold_gain":100.0,"event_name":"Golden Shrine","player_choice":"Pray","floor":2.0,"gold_loss":0.0,"damage_taken":0.0},{"damage_healed":0,"gold_gain":0,"player_choice":"Fought Bandits","damage_taken":0,"max_hp_gain":0,"max_hp_loss":0,"event_name":"Masked Bandits","floor":19,"gold_loss":0},{"cards_removed":["Headbutt"],"damage_healed":0,"gold_gain":0,"player_choice":"Removed Attack","damage_taken":0,"max_hp_gain":0,"max_hp_loss":0,"event_name":"Falling","floor":37,"gold_loss":0},{"damage_healed":0,"gold_gain":0,"player_choice":"Upgraded","damage_taken":0,"max_hp_gain":0,"max_hp_loss":0,"event_name":"Upgrade Shrine","floor":42,"gold_loss":0,"cards_upgraded":["Limit Break"]}],"is_beta":false,"boss_relics":[{"not_picked":["Black Star","Runic Pyramid"],"picked":"Philosopher\u0027s Stone"},{"not_picked":["Orrery","Velvet Choker"],"picked":"Fusion Hammer"}],"items_purged_floors":[3,48],"is_endless":false,"potions_floor_spawned":[4,7,16,18,27,28,33,36,40,46,47],"ascension_level":10}