{"gold_per_floor":[110,110,70,70,70,105,126,126,126,51,51,74,110,174,174,303,303,326,326,326,326,67,67,84,94,94,123,123,135,25,44,44,144,194,206,254,273,273,273,299,63,77,103,115,0,12,24,67,79,91,103,115,11,46,46],"floor_reached":56,"playtime":4007,"items_purged":["Strike_G","Strike_G","Strike_G"],"score":1331,"play_id":"6be36856-9794-4ac0-b9ad-26d144ced31b","local_time":"20181217224713","is_ascension_mode":true,"campfire_choices":[{"data":"Noxious Fumes","floor":8,"key":"SMITH"},{"floor":15,"key":"REST"},{"data":"Blade Dance","floor":23,"key":"SMITH"},{"data":"Calculated Gamble","floor":28,"key":"SMITH"},{"data":"Leg Sweep","floor":32,"key":"SMITH"},{"data":"Catalyst","floor":44,"key":"SMITH"},{"data":"A Thousand Cuts","floor":46,"key":"SMITH"},{"floor":49,"key":"RECALL"},{"data":"Outmaneuver","floor":52,"key":"SMITH"}],"neow_cost":"PERCENT_DAMAGE","seed_source_timestamp":396830469115304,"circlet_count":0,"master_deck":["Defend_G","Defend_G+1","Defend_G","Defend_G","Defend_G","Strike_G+1","Strike_G+1","Survivor","Neutralize","Blade Dance+1","Noxious Fumes+1","Terror","Noxious Fumes+1","Parasite","Flying Knee","Backflip","Calculated Gamble+1","Corpse Explosion","Leg Sweep+1","Ghostly","Ghostly","Ghostly","Ghostly","Ghostly","Backflip","Outmaneuver+1","Dodge and Roll+1","Adrenaline","Infinite Blades","Leg Sweep+1","A Thousand Cuts+1","Deadly Poison+1","Blade Dance+1","Blur","Writhe","Blur","Accuracy","Finesse","Catalyst+1","Blur+1","Footwork","Accuracy"],"relics":["Ring of the Snake","Ice Cream","Bloody Idol","Juzu Bracelet","Matryoshka","Oddly Smooth Stone","Torii","WristBlade","Kunai","The Courier","Bronze Scales","Tiny House","Tingsha","Mummified Hand","MawBank","Art of War","Red Mask","Incense Burner","Pear"],"potions_floor_usage":[12,13,14,16,27,33,33,35,36,48],"damage_taken":[{"damage":0,"enemies":"2 Louse","floor":1,"turns":3},{"damage":24,"enemies":"Gremlin Nob","floor":6,"turns":5},{"damage":7,"enemies":"Small Slimes","floor":7,"turns":4},{"damage":0,"enemies":"Cultist","floor":12,"turns":3},{"damage":15,"enemies":"Lagavulin","floor":13,"turns":5},{"damage":15,"enemies":"Gremlin Nob","floor":14,"turns":4},{"damage":4,"enemies":"Hexaghost","floor":16,"turns":8},{"damage":11,"enemies":"3 Byrds","floor":18,"turns":3},{"damage":2,"enemies":"Spheric Guardian","floor":24,"turns":6},{"damage":1,"enemies":"Centurion and Healer","floor":25,"turns":6},{"damage":18,"enemies":"Gremlin Leader","floor":27,"turns":8},{"damage":3,"enemies":"Snake Plant","floor":29,"turns":5},{"damage":1,"enemies":"Snecko","floor":31,"turns":5},{"damage":22,"enemies":"Champ","floor":33,"turns":12},{"damage":17,"enemies":"3 Shapes","floor":35,"turns":4},{"damage":19,"enemies":"2 Orb Walkers","floor":36,"turns":7},{"damage":1,"enemies":"Orb Walker","floor":37,"turns":4},{"damage":17,"enemies":"Reptomancer","floor":40,"turns":7},{"damage":1,"enemies":"Maw","floor":42,"turns":7},{"damage":5,"enemies":"Nemesis","floor":48,"turns":7},{"damage":30,"enemies":"Time Eater","floor":50,"turns":10},{"damage":0,"enemies":"Shield and Spear","floor":54,"turns":5},{"damage":19,"enemies":"The Heart","floor":55,"turns":11}],"seed_played":"6481121090620614802","potions_obtained":[{"floor":7,"key":"Regen Potion"},{"floor":12,"key":"Poison Potion"},{"floor":13,"key":"AttackPotion"},{"floor":14,"key":"LiquidBronze"},{"floor":18,"key":"SteroidPotion"},{"floor":24,"key":"EssenceOfSteel"},{"floor":27,"key":"EssenceOfSteel"},{"floor":34,"key":"Explosive Potion"},{"floor":35,"key":"Poison Potion"},{"floor":37,"key":"FearPotion"},{"floor":42,"key":"Swift Potion"}],"is_trial":false,"path_per_floor":["M","?","$","?","?","E","M","R","T","$","?","M","E","?","R","B",null,"M","?","?","?","$","R","M","M","T","E","R","M","$","M","R","B",null,"M","?","M","?","?","E","$","M","T","R","?","R","$","E","R","B",null,"R","$","E","B",null],"character_chosen":"THE_SILENT","items_purchased":["Noxious Fumes","Kunai","Infinite Blades","Accuracy","Finesse","Footwork","Accuracy"],"campfire_rested":1,"item_purchase_floors":[3,22,30,41,41,53,53],"current_hp_per_floor":[49,32,32,18,41,17,10,10,10,10,27,36,21,6,27,23,70,59,35,35,35,35,35,35,35,35,22,22,24,24,28,28,11,40,28,14,18,28,28,16,16,20,25,30,35,40,40,40,40,10,40,40,40,50,31],"gold":46,"neow_bonus":"ONE_RARE_RELIC","is_prod":false,"is_daily":false,"chose_seed":false,"campfire_upgraded":7,"win_rate":0,"timestamp":1545115633,"path_taken":["M","?","$","?","?","E","M","R","T","$","?","M","E","?","R","BOSS","M","?","?","?","$","R","M","M","T","E","R","M","$","M","R","BOSS","M","?","M","?","?","E","$","M","T","R","?","R","$","E","R","BOSS","R","$","E","BOSS"],"build_version":"2018-12-13","purchased_purges":3,"victory":true,"max_hp_per_floor":[70,70,70,70,70,70,70,70,70,70,70,70,70,70,70,70,70,70,35,35,35,35,35,35,35,35,35,35,35,35,35,35,35,40,40,40,40,40,40,40,40,40,40,40,40,40,40,40,40,40,40,40,40,50,50],"card_choices":[{"not_picked":["Flying Knee","Quick Slash"],"picked":"Blade Dance","floor":1},{"not_picked":["Underhanded Strike","Expertise"],"picked":"Terror","floor":6},{"not_picked":["Dodge and Roll","Outmaneuver"],"picked":"Noxious Fumes","floor":7},{"not_picked":["Backstab","Distraction"],"picked":"Flying Knee","floor":12},{"not_picked":["Grand Finale","PiercingWail"],"picked":"Backflip","floor":13},{"not_picked":["Heel Hook","Blade Dance"],"picked":"Calculated Gamble","floor":14},{"not_picked":["Doppelganger","Glass Knife"],"picked":"Corpse Explosion","floor":16},{"not_picked":["Well Laid Plans","Prepared"],"picked":"Leg Sweep+1","floor":18},{"not_picked":["Dagger Spray","Backstab"],"picked":"Backflip","floor":24},{"not_picked":["Dagger Throw","Flying Knee"],"picked":"Outmaneuver","floor":25},{"not_picked":["Flying Knee+1","PiercingWail"],"picked":"Dodge and Roll+1","floor":27},{"not_picked":["Flying Knee","PiercingWail"],"picked":"Adrenaline","floor":29},{"not_picked":["Poisoned Stab","PiercingWail"],"picked":"Leg Sweep","floor":31},{"not_picked":["Grand Finale","Corpse Explosion"],"picked":"A Thousand Cuts","floor":33},{"not_picked":["Poisoned Stab","Slice"],"picked":"Deadly Poison+1","floor":34},{"not_picked":["Backstab+1","Cloak And Dagger+1"],"picked":"Blade Dance+1","floor":35},{"not_picked":["Reflex","Outmaneuver+1"],"picked":"Blur","floor":36},{"not_picked":["Bane","Flying Knee","Outmaneuver+1"],"picked":"SKIP","floor":37},{"not_picked":["Die Die Die","Underhanded Strike+1","All Out Attack+1"],"picked":"SKIP","floor":40},{"not_picked":["Deflect","Predator+1"],"picked":"Catalyst","floor":42},{"not_picked":["Flying Knee+1","Dodge and Roll+1"],"picked":"Blur+1","floor":48},{"not_picked":["Flechettes","Quick Slash","Skewer+1"],"picked":"SKIP","floor":54}],"player_experience":120917,"relics_obtained":[{"floor":6,"key":"Juzu Bracelet"},{"floor":9,"key":"Matryoshka"},{"floor":13,"key":"Oddly Smooth Stone"},{"floor":14,"key":"Torii"},{"floor":26,"key":"The Courier"},{"floor":27,"key":"Bronze Scales"},{"floor":36,"key":"Tingsha"},{"floor":40,"key":"Mummified Hand"},{"floor":43,"key":"MawBank"},{"floor":43,"key":"Art of War"},{"floor":48,"key":"Incense Burner"},{"floor":54,"key":"Pear"}],"event_choices":[{"damage_healed":0,"gold_gain":0,"player_choice":"Take Damage","damage_taken":17,"relics_obtained":["Golden Idol"],"max_hp_gain":0,"max_hp_loss":0,"event_name":"Golden Idol","floor":2,"gold_loss":0},{"damage_healed":0,"gold_gain":0,"player_choice":"Entered Light","damage_taken":14,"max_hp_gain":0,"max_hp_loss":0,"event_name":"Shining Light","floor":4,"gold_loss":0,"cards_upgraded":["Strike_G","Strike_G"]},{"damage_healed":23,"gold_gain":0,"player_choice":"Banana","damage_taken":0,"max_hp_gain":0,"max_hp_loss":0,"event_name":"Big Fish","floor":5,"gold_loss":0},{"damage_healed":17,"gold_gain":0,"player_choice":"Healed and dodged fight","damage_taken":0,"max_hp_gain":0,"max_hp_loss":0,"event_name":"Mushrooms","floor":11,"gold_loss":0,"cards_obtained":["Parasite"]},{"damage_healed":0,"gold_gain":30,"player_choice":"Searched \u00273\u0027 times","damage_taken":0,"max_hp_gain":0,"max_hp_loss":0,"event_name":"Dead Adventurer","floor":14,"gold_loss":0},{"damage_healed":0,"gold_gain":0,"player_choice":"Became a Ghost","damage_taken":0,"max_hp_gain":0,"max_hp_loss":35,"event_name":"Ghosts","floor":19,"gold_loss":0,"cards_obtained":["Ghostly","Ghostly","Ghostly","Ghostly","Ghostly"]},{"damage_healed":0,"gold_gain":0,"player_choice":"Forge","damage_taken":0,"max_hp_gain":0,"max_hp_loss":0,"event_name":"Accursed Blacksmith","floor":20,"gold_loss":0,"cards_upgraded":["Noxious Fumes"]},{"damage_healed":0,"gold_gain":0,"player_choice":"Gave Idol","damage_taken":0,"relics_obtained":["Bloody Idol"],"max_hp_gain":0,"max_hp_loss":0,"event_name":"Forgotten Altar","floor":21,"relics_lost":["Golden Idol"],"gold_loss":0},{"damage_healed":0,"gold_gain":0,"player_choice":"Fight","damage_taken":0,"max_hp_gain":0,"max_hp_loss":0,"event_name":"Mysterious Sphere","floor":36,"gold_loss":0},{"damage_healed":10,"gold_gain":0,"player_choice":"Writhe","damage_taken":0,"max_hp_gain":0,"max_hp_loss":0,"event_name":"Winding Halls","floor":38,"gold_loss":0,"cards_obtained":["Writhe"]},{"damage_healed":0,"gold_gain":0,"player_choice":"Copied","damage_taken":0,"max_hp_gain":0,"max_hp_loss":0,"event_name":"Duplicator","floor":39,"gold_loss":0,"cards_obtained":["Blur"]},{"damage_healed":0,"gold_gain":0,"player_choice":"Paid","damage_taken":0,"relics_obtained":["Red Mask"],"max_hp_gain":0,"max_hp_loss":0,"event_name":"Tomb of Lord Red Mask","floor":45,"gold_loss":127}],"is_beta":false,"boss_relics":[{"not_picked":["Pandora\u0027s Box","Coffee Dripper"],"picked":"WristBlade"},{"not_picked":["Runic Dome","Runic Pyramid"],"picked":"Tiny House"}],"items_purged_floors":[10,30,41],"is_endless":false,"potions_floor_spawned":[7,12,13,14,18,24,27,35,37,42],"ascension_level":1}