{"gold_per_floor":[110,110,72,84,106,148,160,198,237,249,275,164,164,178,178,298,298,323,303,232,232,18,52,52,68,94,9,9,29,42,56,56,176,176,196,529,529,274,293,326,326,337,337,351,351],"floor_reached":45,"playtime":4294,"items_purged":["Strike_B","Defend_B"],"score":616,"play_id":"e867ff5b-d679-4df2-87da-5697c15425c1","local_time":"20190317122022","is_ascension_mode":true,"campfire_choices":[{"floor":7.0,"key":"REST"},{"floor":10.0,"key":"REST"},{"data":"Buffer","floor":15.0,"key":"SMITH"},{"data":"Darkness","floor":24.0,"key":"SMITH"},{"data":"Doubt","floor":28.0,"key":"PURGE"},{"floor":32.0,"key":"REST"},{"data":"Echo Form","floor":41.0,"key":"SMITH"}],"neow_cost":"NONE","seed_source_timestamp":0,"circlet_count":0,"master_deck":["Strike_B+1","Defend_B","Defend_B","Defend_B","Zap+1","Dualcast","Sweeping Beam","Darkness+1","Double Energy","Sunder","Buffer+1","Leap","Cold Snap","Conserve Battery","Buffer","Hello World","Chill","Amplify","Leap","Sweeping Beam","Echo Form+1","Darkness+1","Creative AI","Defragment+1","Capacitor","Self Repair+1","Conserve Battery+1","Capacitor+1","Parasite"],"special_seed":0,"relics":["Cracked Core","MawBank","Peace Pipe","Orichalcum","Whetstone","Cursed Key","Membership Card","Mercury Hourglass","Blood Vial","Cables","Sozu","Oddly Smooth Stone","Lee\u0027s Waffle","Anchor","Thread and Needle"],"potions_floor_usage":[],"damage_taken":[{"damage":0.0,"enemies":"Small Slimes","floor":1.0,"turns":2.0},{"damage":2.0,"enemies":"Jaw Worm","floor":5.0,"turns":3.0},{"damage":20.0,"enemies":"Lagavulin","floor":6.0,"turns":6.0},{"damage":50.0,"enemies":"Gremlin Nob","floor":8.0,"turns":5.0},{"damage":0.0,"enemies":"Cultist","floor":11.0,"turns":4.0},{"damage":0.0,"enemies":"3 Louse","floor":14.0,"turns":2.0},{"damage":22.0,"enemies":"Hexaghost","floor":16.0,"turns":11.0},{"damage":0.0,"enemies":"Spheric Guardian","floor":18.0,"turns":4.0},{"damage":15.0,"enemies":"2 Thieves","floor":19.0,"turns":5.0},{"damage":16.0,"enemies":"Gremlin Leader","floor":23.0,"turns":15.0},{"damage":18.0,"enemies":"Snake Plant","floor":25.0,"turns":5.0},{"damage":0.0,"enemies":"3 Cultists","floor":29.0,"turns":5.0},{"damage":0.0,"enemies":"Centurion and Healer","floor":30.0,"turns":7.0},{"damage":7.0,"enemies":"Sentry and Sphere","floor":31.0,"turns":4.0},{"damage":12.0,"enemies":"Collector","floor":33.0,"turns":9.0},{"damage":11.0,"enemies":"3 Shapes","floor":35.0,"turns":3.0},{"damage":10.0,"enemies":"3 Darklings","floor":39.0,"turns":6.0},{"damage":53.0,"enemies":"Reptomancer","floor":40.0,"turns":6.0},{"damage":17,"enemies":"4 Shapes","floor":42,"turns":6},{"damage":28,"enemies":"Transient","floor":44,"turns":5},{"damage":39,"enemies":"Giant Head","floor":45,"turns":8}],"seed_played":"-5332061466174915542","potions_obtained":[{"floor":1.0,"key":"PowerPotion"},{"floor":8.0,"key":"Regen Potion"},{"floor":14.0,"key":"Dexterity Potion"},{"floor":23.0,"key":"AttackPotion"},{"floor":30.0,"key":"Weak Potion"},{"floor":31.0,"key":"FocusPotion"},{"floor":33.0,"key":"FearPotion"}],"is_trial":false,"path_per_floor":["M","?","?","?","M","E","R","E","T","R","M","$","?","M","R","B",null,"M","M","$","?","$","E","R","M","T","?","R","M","M","M","R","B",null,"M","?","?","$","M","E","R","M","T","M","E"],"character_chosen":"DEFECT","items_purchased":["Cold Snap","Amplify","Membership Card","Leap","Oddly Smooth Stone","Capacitor","Lee\u0027s Waffle"],"campfire_rested":3,"item_purchase_floors":[12,20,22,22,38,38,38],"current_hp_per_floor":[75,63,63,63,61,41,63,13,13,35,47,47,47,47,47,25,58,58,43,43,66,66,50,50,32,32,32,32,34,36,31,51,41,62,53,53,53,76,66,35,35,40,40,24,0],"gold":351,"neow_bonus":"UPGRADE_CARD","is_prod":false,"is_daily":false,"chose_seed":false,"campfire_upgraded":3,"win_rate":0,"timestamp":1552814422,"path_taken":["M","?","?","?","M","E","R","E","T","R","?","$","?","M","R","BOSS","M","M","$","?","$","E","R","M","T","?","R","M","M","M","R","BOSS","M","?","?","$","M","E","R","M","T","?","E"],"build_version":"2019-01-23","purchased_purges":2,"victory":false,"max_hp_per_floor":[75,75,75,75,75,75,75,75,75,75,75,75,69,69,69,69,69,69,69,69,69,69,69,69,69,69,69,69,69,69,69,69,69,69,69,69,69,76,76,76,76,76,76,76,76],"card_choices":[{"not_picked":["Melter","Steam"],"picked":"Sweeping Beam","floor":1.0},{"not_picked":["Rebound","Hologram"],"picked":"Double Energy","floor":5.0},{"not_picked":["Sweeping Beam","Rebound"],"picked":"Sunder","floor":6.0},{"not_picked":["Compile Driver","Blizzard"],"picked":"Buffer","floor":8.0},{"not_picked":["Rebound","Aggregate"],"picked":"Leap","floor":11.0},{"not_picked":["Consume","Streamline"],"picked":"Conserve Battery","floor":14.0},{"not_picked":["Reboot","Fission"],"picked":"Buffer","floor":16.0},{"not_picked":["Ball Lightning+1","Go for the Eyes"],"picked":"Hello World","floor":18.0},{"not_picked":["Rip and Tear","Go for the Eyes"],"picked":"Chill","floor":19.0},{"not_picked":["Double Energy","Steam"],"picked":"Sweeping Beam","floor":23.0},{"not_picked":["Double Energy","Ball Lightning","Gash"],"picked":"SKIP","floor":25.0},{"not_picked":["Tempest","Glacier+1"],"picked":"Echo Form","floor":29.0},{"not_picked":["Chaos","Turbo","Gash+1"],"picked":"SKIP","floor":30.0},{"not_picked":["Conserve Battery","Ball Lightning"],"picked":"Darkness+1","floor":31.0},{"not_picked":["Meteor Strike","Buffer"],"picked":"Creative AI","floor":33.0},{"not_picked":["Blizzard+1","Rip and Tear"],"picked":"Defragment+1","floor":35.0},{"not_picked":["Sunder","Beam Cell"],"picked":"Self Repair+1","floor":39.0},{"not_picked":["Barrage+1","Glacier+1"],"picked":"Conserve Battery+1","floor":40.0},{"not_picked":["Cold Snap","Hologram+1"],"picked":"Capacitor+1","floor":42},{"not_picked":["Streamline+1","Beam Cell","Leap"],"picked":"SKIP","floor":44}],"player_experience":332084,"relics_obtained":[{"floor":6.0,"key":"Peace Pipe"},{"floor":8.0,"key":"Orichalcum"},{"floor":9.0,"key":"Whetstone"},{"floor":23.0,"key":"Mercury Hourglass"},{"floor":26.0,"key":"Blood Vial"},{"floor":40.0,"key":"Anchor"},{"floor":43,"key":"Thread and Needle"}],"event_choices":[{"damage_healed":0.0,"max_hp_gain":0.0,"max_hp_loss":0.0,"gold_gain":0.0,"event_name":"Scrap Ooze","player_choice":"Success","floor":2.0,"gold_loss":0.0,"damage_taken":12.0,"relics_obtained":["MawBank"]},{"cards_removed":["Strike_B"],"damage_healed":0.0,"max_hp_gain":0.0,"max_hp_loss":0.0,"gold_gain":0.0,"event_name":"The Cleric","player_choice":"Card Removal","floor":3.0,"gold_loss":50.0,"damage_taken":0.0},{"damage_healed":0.0,"max_hp_gain":0.0,"max_hp_loss":0.0,"gold_gain":0.0,"event_name":"Match and Keep!","player_choice":"1 cards matched","floor":4.0,"gold_loss":0.0,"damage_taken":0.0,"cards_obtained":["Darkness"]},{"damage_healed":0.0,"max_hp_gain":0.0,"max_hp_loss":6.0,"gold_gain":0.0,"event_name":"Golden Idol","player_choice":"Lose Max HP","floor":13.0,"gold_loss":0.0,"damage_taken":0.0,"relics_obtained":["Golden Idol"]},{"damage_healed":23.0,"max_hp_gain":0.0,"max_hp_loss":0.0,"gold_gain":0.0,"event_name":"The Library","player_choice":"Heal","floor":21.0,"gold_loss":0.0,"damage_taken":0.0},{"damage_healed":0.0,"max_hp_gain":0.0,"max_hp_loss":0.0,"gold_gain":0.0,"event_name":"Addict","player_choice":"Obtained Relic","floor":27.0,"gold_loss":85.0,"damage_taken":0.0,"relics_obtained":["Cables"]},{"damage_healed":0.0,"max_hp_gain":0.0,"max_hp_loss":0.0,"gold_gain":333.0,"event_name":"The Moai Head","player_choice":"Gave Idol","floor":36.0,"relics_lost":["Golden Idol"],"gold_loss":0.0,"damage_taken":0.0},{"cards_removed":["Strike_B"],"damage_healed":0.0,"max_hp_gain":0.0,"max_hp_loss":0.0,"gold_gain":0.0,"event_name":"Bonfire Elementals","player_choice":"Offered Basic","floor":37.0,"gold_loss":0.0,"damage_taken":0.0}],"is_beta":false,"boss_relics":[{"not_picked":["Velvet Choker","Busted Crown"],"picked":"Cursed Key"},{"not_picked":["Orrery","Lizard Tail"],"picked":"Sozu"}],"items_purged_floors":[12,38],"is_endless":false,"potions_floor_spawned":[1,8,14,23,30,31,33,35,39],"killed_by":"Giant Head","ascension_level":5}