{"gold_per_floor":[115,65,65,31,54,54,85,110,159,184,184,207,207,207,207,332,332,346,362,287,287,301,334,334,42,42,66,66,90,90,103,103,223,223,242,60,84,109,129,129],"floor_reached":40,"playtime":2074,"items_purged":["Strike_G","Strike_G"],"score":566,"play_id":"a62e19d0-d203-4016-b0ce-e88d77d83e3c","local_time":"20190107140842","is_ascension_mode":true,"campfire_choices":[{"data":"Noxious Fumes","floor":6,"key":"SMITH"},{"data":"Deadly Poison","floor":11,"key":"SMITH"},{"data":"Adrenaline","floor":13,"key":"SMITH"},{"data":"Poisoned Stab","floor":15,"key":"SMITH"},{"floor":24,"key":"REST"},{"data":"Backflip","floor":28,"key":"SMITH"},{"data":"Footwork","floor":30,"key":"SMITH"},{"floor":32,"key":"REST"}],"neow_cost":"NONE","seed_source_timestamp":122301042569755,"circlet_count":0,"master_deck":["Defend_G","Defend_G","Defend_G","Defend_G","Survivor","Neutralize","Cloak And Dagger","Noxious Fumes+1","Backflip","Poisoned Stab+1","Poisoned Stab","Deadly Poison+1","Adrenaline+1","Burst","Backflip+1","Backflip","Footwork+1","Footwork","After Image","Catalyst","Escape Plan","Dodge and Roll","Bandage Up","Blur"],"relics":["Ring of the Snake","NeowsBlessing","Golden Idol","Bronze Scales","Blood Vial","Turnip","Empty Cage","Ninja Scroll","The Specimen","Question Card","Orrery"],"potions_floor_usage":[19,23,38,39],"damage_taken":[{"damage":0,"enemies":"2 Louse","floor":1,"turns":1},{"damage":0,"enemies":"Small Slimes","floor":5,"turns":1},{"damage":0,"enemies":"Gremlin Nob","floor":7,"turns":1},{"damage":0,"enemies":"Cultist","floor":8,"turns":4},{"damage":1,"enemies":"Red Slaver","floor":10,"turns":4},{"damage":2,"enemies":"Blue Slaver","floor":12,"turns":3},{"damage":21,"enemies":"Hexaghost","floor":16,"turns":7},{"damage":11,"enemies":"Chosen","floor":18,"turns":5},{"damage":7,"enemies":"2 Thieves","floor":19,"turns":4},{"damage":13,"enemies":"Centurion and Healer","floor":22,"turns":6},{"damage":26,"enemies":"Book of Stabbing","floor":23,"turns":5},{"damage":0,"enemies":"Snake Plant","floor":27,"turns":3},{"damage":3,"enemies":"3 Cultists","floor":29,"turns":6},{"damage":0,"enemies":"Centurion and Healer","floor":31,"turns":5},{"damage":50,"enemies":"Collector","floor":33,"turns":9},{"damage":17,"enemies":"3 Shapes","floor":35,"turns":4},{"damage":0,"enemies":"Orb Walker","floor":37,"turns":5},{"damage":3,"enemies":"Maw","floor":38,"turns":9},{"damage":31,"enemies":"Writhing Mass","floor":39,"turns":5},{"damage":49,"enemies":"Reptomancer","floor":40,"turns":2}],"seed_played":"6275039414219089329","potions_obtained":[{"floor":7,"key":"LiquidBronze"},{"floor":8,"key":"Ancient Potion"},{"floor":18,"key":"SpeedPotion"},{"floor":23,"key":"Dexterity Potion"},{"floor":31,"key":"FearPotion"},{"floor":37,"key":"Regen Potion"},{"floor":38,"key":"Explosive Potion"}],"is_trial":false,"path_per_floor":["M","?","?","$","M","R","E","M","T","M","R","M","R","?","R","B",null,"M","M","$","?","M","E","R","$","T","M","R","M","R","M","R","B",null,"M","$","M","M","M","E"],"character_chosen":"THE_SILENT","items_purchased":["Noxious Fumes","The Specimen","Bandage Up"],"campfire_rested":2,"item_purchase_floors":[4,25,36],"current_hp_per_floor":[63,63,46,46,46,46,46,46,46,47,47,47,47,40,40,21,58,49,44,44,44,33,9,30,30,30,32,32,31,31,33,54,6,54,39,39,45,63,38,0],"gold":129,"neow_bonus":"THREE_ENEMY_KILL","is_prod":false,"is_daily":false,"chose_seed":false,"campfire_upgraded":6,"win_rate":0,"timestamp":1546898922,"path_taken":["M","?","?","$","M","R","E","M","T","M","R","M","R","?","R","BOSS","M","M","$","?","M","E","R","$","T","M","R","M","R","M","R","BOSS","M","$","M","M","M","E"],"build_version":"2019-01-03v4","purchased_purges":2,"victory":false,"max_hp_per_floor":[70,70,70,70,70,70,70,70,70,70,70,70,70,70,70,70,70,70,70,70,70,70,70,70,70,70,70,70,70,70,70,70,70,70,70,70,70,70,70,70],"card_choices":[{"not_picked":["Quick Slash","Eviscerate"],"picked":"Cloak And Dagger","floor":1},{"not_picked":["Outmaneuver","Sucker Punch"],"picked":"Backflip","floor":5},{"not_picked":["Envenom","Dodge and Roll"],"picked":"Poisoned Stab","floor":7},{"not_picked":["Flying Knee","Leg Sweep"],"picked":"Poisoned Stab","floor":8},{"not_picked":["Cloak And Dagger","Dagger Throw"],"picked":"Deadly Poison","floor":10},{"not_picked":["Backstab","Acrobatics"],"picked":"Adrenaline","floor":12},{"not_picked":["A Thousand Cuts","Glass Knife"],"picked":"Burst","floor":16},{"not_picked":["Poisoned Stab","PiercingWail+1"],"picked":"Backflip","floor":18},{"not_picked":["Underhanded Strike+1","Expertise","Cloak And Dagger"],"picked":"SKIP","floor":19},{"not_picked":["Flying Knee","Backstab"],"picked":"Backflip","floor":22},{"not_picked":["Sucker Punch","Dagger Throw","Quick Slash+1"],"picked":"SKIP","floor":23},{"not_picked":["Deadly Poison","Underhanded Strike","Dagger Spray+1","Backflip"],"picked":"SKIP","floor":27},{"not_picked":["Escape Plan+1","Predator+1","Infinite Blades"],"picked":"Footwork","floor":29},{"not_picked":["Catalyst","Setup","Dash+1"],"picked":"Footwork","floor":31},{"not_picked":["Malaise","Die Die Die","Grand Finale"],"picked":"After Image","floor":33},{"not_picked":["Dash+1","Underhanded Strike","Cloak And Dagger"],"picked":"Catalyst","floor":34},{"not_picked":["Leg Sweep","Setup","Cloak And Dagger"],"picked":"Escape Plan","floor":34},{"not_picked":["Deflect","Poisoned Stab+1","Bouncing Flask+1"],"picked":"Dodge and Roll","floor":35},{"not_picked":["Eviscerate+1","Finisher","Choke","Tactician"],"picked":"SKIP","floor":37},{"not_picked":["Tools of the Trade","Blade Dance","Footwork"],"picked":"Blur","floor":38},{"not_picked":["Slice","Dagger Spray","Quick Slash+1","Reflex"],"picked":"SKIP","floor":39}],"player_experience":289770,"relics_obtained":[{"floor":7,"key":"Bronze Scales"},{"floor":9,"key":"Blood Vial"},{"floor":23,"key":"Ninja Scroll"},{"floor":26,"key":"Question Card"}],"event_choices":[{"cards_removed":["Strike_G"],"damage_healed":0,"gold_gain":0,"player_choice":"Card Removal","damage_taken":0,"max_hp_gain":0,"max_hp_loss":0,"event_name":"The Cleric","floor":2,"gold_loss":50},{"damage_healed":0,"gold_gain":0,"player_choice":"Take Damage","damage_taken":17,"relics_obtained":["Golden Idol"],"max_hp_gain":0,"max_hp_loss":0,"event_name":"Golden Idol","floor":3,"gold_loss":0},{"damage_healed":0,"gold_gain":0,"player_choice":"Success","damage_taken":7,"relics_obtained":["Turnip"],"max_hp_gain":0,"max_hp_loss":0,"event_name":"Scrap Ooze","floor":14,"gold_loss":0},{"cards_removed":["Strike_G"],"damage_healed":0,"gold_gain":0,"player_choice":"Purged","damage_taken":0,"max_hp_gain":0,"max_hp_loss":0,"event_name":"Purifier","floor":21,"gold_loss":0}],"is_beta":false,"boss_relics":[{"not_picked":["Ectoplasm","Tiny House"],"picked":"Empty Cage"},{"not_picked":["Lizard Tail","Snecko Eye"],"picked":"Orrery"}],"items_purged_floors":[20,36],"is_endless":false,"potions_floor_spawned":[7,8,18,23,31,37,38],"killed_by":"Reptomancer","ascension_level":6}