{"gold_per_floor":[119,130,142,317,337,371,371,401,436,177,211,211,245,245,245,349,349,361,286,286,301,74,106,106,136,136,166,166,194,104,16,16,16],"floor_reached":33,"playtime":2405,"items_purged":["Doubt","Defend_R"],"score":434,"play_id":"cb74d8ef-5df5-4644-b833-0227d75a697e","local_time":"20190117201700","is_ascension_mode":true,"campfire_choices":[{"floor":7,"key":"REST"},{"floor":12,"key":"REST"},{"floor":15,"key":"REST"},{"floor":24,"key":"REST"},{"floor":28,"key":"REST"},{"floor":32,"key":"REST"}],"neow_cost":"NONE","seed_source_timestamp":206101169600947,"circlet_count":0,"master_deck":["Strike_R","Strike_R","Strike_R","Defend_R","Defend_R","Defend_R","Bash","Twin Strike","Disarm","Uppercut","Clash","Headbutt","Pommel Strike","Body Slam","Feel No Pain","Uppercut","Barricade+1","Spot Weakness","Disarm","Havoc","Shrug It Off","Feel No Pain","Disarm","Spot Weakness+1","Regret","Entrench","Spot Weakness","Good Instincts"],"relics":["Burning Blood","Bag of Marbles","WingedGreaves","MawBank","Oddly Smooth Stone","Anchor","Red Skull","Bottled Lightning","Cursed Key","Pen Nib","StoneCalendar","Paper Frog","Bag of Preparation","Centennial Puzzle"],"potions_floor_usage":[6,8,11,27,33],"damage_taken":[{"damage":6,"enemies":"Cultist","floor":1,"turns":3},{"damage":3,"enemies":"Jaw Worm","floor":2,"turns":4},{"damage":7,"enemies":"2 Louse","floor":3,"turns":3},{"damage":44,"enemies":"Gremlin Gang","floor":5,"turns":7},{"damage":22,"enemies":"Gremlin Nob","floor":6,"turns":4},{"damage":32,"enemies":"3 Sentries","floor":8,"turns":10},{"damage":10,"enemies":"Gremlin Nob","floor":11,"turns":3},{"damage":23,"enemies":"3 Sentries","floor":13,"turns":6},{"damage":28,"enemies":"The Guardian","floor":16,"turns":12},{"damage":8,"enemies":"Shell Parasite","floor":18,"turns":3},{"damage":4,"enemies":"3 Byrds","floor":21,"turns":5},{"damage":40,"enemies":"Slavers","floor":23,"turns":5},{"damage":19,"enemies":"Book of Stabbing","floor":25,"turns":6},{"damage":26,"enemies":"Slavers","floor":27,"turns":7},{"damage":21,"enemies":"Book of Stabbing","floor":29,"turns":5},{"damage":61,"enemies":"Collector","floor":33,"turns":6}],"seed_played":"2809507367001334663","potions_obtained":[{"floor":5,"key":"Energy Potion"},{"floor":6,"key":"PowerPotion"},{"floor":8,"key":"Regen Potion"},{"floor":25,"key":"Dexterity Potion"},{"floor":27,"key":"Block Potion"}],"is_trial":false,"path_per_floor":["M","M","M","?","M","E","R","E","T","$","E","R","E","?","R","B",null,"M","?","?","M","$","E","R","E","T","E","R","E","?","$","R","B"],"character_chosen":"IRONCLAD","items_purchased":["Anchor","Body Slam","Shrug It Off","Feel No Pain","Good Instincts"],"campfire_rested":6,"item_purchase_floors":[10,10,22,22,31],"current_hp_per_floor":[80,80,79,79,41,25,49,23,23,23,28,52,35,35,59,37,69,67,67,67,69,69,35,59,46,46,26,50,35,35,35,59,0],"gold":16,"neow_bonus":"RANDOM_COMMON_RELIC","is_prod":false,"is_daily":false,"chose_seed":false,"campfire_upgraded":0,"win_rate":0,"timestamp":1547745420,"path_taken":["M","M","M","?","M","E","R","E","T","$","E","R","E","?","R","BOSS","M","?","?","?","$","E","R","E","T","E","R","E","?","$","R","BOSS"],"build_version":"2019-01-10","purchased_purges":2,"victory":false,"max_hp_per_floor":[80,80,80,80,80,80,80,80,80,80,80,80,80,80,80,80,80,80,80,80,80,80,80,80,80,80,80,80,80,80,80,80,80],"card_choices":[{"not_picked":["Flex","Sever Soul"],"picked":"Twin Strike","floor":1},{"not_picked":["Rage","Dual Wield"],"picked":"Disarm","floor":2},{"not_picked":["Perfected Strike","Headbutt"],"picked":"Uppercut","floor":3},{"not_picked":["Thunderclap","Sword Boomerang"],"picked":"Clash","floor":5},{"not_picked":["Dual Wield","Havoc"],"picked":"Headbutt","floor":6},{"not_picked":["Headbutt","Body Slam"],"picked":"Pommel Strike","floor":8},{"not_picked":["Fiend Fire","Heavy Blade"],"picked":"Feel No Pain","floor":11},{"not_picked":["Rampage","Sever Soul"],"picked":"Uppercut","floor":13},{"not_picked":["Demon Form","Limit Break"],"picked":"Barricade","floor":16},{"not_picked":["True Grit","Blood for Blood"],"picked":"Spot Weakness","floor":18},{"not_picked":["Heavy Blade","Warcry"],"picked":"Havoc","floor":21},{"not_picked":["Sword Boomerang","Spot Weakness"],"picked":"Disarm","floor":23},{"not_picked":["Heavy Blade","Combust"],"picked":"Spot Weakness+1","floor":25},{"not_picked":["Intimidate+1","Sword Boomerang+1"],"picked":"Entrench","floor":27},{"not_picked":["Cleave","Bloodletting"],"picked":"Spot Weakness","floor":29}],"player_experience":38828,"relics_obtained":[{"floor":6,"key":"WingedGreaves"},{"floor":8,"key":"MawBank"},{"floor":9,"key":"Oddly Smooth Stone"},{"floor":11,"key":"Red Skull"},{"floor":13,"key":"Bottled Lightning"},{"floor":23,"key":"Pen Nib"},{"floor":25,"key":"StoneCalendar"},{"floor":26,"key":"Paper Frog"},{"floor":27,"key":"Bag of Preparation"},{"floor":29,"key":"Centennial Puzzle"}],"event_choices":[{"damage_healed":0,"gold_gain":175,"player_choice":"AGREE","damage_taken":0,"max_hp_gain":0,"max_hp_loss":0,"event_name":"Liars Game","floor":4,"gold_loss":0,"cards_obtained":["Doubt"]},{"damage_healed":0,"gold_gain":0,"player_choice":"Ignored","damage_taken":0,"max_hp_gain":0,"max_hp_loss":0,"event_name":"Golden Idol","floor":14,"gold_loss":0},{"cards_removed":["Strike_R"],"damage_healed":0,"gold_gain":0,"player_choice":"Gave Gold","damage_taken":0,"max_hp_gain":0,"max_hp_loss":0,"event_name":"Beggar","floor":19,"gold_loss":75},{"damage_healed":0,"gold_gain":0,"player_choice":"Copied","damage_taken":0,"max_hp_gain":0,"max_hp_loss":0,"event_name":"Duplicator","floor":20,"gold_loss":0,"cards_obtained":["Disarm"]},{"cards_removed":["Strike_R"],"damage_healed":0,"gold_gain":0,"player_choice":"Upgrade and Remove","damage_taken":0,"max_hp_gain":0,"max_hp_loss":0,"event_name":"Designer","floor":30,"gold_loss":90,"cards_upgraded":["Barricade"]}],"is_beta":false,"boss_relics":[{"not_picked":["Mark of Pain","Philosopher\u0027s Stone"],"picked":"Cursed Key"}],"items_purged_floors":[10,22],"is_endless":false,"potions_floor_spawned":[5,6,8,25,27],"killed_by":"Collector","ascension_level":5}