{"gold_per_floor":[119,119,129,304,323,323,55,55,81,81,100,100,120,138,138,138],"floor_reached":16,"playtime":1465,"items_purged":["Doubt"],"score":94,"play_id":"c98dcf31-1a8a-4945-bd5c-b7a515c6caa1","local_time":"20190615184237","is_ascension_mode":false,"campfire_choices":[{"data":"Blur","floor":6,"key":"SMITH"},{"floor":12,"key":"REST"},{"floor":15,"key":"REST"}],"neow_cost":"NONE","seed_source_timestamp":16718759436699,"circlet_count":0,"master_deck":["Defend_G","Defend_G","Defend_G","Defend_G","Defend_G","Strike_G","Strike_G","Strike_G","Strike_G","Survivor","Neutralize","Blur+1","Poisoned Stab","Backflip","Escape Plan","Infinite Blades","Deep Breath","Predator","Flechettes","PiercingWail","All Out Attack"],"relics":["Ring of the Snake","Ancient Tea Set"],"potions_floor_usage":[14],"damage_taken":[{"damage":0,"enemies":"2 Louse","floor":1,"turns":5},{"damage":1,"enemies":"Jaw Worm","floor":3,"turns":4},{"damage":0,"enemies":"Small Slimes","floor":5,"turns":5},{"damage":16,"enemies":"Exordium Thugs","floor":8,"turns":6},{"damage":5,"enemies":"Lots of Slimes","floor":11,"turns":7},{"damage":3,"enemies":"Exordium Wildlife","floor":13,"turns":9},{"damage":14,"enemies":"Large Slime","floor":14,"turns":7},{"damage":73,"enemies":"Slime Boss","floor":16,"turns":11}],"seed_played":"-8773360394090740923","potions_obtained":[{"floor":3,"key":"GamblersBrew"}],"is_trial":false,"path_per_floor":["M","?","M","?","M","R","$","M","T","?","M","R","M","M","R","B"],"character_chosen":"THE_SILENT","items_purchased":["Infinite Blades","Deep Breath","Predator"],"campfire_rested":2,"item_purchase_floors":[7,7,7],"current_hp_per_floor":[70,70,69,69,69,69,69,53,53,53,48,69,66,52,70,0],"gold":138,"neow_bonus":"THREE_CARDS","is_prod":false,"is_daily":false,"chose_seed":false,"campfire_upgraded":1,"win_rate":0.0,"timestamp":1560620557,"path_taken":["M","?","M","?","M","R","$","M","T","?","M","R","?","M","R","BOSS"],"build_version":"2019-01-23","purchased_purges":1,"victory":false,"max_hp_per_floor":[70,70,70,70,70,70,70,70,70,70,70,70,70,70,70,70],"card_choices":[{"not_picked":["Deadly Poison","Quick Slash"],"picked":"Blur","floor":0},{"not_picked":["Bane","Predator"],"picked":"Poisoned Stab","floor":1},{"not_picked":["Quick Slash","Dagger Throw"],"picked":"Backflip","floor":3},{"not_picked":["Footwork","All Out Attack"],"picked":"Escape Plan","floor":5},{"not_picked":["Deflect","Underhanded Strike","Finisher"],"picked":"SKIP","floor":8},{"not_picked":["Blade Dance","Poisoned Stab"],"picked":"Flechettes","floor":11},{"not_picked":["All Out Attack","Deflect"],"picked":"PiercingWail","floor":13},{"not_picked":["Expertise","Quick Slash"],"picked":"All Out Attack","floor":14}],"player_experience":33792,"relics_obtained":[{"floor":9,"key":"Ancient Tea Set"}],"event_choices":[{"damage_healed":0,"gold_gain":0,"player_choice":"Fled","damage_taken":0,"max_hp_gain":0,"max_hp_loss":0,"event_name":"Scrap Ooze","floor":2,"gold_loss":0},{"damage_healed":0,"gold_gain":175,"player_choice":"AGREE","damage_taken":0,"max_hp_gain":0,"max_hp_loss":0,"event_name":"Liars Game","floor":4,"gold_loss":0,"cards_obtained":["Doubt"]},{"cards_removed":["Strike_G"],"damage_healed":0,"gold_gain":0,"player_choice":"Purged","damage_taken":0,"max_hp_gain":0,"max_hp_loss":0,"event_name":"Purifier","floor":10,"gold_loss":0}],"is_beta":false,"boss_relics":[],"items_purged_floors":[7],"is_endless":false,"potions_floor_spawned":[3,8],"killed_by":"Slime Boss","ascension_level":0}