{"gold_per_floor":[112,131,306,306,28,59,59,59,59,93,108,128,93,103,103,174,174,193,293,311,343,102,137,149,149,149,149,149,181,56,56,56,133,133,152,162,5,23,42,77,177,177,177,193,210,239,239,265,265,265],"floor_reached":51,"playtime":3625,"items_purged":["Doubt","Strike_R","Strike_R"],"score":1729,"play_id":"9d77d76e-091c-4ac6-9442-50f1b5984ad6","local_time":"20190204145900","is_ascension_mode":true,"campfire_choices":[{"data":"Clothesline","floor":7,"key":"SMITH"},{"data":"Defend_R","floor":15,"key":"SMITH"},{"data":"Anger","floor":25,"key":"SMITH"},{"data":"Defend_R","floor":32,"key":"SMITH"},{"floor":42,"key":"REST"},{"floor":49,"key":"REST"}],"neow_cost":"NONE","seed_source_timestamp":13412111962096,"circlet_count":0,"master_deck":["AscendersBane","Strike_R+1","Strike_R","Strike_R","Defend_R+1","Defend_R+1","Defend_R","Defend_R","Bash+1","Clothesline+1","Battle Trance+1","Anger+1","Battle Trance+1","Impervious+1","Shrug It Off+1","Shrug It Off+1","Twin Strike+1","Havoc+1","Jack Of All Trades+1","Havoc+1","Bloodletting+1","Barricade","Clash+1","Heavy Blade+1","Cleave","Body Slam","Offering+1","Dramatic Entrance","Shrug It Off+1"],"relics":["Burning Blood","NeowsBlessing","Brimstone","Self Forming Clay","Red Skull","Ginger","Toxic Egg 2","Sozu","Turnip","Ornamental Fan","Red Mask","Lantern","Unceasing Top","Bottled Lightning","Mercury Hourglass","Fusion Hammer","Oddly Smooth Stone","Gambling Chip","Calipers","Thread and Needle","Whetstone","Incense Burner"],"potions_floor_usage":[23],"damage_taken":[{"damage":0,"enemies":"2 Louse","floor":1,"turns":1},{"damage":0,"enemies":"Small Slimes","floor":2,"turns":1},{"damage":0,"enemies":"Gremlin Nob","floor":6,"turns":1},{"damage":30,"enemies":"3 Sentries","floor":10,"turns":6},{"damage":4,"enemies":"Jaw Worm","floor":11,"turns":2},{"damage":2,"enemies":"3 Louse","floor":12,"turns":3},{"damage":8,"enemies":"Exordium Wildlife","floor":14,"turns":3},{"damage":0,"enemies":"Slime Boss","floor":16,"turns":6},{"damage":3,"enemies":"Shell Parasite","floor":18,"turns":4},{"damage":0,"enemies":"Colosseum Slavers","floor":19,"turns":4},{"damage":22,"enemies":"Colosseum Nobs","floor":19,"turns":4},{"damage":2,"enemies":"2 Thieves","floor":20,"turns":3},{"damage":5,"enemies":"Masked Bandits","floor":21,"turns":4},{"damage":2,"enemies":"Slavers","floor":23,"turns":4},{"damage":0,"enemies":"3 Cultists","floor":24,"turns":4},{"damage":3,"enemies":"Book of Stabbing","floor":29,"turns":4},{"damage":3,"enemies":"Collector","floor":33,"turns":6},{"damage":0,"enemies":"3 Darklings","floor":35,"turns":4},{"damage":0,"enemies":"Orb Walker","floor":36,"turns":3},{"damage":3,"enemies":"Sphere and 2 Shapes","floor":38,"turns":4},{"damage":0,"enemies":"Writhing Mass","floor":39,"turns":4},{"damage":31,"enemies":"Reptomancer","floor":40,"turns":5},{"damage":3,"enemies":"Mind Bloom Boss Battle","floor":41,"turns":3},{"damage":6,"enemies":"Transient","floor":44,"turns":5},{"damage":0,"enemies":"4 Shapes","floor":45,"turns":3},{"damage":6,"enemies":"Giant Head","floor":46,"turns":4},{"damage":9,"enemies":"Nemesis","floor":48,"turns":7},{"damage":10,"enemies":"Donu and Deca","floor":50,"turns":6}],"seed_played":"-7137598630695710433","potions_obtained":[{"floor":11,"key":"FairyPotion"},{"floor":14,"key":"GamblersBrew"}],"is_trial":false,"path_per_floor":["M","M","?","?","$","E","R","?","T","E","M","M","?","M","R","B",null,"M","?","M","?","$","E","M","R","T","?","?","E","$","T","R","B",null,"M","M","$","M","M","E","?","R","T","M","M","E","?","E","R","B",null],"character_chosen":"IRONCLAD","items_purchased":["Brimstone","Jack Of All Trades+1","Havoc+1","Oddly Smooth Stone"],"campfire_rested":2,"item_purchase_floors":[5,22,22,37],"current_hp_per_floor":[78,80,80,64,64,70,70,58,58,34,36,40,60,58,58,64,76,79,64,68,69,69,73,79,79,79,79,79,80,80,80,80,80,80,80,80,80,80,80,55,58,80,80,80,80,80,80,77,80,76],"gold":265,"neow_bonus":"THREE_ENEMY_KILL","is_prod":false,"is_daily":false,"chose_seed":false,"campfire_upgraded":4,"win_rate":0,"timestamp":1549288740,"path_taken":["M","M","?","?","$","E","R","?","T","E","M","M","?","?","R","BOSS","M","?","M","?","$","E","M","R","T","?","?","E","$","?","R","BOSS","M","?","$","M","?","E","?","R","T","M","M","E","?","E","R","BOSS"],"build_version":"2019-01-23","purchased_purges":3,"victory":true,"max_hp_per_floor":[80,80,80,80,80,80,80,80,80,80,80,80,80,80,80,80,80,80,80,80,80,80,80,80,80,80,80,80,80,80,80,80,80,80,80,80,80,80,80,80,80,80,80,80,80,80,80,80,80,80],"card_choices":[{"not_picked":["Perfected Strike","Sword Boomerang","Heavy Blade"],"picked":"SKIP","floor":1},{"not_picked":["Wild Strike","Sword Boomerang"],"picked":"Clothesline","floor":2},{"not_picked":["Exhume","Clothesline","Second Wind"],"picked":"SKIP","floor":6},{"not_picked":["Thunderclap","Clash","Brutality"],"picked":"SKIP","floor":10},{"not_picked":["Havoc+1","True Grit+1"],"picked":"Battle Trance+1","floor":11},{"not_picked":["Twin Strike","Pommel Strike"],"picked":"Anger","floor":12},{"not_picked":["True Grit+1","Searing Blow"],"picked":"Battle Trance+1","floor":14},{"not_picked":["Dark Embrace","Offering+1"],"picked":"Impervious+1","floor":16},{"not_picked":["Armaments+1","Thunderclap"],"picked":"Shrug It Off+1","floor":18},{"not_picked":["Bloodletting+1","Sentinel+1"],"picked":"Shrug It Off+1","floor":19},{"not_picked":["Armaments+1","Clash"],"picked":"Twin Strike+1","floor":20},{"not_picked":["Pummel","Perfected Strike"],"picked":"Havoc+1","floor":21},{"not_picked":["Brutality","Armaments+1","Reckless Charge"],"picked":"SKIP","floor":23},{"not_picked":["Body Slam","Twin Strike","Wild Strike"],"picked":"SKIP","floor":24},{"not_picked":["Berserk","Demon Form"],"picked":"Bloodletting+1","floor":29},{"not_picked":["Fiend Fire","Offering+1"],"picked":"Barricade","floor":33},{"not_picked":["Pommel Strike","Thunderclap+1"],"picked":"Clash","floor":35},{"not_picked":["Armaments+1","Body Slam","Perfected Strike"],"picked":"SKIP","floor":36},{"not_picked":["Power Through+1","Hemokinesis","Heavy Blade"],"picked":"SKIP","floor":38},{"not_picked":["Clothesline","Demon Form"],"picked":"Heavy Blade","floor":39},{"not_picked":["Flex+1","Burning Pact+1"],"picked":"Cleave","floor":40},{"not_picked":["Iron Wave","Cleave","Burning Pact+1"],"picked":"SKIP","floor":44},{"not_picked":["Battle Trance+1","Feel No Pain"],"picked":"Body Slam","floor":45},{"not_picked":["Sentinel+1","Sword Boomerang"],"picked":"Offering+1","floor":46},{"not_picked":["PanicButton+1","Magnetism"],"picked":"Dramatic Entrance","floor":47},{"not_picked":["Thunderclap+1","Spot Weakness+1"],"picked":"Shrug It Off+1","floor":48}],"player_experience":147134,"relics_obtained":[{"floor":6,"key":"Self Forming Clay"},{"floor":9,"key":"Ginger"},{"floor":10,"key":"Toxic Egg 2"},{"floor":19,"key":"Turnip"},{"floor":19,"key":"Ornamental Fan"},{"floor":21,"key":"Red Mask"},{"floor":23,"key":"Lantern"},{"floor":26,"key":"Unceasing Top"},{"floor":29,"key":"Bottled Lightning"},{"floor":31,"key":"Mercury Hourglass"},{"floor":40,"key":"Gambling Chip"},{"floor":41,"key":"Calipers"},{"floor":43,"key":"Thread and Needle"},{"floor":46,"key":"Whetstone"},{"floor":48,"key":"Incense Burner"}],"event_choices":[{"damage_healed":0,"gold_gain":175,"player_choice":"AGREE","damage_taken":0,"max_hp_gain":0,"max_hp_loss":0,"event_name":"Liars Game","floor":3,"gold_loss":0,"cards_obtained":["Doubt"]},{"damage_healed":0,"gold_gain":0,"player_choice":"Entered Light","damage_taken":16,"max_hp_gain":0,"max_hp_loss":0,"event_name":"Shining Light","floor":4,"gold_loss":0,"cards_upgraded":["Strike_R","Bash"]},{"damage_healed":0,"gold_gain":0,"player_choice":"Success","damage_taken":12,"relics_obtained":["Red Skull"],"max_hp_gain":0,"max_hp_loss":0,"event_name":"Scrap Ooze","floor":8,"gold_loss":0},{"damage_healed":20,"gold_gain":0,"player_choice":"Healed","damage_taken":0,"max_hp_gain":0,"max_hp_loss":0,"event_name":"The Cleric","floor":13,"gold_loss":35},{"damage_healed":0,"gold_gain":0,"player_choice":"Fight","damage_taken":0,"max_hp_gain":0,"max_hp_loss":0,"event_name":"Colosseum","floor":19,"gold_loss":0},{"damage_healed":0,"gold_gain":0,"player_choice":"Fought Nobs","damage_taken":0,"max_hp_gain":0,"max_hp_loss":0,"event_name":"Colosseum","floor":19,"gold_loss":0},{"damage_healed":0,"gold_gain":0,"player_choice":"Fought Bandits","damage_taken":0,"max_hp_gain":0,"max_hp_loss":0,"event_name":"Masked Bandits","floor":21,"gold_loss":0},{"damage_healed":0,"gold_gain":0,"player_choice":"Ignored","damage_taken":0,"max_hp_gain":0,"max_hp_loss":0,"event_name":"The Mausoleum","floor":27,"gold_loss":0},{"damage_healed":0,"gold_gain":0,"player_choice":"Ignored","damage_taken":0,"max_hp_gain":0,"max_hp_loss":0,"event_name":"Ghosts","floor":28,"gold_loss":0},{"damage_healed":0,"gold_gain":0,"player_choice":"Fight","damage_taken":0,"max_hp_gain":0,"max_hp_loss":0,"event_name":"MindBloom","floor":41,"gold_loss":0},{"damage_healed":0,"gold_gain":0,"player_choice":"Memory 1","damage_taken":0,"max_hp_gain":0,"max_hp_loss":0,"event_name":"SensoryStone","floor":47,"gold_loss":0}],"is_beta":false,"boss_relics":[{"not_picked":["Runic Dome","Tiny House"],"picked":"Sozu"},{"not_picked":["Empty Cage","Runic Cube"],"picked":"Fusion Hammer"}],"items_purged_floors":[5,22,30],"is_endless":false,"potions_floor_spawned":[11,14,16,18,20,21,33,39,46,48],"ascension_level":13}