{"gold_per_floor":[115,215,140,153,171,171,186,212,235,235,248,260,271,271],"floor_reached":14,"playtime":615,"items_purged":["Parasite"],"score":127,"play_id":"2e6603f0-611a-4310-a720-a15ad4fad600","local_time":"20190113205145","is_ascension_mode":true,"campfire_choices":[{"data":"Flying Knee","floor":6,"key":"SMITH"},{"floor":10,"key":"REST"}],"neow_cost":"CURSE","seed_source_timestamp":466565232027736,"circlet_count":0,"master_deck":["Defend_G","Defend_G","Defend_G","Defend_G","Defend_G","Strike_G","Strike_G","Strike_G","Strike_G","Strike_G","Survivor","Neutralize","Malaise","Well Laid Plans","Escape Plan","Flying Knee+1","Endless Agony","Blade Dance","Well Laid Plans","Outmaneuver"],"relics":["Ring of the Snake","Regal Pillow","Omamori"],"potions_floor_usage":[7,8,11,14],"damage_taken":[{"damage":0,"enemies":"Small Slimes","floor":1,"turns":3},{"damage":4,"enemies":"Cultist","floor":4,"turns":5},{"damage":3,"enemies":"2 Louse","floor":5,"turns":3},{"damage":28,"enemies":"Exordium Thugs","floor":7,"turns":7},{"damage":27,"enemies":"3 Sentries","floor":8,"turns":8},{"damage":12,"enemies":"Gremlin Gang","floor":11,"turns":6},{"damage":8,"enemies":"3 Louse","floor":12,"turns":5},{"damage":4,"enemies":"Blue Slaver","floor":13,"turns":3},{"damage":13,"enemies":"Lagavulin","floor":14,"turns":5}],"seed_played":"7877304295841757194","potions_obtained":[{"floor":5,"key":"PowerPotion"},{"floor":7,"key":"Explosive Potion"},{"floor":8,"key":"Fire Potion"},{"floor":12,"key":"Strength Potion"}],"is_trial":false,"path_per_floor":["M","?","$","M","M","R","M","E","T","R","M","M","M","E"],"character_chosen":"THE_SILENT","items_purchased":[],"campfire_rested":1,"item_purchase_floors":[],"current_hp_per_floor":[63,63,63,59,56,56,28,1,1,36,24,16,12,0],"gold":271,"neow_bonus":"THREE_RARE_CARDS","is_prod":false,"is_daily":false,"chose_seed":false,"campfire_upgraded":1,"win_rate":0,"timestamp":1547441505,"path_taken":["M","?","$","M","M","R","M","E","T","R","?","M","?","E"],"build_version":"2019-01-10","purchased_purges":1,"victory":false,"max_hp_per_floor":[70,70,67,67,67,67,67,67,67,67,67,67,67,67],"card_choices":[{"not_picked":["Tools of the Trade","Corpse Explosion"],"picked":"Malaise","floor":0},{"not_picked":["Setup","Flying Knee"],"picked":"Well Laid Plans","floor":1},{"not_picked":["Outmaneuver","Slice"],"picked":"Escape Plan","floor":4},{"not_picked":["Underhanded Strike","Infinite Blades"],"picked":"Flying Knee","floor":5},{"not_picked":["Reflex","Deflect"],"picked":"Endless Agony","floor":7},{"not_picked":["Underhanded Strike","Bane"],"picked":"Blade Dance","floor":8},{"not_picked":["Poisoned Stab","Backflip"],"picked":"Well Laid Plans","floor":11},{"not_picked":["Poisoned Stab","Flying Knee","Quick Slash"],"picked":"SKIP","floor":12},{"not_picked":["Riddle With Holes","Tactician"],"picked":"Outmaneuver","floor":13}],"player_experience":329793,"relics_obtained":[{"floor":8,"key":"Regal Pillow"},{"floor":9,"key":"Omamori"}],"event_choices":[{"damage_healed":0,"gold_gain":100,"player_choice":"Pray","damage_taken":0,"max_hp_gain":0,"max_hp_loss":0,"event_name":"Golden Shrine","floor":2,"gold_loss":0}],"is_beta":false,"boss_relics":[],"items_purged_floors":[3],"is_endless":false,"potions_floor_spawned":[5,7,8,12],"killed_by":"Lagavulin","ascension_level":7}