{"gold_per_floor":[114,47,62,62,62,92,107,107,107,122,137,137,167,167,167,267,267,282,297,147,147,162,162,177,192,242,242,257,257,257,257,257,357,357,372,297,297,312,327,327],"floor_reached":40,"playtime":1878,"items_purged":["Thinking Ahead"],"score":398,"play_id":"b61925f4-d7e9-4432-b5df-9d3cb078b3ed","local_time":"20190608181905","daily_mods":["Allstar","Colorless Cards","Binary"],"is_ascension_mode":false,"campfire_choices":[{"data":"Dramatic Entrance","floor":12,"key":"SMITH"},{"data":"Creative AI","floor":15,"key":"SMITH"},{"floor":27,"key":"REST"},{"floor":30,"key":"REST"},{"floor":32,"key":"REST"}],"neow_cost":"","seed_source_timestamp":0,"circlet_count":0,"master_deck":["Strike_B+1","Strike_B+1","Strike_B+1","Strike_B+1","Defend_B+1","Defend_B+1","Defend_B+1","Defend_B+1","Zap","Dualcast","Panache","Madness","Dramatic Entrance+1","Enlightenment","BootSequence","Go for the Eyes","Amplify","Cold Snap","Creative AI+1","Core Surge","Ball Lightning","Regret","Impatience","Cold Snap","Core Surge","Hologram+1","Go for the Eyes+1"],"special_seed":18056,"relics":["Cracked Core","Question Card","Ice Cream","Gremlin Horn","StoneCalendar","Orichalcum","Symbiotic Virus","Velvet Choker","DataDisk","Enchiridion","Lantern","Bag of Preparation","Black Star"],"potions_floor_usage":[11,13,16,33,33,39,40],"damage_taken":[{"damage":0,"enemies":"2 Louse","floor":1,"turns":2},{"damage":6,"enemies":"Cultist","floor":3,"turns":4},{"damage":54,"enemies":"Gremlin Nob","floor":6,"turns":5},{"damage":5,"enemies":"Small Slimes","floor":7,"turns":3},{"damage":0,"enemies":"Looter","floor":10,"turns":3},{"damage":0,"enemies":"Exordium Thugs","floor":11,"turns":2},{"damage":6,"enemies":"3 Sentries","floor":13,"turns":3},{"damage":20,"enemies":"The Guardian","floor":16,"turns":8},{"damage":7,"enemies":"Chosen","floor":18,"turns":5},{"damage":31,"enemies":"2 Thieves","floor":19,"turns":5},{"damage":19,"enemies":"Cultist and Chosen","floor":22,"turns":5},{"damage":0,"enemies":"Centurion and Healer","floor":24,"turns":4},{"damage":7,"enemies":"Snecko","floor":25,"turns":4},{"damage":22,"enemies":"Snake Plant","floor":28,"turns":4},{"damage":44,"enemies":"Automaton","floor":33,"turns":7},{"damage":42,"enemies":"3 Darklings","floor":35,"turns":5},{"damage":2,"enemies":"Orb Walker","floor":38,"turns":3},{"damage":18,"enemies":"Maw","floor":39,"turns":6},{"damage":24,"enemies":"Nemesis","floor":40,"turns":3}],"seed_played":"7782654409507782275","potions_obtained":[{"floor":6,"key":"AttackPotion"},{"floor":10,"key":"FairyPotion"},{"floor":11,"key":"SkillPotion"},{"floor":13,"key":"Poison Potion"},{"floor":19,"key":"Ancient Potion"},{"floor":24,"key":"Explosive Potion"},{"floor":28,"key":"Strength Potion"},{"floor":33,"key":"EssenceOfSteel"},{"floor":39,"key":"Energy Potion"}],"is_trial":false,"path_per_floor":["M","?","M","$","T","E","M","?","T","M","M","R","E","T","R","B",null,"M","M","$","?","M","?","M","M","T","R","M","T","R","?","R","B",null,"M","$","?","M","M","E"],"character_chosen":"DEFECT","items_purchased":["DataDisk"],"campfire_rested":3,"item_purchase_floors":[20],"current_hp_per_floor":[75,75,69,69,69,15,10,28,28,28,28,28,22,22,22,2,75,68,37,37,21,2,2,2,7,7,28,6,6,27,27,48,4,72,30,30,30,28,10,0],"gold":327,"neow_bonus":"","is_prod":false,"is_daily":true,"chose_seed":false,"campfire_upgraded":2,"win_rate":0,"timestamp":1560043145,"path_taken":["M","?","M","$","?","E","M","?","T","M","M","R","E","?","R","BOSS","M","M","$","?","M","?","M","M","T","R","M","?","R","?","R","BOSS","M","$","?","M","M","E"],"build_version":"2019-01-23","purchased_purges":1,"victory":false,"max_hp_per_floor":[75,75,75,75,75,75,75,75,75,75,75,75,75,75,75,75,75,75,75,75,75,75,72,72,72,72,72,72,72,72,72,72,72,72,72,72,72,72,72,72],"card_choices":[{"not_picked":["Lockon"],"picked":"Enlightenment","floor":1},{"not_picked":["Rebound","Ball Lightning"],"picked":"BootSequence","floor":3},{"not_picked":["Gash","Streamline"],"picked":"Go for the Eyes","floor":6},{"not_picked":["Barrage","Trip","Purity"],"picked":"SKIP","floor":7},{"not_picked":["Steam","Stack"],"picked":"Amplify","floor":10},{"not_picked":["Leap","Beam Cell"],"picked":"Cold Snap","floor":11},{"not_picked":["Sweeping Beam","Conserve Battery"],"picked":"Creative AI","floor":13},{"not_picked":["Violence","Metamorphosis"],"picked":"Core Surge","floor":16},{"not_picked":["Beam Cell","Sweeping Beam","Finesse"],"picked":"SKIP","floor":18},{"not_picked":["Flash of Steel+1","Redo"],"picked":"Ball Lightning","floor":19},{"not_picked":["Beam Cell","Undo+1","Rebound"],"picked":"SKIP","floor":22},{"not_picked":["Leap","Sweeping Beam"],"picked":"Cold Snap","floor":24},{"not_picked":["Steam Power+1","Compile Driver","Go for the Eyes"],"picked":"SKIP","floor":25},{"not_picked":["Leap+1","Turbo","Static Discharge"],"picked":"SKIP","floor":28},{"not_picked":["Reboot","Fission"],"picked":"Core Surge","floor":33},{"not_picked":["Go for the Eyes+1","Storm"],"picked":"Hologram+1","floor":35},{"not_picked":["Lockon+1","Cold Snap+1","Beam Cell"],"picked":"SKIP","floor":38},{"not_picked":["Sweeping Beam+1","Barrage"],"picked":"Go for the Eyes+1","floor":39}],"player_experience":626498,"relics_obtained":[{"floor":5,"key":"Ice Cream"},{"floor":6,"key":"Gremlin Horn"},{"floor":9,"key":"StoneCalendar"},{"floor":13,"key":"Orichalcum"},{"floor":14,"key":"Symbiotic Virus"},{"floor":21,"key":"Enchiridion"},{"floor":26,"key":"Lantern"},{"floor":29,"key":"Bag of Preparation"}],"event_choices":[{"damage_healed":0,"gold_gain":0,"player_choice":"Paid Gold","damage_taken":0,"relics_obtained":["Question Card"],"max_hp_gain":0,"max_hp_loss":0,"event_name":"WeMeetAgain","floor":2,"gold_loss":67},{"damage_healed":18,"gold_gain":0,"player_choice":"Healed and dodged fight","damage_taken":0,"max_hp_gain":0,"max_hp_loss":0,"event_name":"Mushrooms","floor":8,"gold_loss":0,"cards_obtained":["Parasite"]},{"damage_healed":0,"gold_gain":0,"player_choice":"Obtained Book","damage_taken":16,"max_hp_gain":0,"max_hp_loss":0,"event_name":"Cursed Tome","floor":21,"gold_loss":0},{"damage_healed":0,"gold_gain":0,"cards_transformed":["Parasite","Transmutation"],"player_choice":"Became Test Subject","damage_taken":0,"max_hp_gain":0,"max_hp_loss":0,"event_name":"Drug Dealer","floor":23,"gold_loss":0,"cards_obtained":["Regret","Impatience"]},{"damage_healed":0,"gold_gain":0,"player_choice":"Simplicity","damage_taken":0,"max_hp_gain":0,"max_hp_loss":0,"event_name":"Back to Basics","floor":31,"gold_loss":0,"cards_upgraded":["Strike_B","Strike_B","Strike_B","Strike_B","Defend_B","Defend_B","Defend_B","Defend_B"]},{"damage_healed":0,"gold_gain":0,"player_choice":"Memory 1","damage_taken":0,"max_hp_gain":0,"max_hp_loss":0,"event_name":"SensoryStone","floor":37,"gold_loss":0}],"is_beta":false,"boss_relics":[{"not_picked":["Astrolabe","Ectoplasm"],"picked":"Velvet Choker"},{"not_picked":["Snecko Eye","Orrery"],"picked":"Black Star"}],"items_purged_floors":[36],"is_endless":false,"potions_floor_spawned":[6,10,11,13,19,24,28,33,39],"killed_by":"Nemesis","ascension_level":0}