{"gold_per_floor":[117,117,132,151,170,199,252,252,252,263,67,87,119,136,136,212,212,223,223,223,71,84,84,84,84,84,104,104],"floor_reached":28,"playtime":1997,"items_purged":["Strike_R"],"score":426,"play_id":"d22cd2cc-ef40-4726-9d7b-8d4dc141ae70","local_time":"20190309015649","is_ascension_mode":true,"campfire_choices":[{"floor":8,"key":"REST"},{"data":"Metallicize","floor":15,"key":"SMITH"},{"floor":23,"key":"REST"},{"floor":25,"key":"RECALL"}],"neow_cost":"NONE","seed_source_timestamp":1768343484752858,"circlet_count":0,"master_deck":["AscendersBane","Strike_R","Strike_R","Strike_R","Strike_R","Defend_R","Defend_R","Defend_R","Defend_R","Bash+1","Ghostly Armor","Power Through","Seeing Red","Hemokinesis","Dropkick","Metallicize+1","Dark Embrace","Dropkick","Feed","Pain","Feel No Pain","Metallicize+1","Ghostly","Ghostly","Ghostly"],"relics":["Burning Blood","Bag of Marbles","Mercury Hourglass","Mummified Hand","Oddly Smooth Stone","Paper Frog","Fusion Hammer","WarpedTongs","Dodecahedron"],"potions_floor_usage":[13,16,27,28],"damage_taken":[{"damage":10,"enemies":"2 Louse","floor":1,"turns":2},{"damage":0,"enemies":"Cultist","floor":3,"turns":3},{"damage":19,"enemies":"Jaw Worm","floor":4,"turns":6},{"damage":6,"enemies":"Exordium Wildlife","floor":5,"turns":4},{"damage":32,"enemies":"Lagavulin","floor":6,"turns":7},{"damage":0,"enemies":"2 Fungi Beasts","floor":10,"turns":3},{"damage":3,"enemies":"3 Louse","floor":12,"turns":1},{"damage":10,"enemies":"Gremlin Nob","floor":13,"turns":4},{"damage":11,"enemies":"Looter","floor":14,"turns":3},{"damage":29,"enemies":"The Guardian","floor":16,"turns":19},{"damage":11,"enemies":"Chosen","floor":18,"turns":5},{"damage":40,"enemies":"3 Byrds","floor":22,"turns":5},{"damage":9,"enemies":"Centurion and Healer","floor":27,"turns":7},{"damage":50,"enemies":"Gremlin Leader","floor":28,"turns":8}],"seed_played":"-469819796071506908","potions_obtained":[{"floor":4,"key":"Weak Potion"},{"floor":13,"key":"LiquidBronze"},{"floor":14,"key":"Poison Potion"},{"floor":16,"key":"PowerPotion"}],"is_trial":false,"path_per_floor":["M","?","M","M","M","E","?","R","T","M","$","M","E","M","R","B",null,"M","$","?","$","M","R","?","R","T","M","E"],"character_chosen":"IRONCLAD","items_purchased":["Oddly Smooth Stone","Metallicize","Feel No Pain"],"campfire_rested":2,"item_purchase_floors":[11,11,21],"current_hp_per_floor":[64,64,70,57,57,31,31,53,53,59,59,62,58,53,53,30,64,59,59,59,59,25,47,37,37,37,37,0],"gold":104,"neow_bonus":"RANDOM_COMMON_RELIC","is_prod":false,"is_daily":false,"chose_seed":false,"campfire_upgraded":1,"win_rate":0,"timestamp":1552085809,"path_taken":["M","?","M","M","?","E","?","R","T","M","$","M","E","M","R","BOSS","M","$","?","$","?","R","?","R","T","M","E"],"build_version":"2019-01-23","purchased_purges":1,"victory":false,"max_hp_per_floor":[75,75,75,75,75,75,75,75,75,75,75,75,75,75,75,75,75,75,75,75,75,75,75,37,37,37,40,40],"card_choices":[{"not_picked":["True Grit","Dual Wield"],"picked":"Ghostly Armor","floor":1},{"not_picked":["Warcry","True Grit"],"picked":"Power Through","floor":3},{"not_picked":["Clash","Thunderclap"],"picked":"Seeing Red","floor":4},{"not_picked":["Cleave","Combust"],"picked":"Hemokinesis","floor":5},{"not_picked":["Perfected Strike","Bloodletting","True Grit"],"picked":"SKIP","floor":6},{"not_picked":["Dual Wield","Corruption"],"picked":"Dropkick","floor":10},{"not_picked":["Iron Wave","Rage","Clash"],"picked":"SKIP","floor":12},{"not_picked":["Armaments","Seeing Red"],"picked":"Dark Embrace","floor":13},{"not_picked":["Iron Wave","Cleave"],"picked":"Dropkick","floor":14},{"not_picked":["Impervious","Reaper"],"picked":"Feed","floor":16},{"not_picked":["Twin Strike","Iron Wave","Warcry"],"picked":"SKIP","floor":18},{"not_picked":["Flex","Thunderclap+1"],"picked":"Metallicize+1","floor":22},{"not_picked":["Intimidate","True Grit","Twin Strike"],"picked":"SKIP","floor":27}],"player_experience":255139,"relics_obtained":[{"floor":6,"key":"Mercury Hourglass"},{"floor":9,"key":"Mummified Hand"},{"floor":13,"key":"Paper Frog"},{"floor":26,"key":"Dodecahedron"}],"event_choices":[{"damage_healed":0,"gold_gain":0,"player_choice":"Upgraded","damage_taken":0,"max_hp_gain":0,"max_hp_loss":0,"event_name":"Upgrade Shrine","floor":2,"gold_loss":0,"cards_upgraded":["Bash"]},{"damage_healed":0,"gold_gain":53,"player_choice":"Gained Gold","damage_taken":0,"max_hp_gain":0,"max_hp_loss":0,"event_name":"Golden Wing","floor":7,"gold_loss":0},{"damage_healed":0,"gold_gain":0,"player_choice":"Rummage","damage_taken":0,"relics_obtained":["WarpedTongs"],"max_hp_gain":0,"max_hp_loss":0,"event_name":"Accursed Blacksmith","floor":20,"gold_loss":0,"cards_obtained":["Pain"]},{"damage_healed":0,"gold_gain":0,"player_choice":"Became a Ghost","damage_taken":0,"max_hp_gain":0,"max_hp_loss":38,"event_name":"Ghosts","floor":24,"gold_loss":0,"cards_obtained":["Ghostly","Ghostly","Ghostly"]}],"is_beta":false,"boss_relics":[{"not_picked":["Black Blood","Orrery"],"picked":"Fusion Hammer"}],"items_purged_floors":[21],"is_endless":false,"potions_floor_spawned":[4,13,14,16,18],"killed_by":"Gremlin Leader","ascension_level":17}