{"gold_per_floor":[113,113,113,32,32,32,57,57,57,121,22,38,38,49,49,149,149,168,178,93,93,106,131,131,158,158,173,191,191,209,259,259,259],"floor_reached":33,"playtime":2961,"items_purged":[],"score":453,"play_id":"5eeb0649-2e90-4084-957a-48f3de106e31","local_time":"20190430160521","is_ascension_mode":true,"campfire_choices":[{"data":"Sweeping Beam","floor":6,"key":"SMITH"},{"data":"Echo Form","floor":8,"key":"SMITH"},{"data":"Coolheaded","floor":13,"key":"SMITH"},{"floor":15,"key":"REST"},{"floor":24,"key":"REST"},{"data":"Double Energy","floor":32,"key":"SMITH"}],"neow_cost":"NONE","seed_source_timestamp":97089772297014,"circlet_count":0,"master_deck":["AscendersBane","Strike_B+1","Strike_B+1","Defend_B+1","Defend_B+1","Defend_B+1","Defend_B+1","Zap+1","Dualcast","Sweeping Beam+1","Self Repair","Echo Form+1","Cold Snap","Coolheaded+1","Heatsinks","Electrodynamics","Coolheaded+1","Coolheaded+1","Doom and Gloom+1","Turbo","Double Energy+1"],"relics":["Cracked Core","Regal Pillow","Mummified Hand","Whetstone","Mercury Hourglass","Oddly Smooth Stone","Empty Cage","FossilizedHelix","War Paint","Sundial","Bottled Flame"],"potions_floor_usage":[10,33],"damage_taken":[{"damage":1,"enemies":"Cultist","floor":1,"turns":3},{"damage":30,"enemies":"Lagavulin","floor":7,"turns":5},{"damage":20,"enemies":"Lagavulin Event","floor":10,"turns":4},{"damage":6,"enemies":"2 Louse","floor":12,"turns":3},{"damage":0,"enemies":"Small Slimes","floor":14,"turns":2},{"damage":20,"enemies":"The Guardian","floor":16,"turns":12},{"damage":10,"enemies":"Shell Parasite","floor":18,"turns":8},{"damage":4,"enemies":"Chosen","floor":19,"turns":6},{"damage":26,"enemies":"Snake Plant","floor":22,"turns":6},{"damage":20,"enemies":"Gremlin Leader","floor":23,"turns":5},{"damage":38,"enemies":"Slavers","floor":25,"turns":5},{"damage":6,"enemies":"3 Cultists","floor":27,"turns":3},{"damage":0,"enemies":"Chosen and Byrds","floor":28,"turns":6},{"damage":9,"enemies":"Shelled Parasite and Fungi","floor":30,"turns":8},{"damage":62,"enemies":"Automaton","floor":33,"turns":12}],"seed_played":"4758307381516232127","potions_obtained":[{"floor":7,"key":"Block Potion"},{"floor":10,"key":"Explosive Potion"},{"floor":19,"key":"GamblersBrew"},{"floor":30,"key":"SpeedPotion"}],"is_trial":false,"path_per_floor":["M","?","?","$","?","R","E","R","T","?","$","M","R","M","R","B",null,"M","M","?","?","M","E","R","E","T","M","M","?","M","?","R","B"],"character_chosen":"DEFECT","items_purchased":["Self Repair","Coolheaded","Dexterity Potion"],"campfire_rested":2,"item_purchase_floors":[4,11,11],"current_hp_per_floor":[67,67,60,60,65,65,42,42,42,29,29,37,37,44,80,67,77,74,70,70,70,44,31,70,39,39,33,47,47,45,45,45,0],"gold":259,"neow_bonus":"RANDOM_COMMON_RELIC","is_prod":false,"is_daily":false,"chose_seed":false,"campfire_upgraded":4,"win_rate":0,"timestamp":1556633121,"path_taken":["M","?","?","$","?","R","E","R","T","?","$","M","R","M","R","BOSS","M","M","?","?","M","E","R","E","T","?","M","?","M","?","R","BOSS"],"build_version":"2019-01-23","purchased_purges":0,"victory":false,"max_hp_per_floor":[75,75,75,75,80,80,80,80,80,80,80,80,80,80,80,80,80,80,80,80,80,80,80,80,80,80,80,80,80,80,80,80,80],"card_choices":[{"not_picked":["Chaos","Scrape"],"picked":"Sweeping Beam","floor":1},{"not_picked":["Rebound","Chill"],"picked":"Echo Form","floor":7},{"not_picked":["Barrage","Go for the Eyes"],"picked":"Cold Snap","floor":10},{"not_picked":["Skim","Reboot","FTL"],"picked":"SKIP","floor":12},{"not_picked":["White Noise","Cold Snap"],"picked":"Heatsinks","floor":14},{"not_picked":["Fission","Hyperbeam"],"picked":"Electrodynamics","floor":16},{"not_picked":["Skim","Stack+1"],"picked":"Coolheaded","floor":18},{"not_picked":["Melter","Darkness"],"picked":"Coolheaded+1","floor":19},{"not_picked":["Stack","Barrage+1","Conserve Battery"],"picked":"SKIP","floor":22},{"not_picked":["Stack","Barrage+1","Conserve Battery"],"picked":"SKIP","floor":22},{"not_picked":["Go for the Eyes","Turbo"],"picked":"Doom and Gloom+1","floor":23},{"not_picked":["Core Surge","Coolheaded","Darkness"],"picked":"SKIP","floor":25},{"not_picked":["Compile Driver","Go for the Eyes"],"picked":"Turbo","floor":27},{"not_picked":["Barrage+1","Chaos"],"picked":"Double Energy","floor":28},{"not_picked":["Coolheaded","Sweeping Beam","Go for the Eyes+1"],"picked":"SKIP","floor":30}],"player_experience":585593,"relics_obtained":[{"floor":7,"key":"Whetstone"},{"floor":9,"key":"Mercury Hourglass"},{"floor":10,"key":"Oddly Smooth Stone"},{"floor":23,"key":"War Paint"},{"floor":25,"key":"Sundial"},{"floor":26,"key":"Bottled Flame"}],"event_choices":[{"damage_healed":0,"gold_gain":0,"player_choice":"Grow","damage_taken":0,"max_hp_gain":0,"max_hp_loss":0,"event_name":"Living Wall","floor":2,"gold_loss":0,"cards_upgraded":["Zap"]},{"damage_healed":0,"gold_gain":0,"player_choice":"Success","damage_taken":7,"relics_obtained":["Mummified Hand"],"max_hp_gain":0,"max_hp_loss":0,"event_name":"Scrap Ooze","floor":3,"gold_loss":0},{"damage_healed":0,"gold_gain":0,"player_choice":"Donut","damage_taken":0,"max_hp_gain":5,"max_hp_loss":0,"event_name":"Big Fish","floor":5,"gold_loss":0},{"damage_healed":0,"gold_gain":0,"player_choice":"Searched \u00271\u0027 times","damage_taken":0,"max_hp_gain":0,"max_hp_loss":0,"event_name":"Dead Adventurer","floor":10,"gold_loss":0},{"damage_healed":0,"gold_gain":0,"player_choice":"Obtained Relic","damage_taken":0,"relics_obtained":["FossilizedHelix"],"max_hp_gain":0,"max_hp_loss":0,"event_name":"Addict","floor":20,"gold_loss":85},{"damage_healed":0,"gold_gain":0,"player_choice":"Ignored","damage_taken":0,"max_hp_gain":0,"max_hp_loss":0,"event_name":"Ghosts","floor":21,"gold_loss":0},{"damage_healed":0,"gold_gain":0,"player_choice":"Simplicity","damage_taken":0,"max_hp_gain":0,"max_hp_loss":0,"event_name":"Back to Basics","floor":29,"gold_loss":0,"cards_upgraded":["Defend_B","Defend_B","Defend_B"]},{"damage_healed":0,"gold_gain":100,"player_choice":"Bet on Murderer","damage_taken":0,"max_hp_gain":0,"max_hp_loss":0,"event_name":"The Joust","floor":31,"gold_loss":50}],"is_beta":false,"boss_relics":[{"not_picked":["Calling Bell","Lizard Tail"],"picked":"Empty Cage"}],"items_purged_floors":[],"is_endless":false,"potions_floor_spawned":[7,10,12,19,23,27,30],"killed_by":"Automaton","ascension_level":12}