{"gold_per_floor":[110,41,59,59,76,76,1,1,1,30,55,83,50,80,80,183,183,197,216,11,11,31,31,46,79,79,79,29,45,71,71,71,71],"floor_reached":33,"playtime":1614,"items_purged":["Strike_G"],"score":373,"play_id":"ed778cd7-7f6e-44e5-bbf2-e73764c19105","local_time":"20190106141019","is_ascension_mode":true,"campfire_choices":[{"data":"Catalyst","floor":6,"key":"SMITH"},{"data":"Crippling Poison","floor":8,"key":"SMITH"},{"floor":15,"key":"REST"},{"floor":23,"key":"REST"},{"floor":27,"key":"REST"},{"floor":32,"key":"REST"}],"neow_cost":"NONE","seed_source_timestamp":36455979394787,"circlet_count":0,"master_deck":["Defend_G","Defend_G","Defend_G","Defend_G","Defend_G","Strike_G","Strike_G","Strike_G","Strike_G","Survivor","Neutralize","Catalyst+1","Crippling Poison+1","Poisoned Stab","Dodge and Roll","After Image","Escape Plan+1","Dodge and Roll","Well Laid Plans+1"],"relics":["Ring of the Snake","Centennial Puzzle","MawBank","Peace Pipe","Cursed Key","TwistedFunnel","Nilry\u0027s Codex","Regal Pillow","Art of War","Ornamental Fan"],"potions_floor_usage":[14,14,24,25,25,30,33],"damage_taken":[{"damage":5,"enemies":"Cultist","floor":1,"turns":5},{"damage":1,"enemies":"Small Slimes","floor":3,"turns":4},{"damage":6,"enemies":"Jaw Worm","floor":5,"turns":4},{"damage":3,"enemies":"Looter","floor":10,"turns":3},{"damage":9,"enemies":"Blue Slaver","floor":11,"turns":2},{"damage":4,"enemies":"Exordium Wildlife","floor":12,"turns":2},{"damage":15,"enemies":"Gremlin Nob","floor":14,"turns":3},{"damage":30,"enemies":"Hexaghost","floor":16,"turns":9},{"damage":4,"enemies":"Chosen","floor":18,"turns":4},{"damage":13,"enemies":"Spheric Guardian","floor":19,"turns":5},{"damage":6,"enemies":"Centurion and Healer","floor":22,"turns":7},{"damage":9,"enemies":"Cultist and Chosen","floor":24,"turns":6},{"damage":18,"enemies":"Slavers","floor":25,"turns":6},{"damage":6,"enemies":"Chosen and Byrds","floor":29,"turns":3},{"damage":14,"enemies":"Book of Stabbing","floor":30,"turns":4},{"damage":63,"enemies":"Automaton","floor":33,"turns":8}],"seed_played":"5635482602378920468","potions_obtained":[{"floor":1,"key":"Energy Potion"},{"floor":4,"key":"AttackPotion"},{"floor":4,"key":"PowerPotion"},{"floor":19,"key":"Block Potion"},{"floor":22,"key":"Explosive Potion"},{"floor":24,"key":"FearPotion"},{"floor":30,"key":"Poison Potion"}],"is_trial":false,"path_per_floor":["M","$","M","?","M","R","$","R","T","M","M","M","$","E","R","B",null,"M","M","$","?","M","R","M","E","T","R","?","M","E","?","R","B"],"character_chosen":"THE_SILENT","items_purchased":["Catalyst","Dodge and Roll","TwistedFunnel"],"campfire_rested":4,"item_purchase_floors":[2,13,20],"current_hp_per_floor":[58,58,57,57,51,51,51,51,51,48,39,35,35,20,41,11,55,51,38,38,22,16,37,28,10,10,46,46,40,26,26,62,0],"gold":71,"neow_bonus":"RANDOM_COMMON_RELIC","is_prod":false,"is_daily":false,"chose_seed":false,"campfire_upgraded":2,"win_rate":0,"timestamp":1546812619,"path_taken":["M","$","?","?","M","R","$","R","T","?","M","M","$","E","R","BOSS","M","M","$","?","M","R","M","E","T","R","?","?","E","?","R","BOSS"],"build_version":"2019-01-03v4","purchased_purges":1,"victory":false,"max_hp_per_floor":[70,70,70,70,70,70,70,70,70,70,70,70,70,70,70,70,70,70,70,70,70,70,70,70,70,70,70,70,70,70,70,70,70],"card_choices":[{"not_picked":["Dagger Spray","Masterful Stab","Flying Knee"],"picked":"SKIP","floor":1},{"not_picked":["Setup","Finisher"],"picked":"Crippling Poison","floor":3},{"not_picked":["Deflect","Flying Knee","Choke"],"picked":"SKIP","floor":5},{"not_picked":["Flechettes","Deflect","Blade Dance"],"picked":"SKIP","floor":10},{"not_picked":["Outmaneuver","Dodge and Roll","Backstab"],"picked":"SKIP","floor":11},{"not_picked":["All Out Attack","Flechettes"],"picked":"Poisoned Stab","floor":12},{"not_picked":["Quick Slash","Sucker Punch","Flying Knee"],"picked":"SKIP","floor":14},{"not_picked":["Tools of the Trade","Wraith Form v2"],"picked":"After Image","floor":16},{"not_picked":["Distraction","Sucker Punch+1","PiercingWail+1"],"picked":"SKIP","floor":18},{"not_picked":["PiercingWail","Dagger Throw+1"],"picked":"Escape Plan+1","floor":19},{"not_picked":["Calculated Gamble","Reflex"],"picked":"Dodge and Roll","floor":22},{"not_picked":["Sucker Punch","Quick Slash","Reflex"],"picked":"SKIP","floor":24},{"not_picked":["Bane","Blade Dance","Slice"],"picked":"SKIP","floor":25},{"not_picked":["Cloak And Dagger","Die Die Die","Terror"],"picked":"SKIP","floor":29},{"not_picked":["Sucker Punch","Outmaneuver"],"picked":"Well Laid Plans+1","floor":30}],"player_experience":284356,"relics_obtained":[{"floor":9,"key":"MawBank"},{"floor":14,"key":"Peace Pipe"},{"floor":21,"key":"Nilry\u0027s Codex"},{"floor":25,"key":"Regal Pillow"},{"floor":30,"key":"Art of War"}],"event_choices":[{"damage_healed":0,"gold_gain":0,"player_choice":"Got Potions","damage_taken":0,"max_hp_gain":0,"max_hp_loss":0,"event_name":"Lab","floor":4,"gold_loss":0},{"damage_healed":0,"gold_gain":0,"player_choice":"Obtained Book","damage_taken":16,"max_hp_gain":0,"max_hp_loss":0,"event_name":"Cursed Tome","floor":21,"gold_loss":0},{"damage_healed":0,"gold_gain":0,"player_choice":"Bet on Murderer","damage_taken":0,"max_hp_gain":0,"max_hp_loss":0,"event_name":"The Joust","floor":28,"gold_loss":50},{"damage_healed":0,"gold_gain":0,"player_choice":"Opened","damage_taken":0,"relics_obtained":["Ornamental Fan"],"max_hp_gain":0,"max_hp_loss":0,"event_name":"The Mausoleum","floor":31,"gold_loss":0}],"is_beta":false,"boss_relics":[{"not_picked":["Ectoplasm","Lizard Tail"],"picked":"Cursed Key"}],"items_purged_floors":[7],"is_endless":false,"potions_floor_spawned":[1,5,12,19,22,24,30],"killed_by":"Automaton","ascension_level":6}