{"gold_per_floor":[112,126,139,139,155,182,193,221,247,278,203,203,55,20,20,117,117,133,58,157,138,138,170,170,200,200,150,164,164,179,196,196,300,300,318,318,318,45,55,55,55,87,87,121,121,149,149,199,199,199,199,199,24,57,57],"floor_reached":55,"playtime":4317,"items_purged":["Concentrate","Strike_G","Normality"],"score":1001,"play_id":"b845cc60-3aff-45a1-a4d1-2534794f7959","local_time":"20190321001213","is_ascension_mode":true,"campfire_choices":[{"data":"Deadly Poison","floor":12.0,"key":"SMITH"},{"data":"Neutralize","floor":15.0,"key":"SMITH"},{"data":"Dash","floor":24.0,"key":"SMITH"},{"floor":29.0,"key":"REST"},{"data":"Noxious Fumes","floor":32.0,"key":"SMITH"},{"floor":40.0,"key":"RECALL"},{"data":"Footwork","floor":45.0,"key":"SMITH"},{"data":"Adrenaline","floor":47.0,"key":"SMITH"},{"data":"Malaise","floor":49.0,"key":"SMITH"},{"data":"Leg Sweep","floor":52,"key":"SMITH"}],"neow_cost":"NONE","seed_source_timestamp":460067899420741,"circlet_count":0,"master_deck":["Defend_G+1","Defend_G","Defend_G","Defend_G","Strike_G","Strike_G+1","Survivor","Neutralize+1","Backstab+1","Poisoned Stab","Dash+1","Deadly Poison+1","Blur+1","Malaise+1","Adrenaline+1","Blur+1","Backflip+1","Purity","Flying Knee+1","Predator+1","Leg Sweep+1","Noxious Fumes+1","Die Die Die","Escape Plan","Footwork+1","Clumsy","Well Laid Plans","Backflip+1","Escape Plan+1"],"special_seed":0,"relics":["Ring of the Snake","Blue Candle","War Paint","Vajra","PreservedInsect","Whetstone","Black Star","Smiling Mask","Regal Pillow","Calipers","Pocketwatch","Oddly Smooth Stone","Cursed Key","Chemical X","Happy Flower","Juzu Bracelet","Potion Belt","Lantern","Bottled Tornado","Toxic Egg 2","Snake Skull","Incense Burner","Bird Faced Urn"],"potions_floor_usage":[50,50,54,55],"damage_taken":[{"damage":1.0,"enemies":"Small Slimes","floor":1.0,"turns":5.0},{"damage":0.0,"enemies":"Cultist","floor":2.0,"turns":3.0},{"damage":0.0,"enemies":"2 Louse","floor":3.0,"turns":2.0},{"damage":0.0,"enemies":"Looter","floor":5.0,"turns":2.0},{"damage":8.0,"enemies":"Gremlin Nob","floor":6.0,"turns":4.0},{"damage":5.0,"enemies":"Exordium Wildlife","floor":7.0,"turns":6.0},{"damage":5.0,"enemies":"3 Sentries","floor":8.0,"turns":10.0},{"damage":14.0,"enemies":"Lagavulin","floor":10.0,"turns":9.0},{"damage":7.0,"enemies":"Hexaghost","floor":16.0,"turns":11.0},{"damage":2.0,"enemies":"3 Byrds","floor":18.0,"turns":5.0},{"damage":1.0,"enemies":"2 Thieves","floor":21.0,"turns":4.0},{"damage":3.0,"enemies":"Gremlin Leader","floor":23.0,"turns":6.0},{"damage":41.0,"enemies":"Slavers","floor":25.0,"turns":7.0},{"damage":2.0,"enemies":"Cultist and Chosen","floor":28.0,"turns":7.0},{"damage":1.0,"enemies":"Sentry and Sphere","floor":30.0,"turns":6.0},{"damage":0.0,"enemies":"Snecko","floor":31.0,"turns":3.0},{"damage":69.0,"enemies":"Champ","floor":33.0,"turns":12.0},{"damage":0.0,"enemies":"Orb Walker","floor":35.0,"turns":3.0},{"damage":0.0,"enemies":"3 Shapes","floor":39.0,"turns":4.0},{"damage":0.0,"enemies":"Nemesis","floor":42.0,"turns":7.0},{"damage":1.0,"enemies":"Giant Head","floor":44.0,"turns":8.0},{"damage":1.0,"enemies":"Nemesis","floor":46.0,"turns":7.0},{"damage":31,"enemies":"Awakened One","floor":50,"turns":16},{"damage":46,"enemies":"Shield and Spear","floor":54,"turns":11},{"damage":51,"enemies":"The Heart","floor":55,"turns":3}],"seed_played":"7301232496920412214","potions_obtained":[{"floor":5.0,"key":"SpeedPotion"},{"floor":6.0,"key":"Energy Potion"},{"floor":10.0,"key":"FearPotion"},{"floor":16.0,"key":"Block Potion"},{"floor":21.0,"key":"GhostInAJar"},{"floor":28.0,"key":"Regen Potion"},{"floor":30.0,"key":"Fire Potion"},{"floor":39.0,"key":"EntropicBrew"},{"floor":42.0,"key":"Fire Potion"},{"floor":54,"key":"Explosive Potion"}],"is_trial":false,"path_per_floor":["M","M","M","?","M","E","M","E","T","E","$","R","$","?","R","B",null,"M","?","?","M","?","E","R","E","T","$","M","R","M","M","R","B",null,"M","?","?","$","M","R","?","E","T","E","R","E","R","T","R","B",null,"R","$","E","B"],"character_chosen":"THE_SILENT","items_purchased":["Whetstone","Footwork","Chemical X","Well Laid Plans","Backflip+1"],"campfire_rested":1,"item_purchase_floors":[13,38,38,53,53],"current_hp_per_floor":[76,76,76,76,76,68,63,58,58,44,44,44,44,63,63,56,77,75,75,75,74,74,71,71,30,30,30,28,66,65,65,65,11,77,77,72,72,72,72,72,72,72,72,71,71,70,70,70,70,39,73,73,73,27,0],"gold":57,"neow_bonus":"TEN_PERCENT_HP_BONUS","is_prod":false,"is_daily":false,"chose_seed":false,"campfire_upgraded":8,"win_rate":0,"timestamp":1553116333,"path_taken":["M","M","M","?","M","E","?","E","T","E","?","R","$","?","R","BOSS","M","?","?","M","?","E","R","E","T","$","M","R","?","?","R","BOSS","M","?","?","$","M","R","?","E","T","E","R","E","R","?","R","BOSS","R","$","E","BOSS"],"build_version":"2019-01-23","purchased_purges":3,"victory":false,"max_hp_per_floor":[77,77,77,77,77,77,77,77,77,77,77,77,77,77,77,77,77,77,77,77,77,77,77,77,77,77,77,77,77,77,77,77,77,77,77,77,73,73,73,73,73,73,73,73,73,73,73,73,73,73,73,73,73,73,73],"card_choices":[{"not_picked":["Blade Dance","Dodge and Roll"],"picked":"Backstab","floor":1.0},{"not_picked":["Backflip","PiercingWail"],"picked":"Poisoned Stab","floor":2.0},{"not_picked":["Blade Dance","Deadly Poison"],"picked":"Dash","floor":3.0},{"not_picked":["Infinite Blades","Cloak And Dagger"],"picked":"Deadly Poison","floor":5.0},{"not_picked":["Bane","Deflect","Dagger Throw"],"picked":"SKIP","floor":6.0},{"not_picked":["Poisoned Stab","Quick Slash"],"picked":"Blur","floor":7.0},{"not_picked":["Bouncing Flask","Deadly Poison"],"picked":"Malaise","floor":8.0},{"not_picked":["Backstab","Tools of the Trade","Endless Agony"],"picked":"SKIP","floor":10.0},{"not_picked":["Doppelganger","A Thousand Cuts"],"picked":"Adrenaline","floor":16.0},{"not_picked":["Sucker Punch","Cloak And Dagger"],"picked":"Blur+1","floor":18.0},{"not_picked":["Bouncing Flask","Prepared"],"picked":"Backflip+1","floor":21.0},{"not_picked":["Slice","Bane"],"picked":"Flying Knee+1","floor":23.0},{"not_picked":["Masterful Stab+1","Dodge and Roll"],"picked":"Predator+1","floor":25.0},{"not_picked":["Sucker Punch","Bane+1","Expertise+1"],"picked":"SKIP","floor":28.0},{"not_picked":["Cloak And Dagger+1","Setup+1"],"picked":"Leg Sweep","floor":30.0},{"not_picked":["Slice","Escape Plan+1"],"picked":"Noxious Fumes","floor":31.0},{"not_picked":["Envenom","Glass Knife"],"picked":"Die Die Die","floor":33.0},{"not_picked":["Bouncing Flask+1","Deflect"],"picked":"Escape Plan","floor":35.0},{"not_picked":["Blade Dance+1","Bane","Caltrops"],"picked":"SKIP","floor":39.0},{"not_picked":["Blade Dance","Unload","Slice"],"picked":"SKIP","floor":42.0},{"not_picked":["Backflip","Cloak And Dagger","Underhanded Strike"],"picked":"SKIP","floor":44.0},{"not_picked":["Skewer","Poisoned Stab","Accuracy+1"],"picked":"SKIP","floor":46.0},{"not_picked":["Wraith Form v2","Deflect+1"],"picked":"Escape Plan+1","floor":54}],"player_experience":370545,"relics_obtained":[{"floor":6.0,"key":"Blue Candle"},{"floor":8.0,"key":"War Paint"},{"floor":9.0,"key":"Vajra"},{"floor":10.0,"key":"PreservedInsect"},{"floor":23.0,"key":"Smiling Mask"},{"floor":23.0,"key":"Regal Pillow"},{"floor":25.0,"key":"Calipers"},{"floor":25.0,"key":"Pocketwatch"},{"floor":26.0,"key":"Oddly Smooth Stone"},{"floor":42.0,"key":"Happy Flower"},{"floor":42.0,"key":"Juzu Bracelet"},{"floor":44.0,"key":"Potion Belt"},{"floor":44.0,"key":"Lantern"},{"floor":46.0,"key":"Bottled Tornado"},{"floor":46.0,"key":"Toxic Egg 2"},{"floor":48.0,"key":"Snake Skull"},{"floor":54,"key":"Incense Burner"},{"floor":54,"key":"Bird Faced Urn"}],"event_choices":[{"damage_healed":0.0,"max_hp_gain":0.0,"max_hp_loss":0.0,"gold_gain":0.0,"cards_transformed":["Strike_G"],"event_name":"Transmorgrifier","player_choice":"Transformed","floor":4.0,"gold_loss":0.0,"damage_taken":0.0,"cards_obtained":["Concentrate"]},{"damage_healed":19.0,"max_hp_gain":0.0,"max_hp_loss":0.0,"gold_gain":0.0,"event_name":"The Cleric","player_choice":"Healed","floor":14.0,"gold_loss":35.0,"damage_taken":0.0},{"cards_removed":["Strike_G"],"damage_healed":0.0,"max_hp_gain":0.0,"max_hp_loss":0.0,"gold_gain":0.0,"event_name":"Beggar","player_choice":"Gave Gold","floor":19.0,"gold_loss":75.0,"damage_taken":0.0},{"damage_healed":0.0,"max_hp_gain":0.0,"max_hp_loss":0.0,"gold_gain":99.0,"event_name":"Nest","player_choice":"Stole From Cult","floor":20.0,"gold_loss":0.0,"damage_taken":0.0},{"damage_healed":0.0,"max_hp_gain":0.0,"max_hp_loss":0.0,"gold_gain":0.0,"event_name":"Match and Keep!","player_choice":"1 cards matched","floor":22.0,"gold_loss":0.0,"damage_taken":0.0,"cards_obtained":["Purity"]},{"damage_healed":0.0,"max_hp_gain":0.0,"max_hp_loss":0.0,"gold_gain":0.0,"event_name":"SensoryStone","player_choice":"Memory 2","floor":36.0,"gold_loss":0.0,"damage_taken":5.0},{"damage_healed":0.0,"max_hp_gain":0.0,"max_hp_loss":4.0,"gold_gain":0.0,"event_name":"Winding Halls","player_choice":"Max HP","floor":37.0,"gold_loss":0.0,"damage_taken":0.0},{"cards_removed":["Defend_G"],"damage_healed":0.0,"max_hp_gain":0.0,"max_hp_loss":0.0,"gold_gain":0.0,"event_name":"Falling","player_choice":"Removed Skill","floor":41.0,"gold_loss":0.0,"damage_taken":0.0}],"is_beta":false,"boss_relics":[{"not_picked":["Runic Dome","WristBlade"],"picked":"Black Star"},{"not_picked":["Fusion Hammer","Astrolabe"],"picked":"Cursed Key"}],"items_purged_floors":[11,27,53],"is_endless":false,"potions_floor_spawned":[5,6,10,16,21,28,30,39,42,54],"killed_by":"The Heart","ascension_level":4}