{"gold_per_floor":[113,37,47,63,63,63,63,76,148,148,162,162],"floor_reached":12,"playtime":310,"items_purged":[],"score":112,"play_id":"f534c785-e04d-476e-8fe4-6e7d634eddf6","local_time":"20190311003210","is_ascension_mode":true,"campfire_choices":[{"data":"Noxious Fumes","floor":6,"key":"SMITH"},{"data":"Noxious Fumes","floor":10,"key":"SMITH"}],"neow_cost":"PERCENT_DAMAGE","seed_source_timestamp":756736469491248,"circlet_count":0,"master_deck":["AscendersBane","Defend_G","Defend_G","Defend_G","Defend_G","Defend_G","Strike_G","Strike_G","Strike_G","Strike_G","Survivor","Neutralize","Noxious Fumes+1","Noxious Fumes+1"],"relics":["Ring of the Snake","Shovel","The Courier"],"potions_floor_usage":[12,12],"damage_taken":[{"damage":3,"enemies":"2 Louse","floor":1,"turns":3},{"damage":2,"enemies":"Cultist","floor":3,"turns":4},{"damage":1,"enemies":"Jaw Worm","floor":4,"turns":4},{"damage":11,"enemies":"3 Louse","floor":8,"turns":4},{"damage":7,"enemies":"Looter","floor":11,"turns":4},{"damage":22,"enemies":"3 Sentries","floor":12,"turns":4}],"seed_played":"-2296094956610193351","potions_obtained":[{"floor":8,"key":"LiquidBronze"},{"floor":11,"key":"Explosive Potion"}],"is_trial":false,"path_per_floor":["M","$","M","M","$","R","?","M","T","R","M","E"],"character_chosen":"THE_SILENT","items_purchased":["Noxious Fumes"],"campfire_rested":0,"item_purchase_floors":[2],"current_hp_per_floor":[42,42,40,39,39,39,39,28,28,28,21,0],"gold":162,"neow_bonus":"ONE_RARE_RELIC","is_prod":false,"is_daily":false,"chose_seed":false,"campfire_upgraded":2,"win_rate":0,"timestamp":1552289530,"path_taken":["M","$","M","M","$","R","?","M","T","R","M","E"],"build_version":"2019-01-23","purchased_purges":0,"victory":false,"max_hp_per_floor":[70,70,70,70,70,70,70,70,70,70,70,70],"card_choices":[{"not_picked":["Flying Knee","Acrobatics","Slice"],"picked":"SKIP","floor":1},{"not_picked":["Dagger Spray","After Image"],"picked":"Noxious Fumes","floor":3},{"not_picked":["Sucker Punch","Slice","Quick Slash"],"picked":"SKIP","floor":4},{"not_picked":["Flechettes","PiercingWail","Tools of the Trade"],"picked":"SKIP","floor":8},{"not_picked":["Concentrate","Deflect","Riddle With Holes"],"picked":"SKIP","floor":11}],"player_experience":536712,"relics_obtained":[{"floor":9,"key":"The Courier"}],"event_choices":[{"cards_removed":["Strike_G"],"damage_healed":0,"gold_gain":0,"player_choice":"Purged","damage_taken":0,"max_hp_gain":0,"max_hp_loss":0,"event_name":"Purifier","floor":7,"gold_loss":0}],"is_beta":false,"boss_relics":[],"items_purged_floors":[],"is_endless":false,"potions_floor_spawned":[8,11],"killed_by":"3 Sentries","ascension_level":12}