{"gold_per_floor":[109,34,45,65,83,83,97,97,122,122,47,81,94,119,119,198,198,214,214,214,214,58,58,88,88,136,161,161,161,161,176,176,176],"floor_reached":33,"playtime":2252,"items_purged":["Strike_R","Pain"],"score":553,"play_id":"56b92652-0e46-483c-997d-3a25fa9fa03d","local_time":"20190528011826","is_ascension_mode":true,"campfire_choices":[{"data":"Anger","floor":6.0,"key":"SMITH"},{"data":"Bash","floor":8.0,"key":"SMITH"},{"data":"Iron Wave","floor":10.0,"key":"SMITH"},{"data":"Shrug It Off","floor":15.0,"key":"SMITH"},{"data":"Offering","floor":23.0,"key":"SMITH"},{"floor":25.0,"key":"REST"},{"floor":30.0,"key":"REST"},{"floor":32.0,"key":"REST"}],"neow_cost":"NONE","seed_source_timestamp":0,"circlet_count":0,"master_deck":["AscendersBane","Strike_R","Strike_R","Strike_R","Defend_R+1","Defend_R","Defend_R","Defend_R","Bash+1","Battle Trance+1","Spot Weakness","Iron Wave+1","Pommel Strike","Anger+1","Heavy Blade","Combust","Shrug It Off+1","Inflame","Offering+1","Doubt","Injury","Shockwave","True Grit+1","Battle Trance","Corruption","Feel No Pain+1"],"special_seed":0,"relics":["Burning Blood","Juzu Bracelet","Art of War","War Paint","Calling Bell","Blood Vial","Meat on the Bone","WingedGreaves","Bottled Tornado","Orichalcum"],"potions_floor_usage":[33],"damage_taken":[{"damage":2.0,"enemies":"2 Louse","floor":1.0,"turns":4.0},{"damage":8.0,"enemies":"Small Slimes","floor":3.0,"turns":4.0},{"damage":1.0,"enemies":"Cultist","floor":4.0,"turns":3.0},{"damage":12.0,"enemies":"Looter","floor":5.0,"turns":3.0},{"damage":2.0,"enemies":"2 Fungi Beasts","floor":7.0,"turns":3.0},{"damage":18.0,"enemies":"Lagavulin","floor":12.0,"turns":6.0},{"damage":4.0,"enemies":"Blue Slaver","floor":13.0,"turns":3.0},{"damage":20.0,"enemies":"3 Sentries","floor":14.0,"turns":5.0},{"damage":17.0,"enemies":"The Guardian","floor":16.0,"turns":8.0},{"damage":18.0,"enemies":"3 Byrds","floor":18.0,"turns":6.0},{"damage":29.0,"enemies":"Colosseum Slavers","floor":20.0,"turns":4.0},{"damage":29.0,"enemies":"Slavers","floor":24.0,"turns":4.0},{"damage":49.0,"enemies":"Gremlin Leader","floor":27.0,"turns":6.0},{"damage":27.0,"enemies":"Spheric Guardian","floor":31.0,"turns":4.0},{"damage":92,"enemies":"Collector","floor":33,"turns":8}],"seed_played":"-5943768658169983184","potions_obtained":[{"floor":1.0,"key":"Weak Potion"},{"floor":4.0,"key":"SkillPotion"},{"floor":13.0,"key":"Energy Potion"},{"floor":14.0,"key":"BloodPotion"},{"floor":24.0,"key":"Regen Potion"}],"is_trial":false,"path_per_floor":["M","?","M","M","M","R","M","R","T","R","$","E","M","E","R","B",null,"M","?","?","?","$","R","E","R","T","E","?","?","R","M","R","B"],"character_chosen":"IRONCLAD","items_purchased":["Swift Potion"],"campfire_rested":3,"item_purchase_floors":[22],"current_hp_per_floor":[72,72,70,75,69,69,73,73,73,73,73,61,63,49,49,38,66,56,56,47,47,47,47,38,60,60,31,31,31,53,46,68,0],"gold":176,"neow_bonus":"THREE_CARDS","is_prod":false,"is_daily":false,"chose_seed":false,"campfire_upgraded":5,"win_rate":0,"timestamp":1558999106,"path_taken":["M","?","M","M","M","R","M","R","T","R","$","E","M","E","R","BOSS","M","?","?","?","$","R","E","R","T","E","?","?","R","M","R","BOSS"],"build_version":"2019-01-23","purchased_purges":2,"victory":false,"max_hp_per_floor":[75,75,75,75,75,75,75,75,75,75,75,75,75,75,75,75,75,75,75,75,75,75,75,75,75,75,75,75,75,75,75,75,75],"card_choices":[{"not_picked":["Wild Strike","Twin Strike"],"picked":"Battle Trance","floor":0.0},{"not_picked":["Seeing Red","Entrench"],"picked":"Spot Weakness","floor":1.0},{"not_picked":["Twin Strike","Flex"],"picked":"Iron Wave","floor":3.0},{"not_picked":["Wild Strike","Seeing Red"],"picked":"Pommel Strike","floor":4.0},{"not_picked":["Heavy Blade","Spot Weakness"],"picked":"Anger","floor":5.0},{"not_picked":["Hemokinesis","Twin Strike"],"picked":"Heavy Blade","floor":7.0},{"not_picked":["True Grit","Twin Strike"],"picked":"Combust","floor":12.0},{"not_picked":["Iron Wave","Flex"],"picked":"Shrug It Off","floor":13.0},{"not_picked":["Iron Wave","Sword Boomerang"],"picked":"Inflame","floor":14.0},{"not_picked":["Demon Form","Barricade"],"picked":"Offering","floor":16.0},{"not_picked":["True Grit","Heavy Blade"],"picked":"Shockwave","floor":18.0},{"not_picked":["Dropkick","Entrench"],"picked":"True Grit","floor":24.0},{"not_picked":["Sentinel","Ghostly Armor"],"picked":"Battle Trance","floor":27.0},{"not_picked":["Clothesline","Carnage"],"picked":"Feel No Pain+1","floor":31.0}],"player_experience":667080,"relics_obtained":[{"floor":9.0,"key":"Juzu Bracelet"},{"floor":12.0,"key":"Art of War"},{"floor":14.0,"key":"War Paint"},{"floor":17.0,"key":"Blood Vial"},{"floor":17.0,"key":"Meat on the Bone"},{"floor":17.0,"key":"WingedGreaves"},{"floor":24.0,"key":"Bottled Tornado"},{"floor":27.0,"key":"Orichalcum"}],"event_choices":[{"cards_removed":["Strike_R"],"damage_healed":0.0,"max_hp_gain":0.0,"max_hp_loss":0.0,"gold_gain":0.0,"event_name":"The Cleric","player_choice":"Card Removal","floor":2.0,"gold_loss":75.0,"damage_taken":0.0},{"damage_healed":0.0,"max_hp_gain":0.0,"max_hp_loss":0.0,"gold_gain":0.0,"event_name":"Vampires","player_choice":"Ignored","floor":19.0,"gold_loss":0.0,"damage_taken":0.0},{"damage_healed":0.0,"max_hp_gain":0.0,"max_hp_loss":0.0,"gold_gain":0.0,"event_name":"Colosseum","player_choice":"Fight","floor":20.0,"gold_loss":0.0,"damage_taken":0.0},{"damage_healed":0.0,"max_hp_gain":0.0,"max_hp_loss":0.0,"gold_gain":0.0,"event_name":"Colosseum","player_choice":"Fled From Nobs","floor":20.0,"gold_loss":0.0,"damage_taken":0.0},{"damage_healed":0.0,"max_hp_gain":0.0,"max_hp_loss":0.0,"gold_gain":0.0,"event_name":"The Mausoleum","player_choice":"Ignored","floor":21.0,"gold_loss":0.0,"damage_taken":0.0},{"damage_healed":0.0,"max_hp_gain":0.0,"max_hp_loss":0.0,"gold_gain":0.0,"event_name":"Accursed Blacksmith","player_choice":"Forge","floor":28.0,"gold_loss":0.0,"damage_taken":0.0,"cards_upgraded":["True Grit"]},{"damage_healed":0.0,"max_hp_gain":0.0,"max_hp_loss":0.0,"gold_gain":0.0,"event_name":"The Library","player_choice":"Read","floor":29.0,"gold_loss":0.0,"damage_taken":0.0,"cards_obtained":["Corruption"]}],"is_beta":false,"boss_relics":[{"not_picked":["Philosopher\u0027s Stone","Black Blood"],"picked":"Calling Bell"}],"items_purged_floors":[11,22],"is_endless":false,"potions_floor_spawned":[1,4,13,14,18,24],"killed_by":"Collector","ascension_level":18}