{"gold_per_floor":[117,137,62,62,62,62,12,12,12,12,36,36,55,69,69,197,197,211,211,227,227,251,251,251,201,201,216,237,253,253,253,253,381,381,405,130,130],"floor_reached":37,"playtime":5001,"items_purged":["Strike_G","Strike_G","Strike_G"],"score":521,"play_id":"5c53dc12-d004-4731-8eae-10dd8d9e23ee","local_time":"20190126134932","is_ascension_mode":true,"campfire_choices":[{"data":"Noxious Fumes","floor":6,"key":"SMITH"},{"data":"Backflip","floor":10,"key":"SMITH"},{"data":"Backflip","floor":12,"key":"SMITH"},{"data":"Footwork","floor":15,"key":"SMITH"},{"floor":23,"key":"REST"},{"floor":30,"key":"REST"},{"data":"Deadly Poison","floor":32,"key":"SMITH"}],"neow_cost":"NONE","seed_source_timestamp":1560039590216925,"circlet_count":0,"master_deck":["Defend_G","Defend_G","Defend_G","Defend_G","Defend_G","Survivor","Neutralize","Backflip+1","Noxious Fumes+1","Parasite","Backflip+1","Footwork+1","A Thousand Cuts","Leg Sweep","RitualDagger+1","Deadly Poison+1","Footwork+1","Dash","Acrobatics+1","After Image","Caltrops","Footwork"],"relics":["Ring of the Serpent","Golden Idol","Lantern","Sozu","Smiling Mask","Ancient Tea Set","Nilry\u0027s Codex","Snake Skull"],"potions_floor_usage":[16,16,18],"damage_taken":[{"damage":11,"enemies":"Jaw Worm","floor":1,"turns":5},{"damage":2,"enemies":"2 Louse","floor":2,"turns":5},{"damage":0,"enemies":"Small Slimes","floor":11,"turns":5},{"damage":1,"enemies":"2 Fungi Beasts","floor":13,"turns":6},{"damage":0,"enemies":"3 Louse","floor":14,"turns":5},{"damage":34,"enemies":"Hexaghost","floor":16,"turns":14},{"damage":0,"enemies":"3 Byrds","floor":18,"turns":4},{"damage":9,"enemies":"Shell Parasite","floor":20,"turns":9},{"damage":23,"enemies":"Shelled Parasite and Fungi","floor":22,"turns":9},{"damage":7,"enemies":"Snake Plant","floor":27,"turns":6},{"damage":5,"enemies":"Sentry and Sphere","floor":28,"turns":7},{"damage":10,"enemies":"Snecko","floor":29,"turns":8},{"damage":19,"enemies":"Collector","floor":33,"turns":11},{"damage":33,"enemies":"3 Darklings","floor":35,"turns":4},{"damage":33,"enemies":"2 Orb Walkers","floor":37,"turns":4}],"seed_played":"5865982103655980","potions_obtained":[{"floor":2,"key":"SteroidPotion"},{"floor":11,"key":"Strength Potion"},{"floor":14,"key":"Explosive Potion"}],"is_trial":false,"path_per_floor":["M","M","$","?","?","R","?","?","T","R","M","R","M","M","R","B",null,"M","?","M","?","M","R","?","$","T","M","M","M","R","?","R","B",null,"M","$","?"],"character_chosen":"THE_SILENT","items_purchased":["Snake Skull","Footwork"],"campfire_rested":2,"item_purchase_floors":[36,36],"current_hp_per_floor":[52,50,50,33,26,26,26,43,43,43,43,43,42,42,42,8,55,55,49,40,40,17,38,38,38,38,31,26,16,37,21,21,2,53,20,20,0],"gold":130,"neow_bonus":"THREE_CARDS","is_prod":false,"is_daily":false,"chose_seed":false,"campfire_upgraded":5,"win_rate":0,"timestamp":1548539372,"path_taken":["M","M","$","?","?","R","?","?","T","R","M","R","M","M","R","BOSS","M","?","M","?","M","R","?","$","T","M","?","M","R","?","R","BOSS","M","$","?"],"build_version":"2019-01-23","purchased_purges":3,"victory":false,"max_hp_per_floor":[70,70,70,70,70,70,70,70,70,70,70,70,70,70,70,70,70,70,70,70,70,70,70,70,70,70,70,70,70,70,70,70,70,70,70,70,70],"card_choices":[{"not_picked":["Tactician","Dodge and Roll"],"picked":"Backflip","floor":0},{"not_picked":["Underhanded Strike","Choke"],"picked":"Noxious Fumes","floor":1},{"not_picked":["Dodge and Roll","PiercingWail","Flying Knee"],"picked":"SKIP","floor":2},{"not_picked":["Cloak And Dagger","Acrobatics"],"picked":"Backflip","floor":11},{"not_picked":["Infinite Blades","Eviscerate","Underhanded Strike"],"picked":"SKIP","floor":13},{"not_picked":["Well Laid Plans","Flechettes"],"picked":"Footwork","floor":14},{"not_picked":["Storm of Steel","Die Die Die"],"picked":"A Thousand Cuts","floor":16},{"not_picked":["Outmaneuver","Blade Dance"],"picked":"Leg Sweep","floor":18},{"not_picked":["Calculated Gamble","Dodge and Roll+1"],"picked":"Deadly Poison","floor":20},{"not_picked":["Bullet Time","Underhanded Strike+1","PiercingWail"],"picked":"SKIP","floor":22},{"not_picked":["Tactician","Blur"],"picked":"Footwork+1","floor":27},{"not_picked":["Outmaneuver","Flechettes"],"picked":"Dash","floor":28},{"not_picked":["Cloak And Dagger+1","Bane"],"picked":"Acrobatics+1","floor":29},{"not_picked":["Doppelganger","Storm of Steel"],"picked":"After Image","floor":33},{"not_picked":["Crippling Poison+1","Choke+1"],"picked":"Caltrops","floor":35}],"player_experience":400140,"relics_obtained":[{"floor":9,"key":"Lantern"},{"floor":26,"key":"Ancient Tea Set"},{"floor":31,"key":"Nilry\u0027s Codex"}],"event_choices":[{"damage_healed":0,"gold_gain":0,"player_choice":"Take Damage","damage_taken":17,"relics_obtained":["Golden Idol"],"max_hp_gain":0,"max_hp_loss":0,"event_name":"Golden Idol","floor":4,"gold_loss":0},{"cards_removed":["Strike_G"],"damage_healed":0,"gold_gain":0,"player_choice":"Card Removal","damage_taken":7,"max_hp_gain":0,"max_hp_loss":0,"event_name":"Golden Wing","floor":5,"gold_loss":0},{"cards_removed":["Strike_G"],"damage_healed":0,"gold_gain":0,"player_choice":"Card Removal","damage_taken":0,"max_hp_gain":0,"max_hp_loss":0,"event_name":"The Cleric","floor":7,"gold_loss":50},{"damage_healed":17,"gold_gain":0,"player_choice":"Healed and dodged fight","damage_taken":0,"max_hp_gain":0,"max_hp_loss":0,"event_name":"Mushrooms","floor":8,"gold_loss":0,"cards_obtained":["Parasite"]},{"damage_healed":0,"gold_gain":0,"player_choice":"Joined the Cult","damage_taken":6,"max_hp_gain":0,"max_hp_loss":0,"event_name":"Nest","floor":19,"gold_loss":0,"cards_obtained":["RitualDagger"]},{"damage_healed":0,"gold_gain":0,"player_choice":"Opened","damage_taken":0,"relics_obtained":["Smiling Mask"],"max_hp_gain":0,"max_hp_loss":0,"event_name":"The Mausoleum","floor":21,"gold_loss":0},{"damage_healed":0,"gold_gain":0,"player_choice":"Forge","damage_taken":0,"max_hp_gain":0,"max_hp_loss":0,"event_name":"Accursed Blacksmith","floor":24,"gold_loss":0,"cards_upgraded":["RitualDagger"]},{"damage_healed":0,"gold_gain":0,"player_choice":"Obtained Book","damage_taken":16,"max_hp_gain":0,"max_hp_loss":0,"event_name":"Cursed Tome","floor":31,"gold_loss":0},{"damage_healed":0,"gold_gain":0,"player_choice":"Fight","damage_taken":0,"max_hp_gain":0,"max_hp_loss":0,"event_name":"Mysterious Sphere","floor":37,"gold_loss":0}],"is_beta":false,"boss_relics":[{"not_picked":["Empty Cage","Runic Pyramid"],"picked":"Sozu"},{"not_picked":["Fusion Hammer","Orrery"],"picked":"Ring of the Serpent"}],"items_purged_floors":[3,25,36],"is_endless":false,"potions_floor_spawned":[2,11,14,20,22,28,29,35],"killed_by":"2 Orb Walkers","ascension_level":9}