{"gold_per_floor":[117,117,117,131,145,145,110,138,209,223,223,91,91,119,119,190,190,206,206,206,20,30,30,44,44,44,44,60,60,60],"floor_reached":30,"playtime":1709,"items_purged":["Strike_G","Strike_G"],"score":437,"play_id":"9a687924-efc1-471a-8592-439baf2ca511","local_time":"20190529000245","is_ascension_mode":true,"campfire_choices":[{"data":"Corpse Explosion","floor":6,"key":"SMITH"},{"floor":11,"key":"REST"},{"floor":13,"key":"REST"},{"floor":15,"key":"REST"},{"data":"Noxious Fumes","floor":23,"key":"SMITH"},{"floor":25,"key":"REST"},{"floor":29,"key":"REST"}],"neow_cost":"TEN_PERCENT_HP_LOSS","seed_source_timestamp":1139740921215376,"circlet_count":0,"master_deck":["AscendersBane","Defend_G","Defend_G","Defend_G","Defend_G","Defend_G","Strike_G","Strike_G","Survivor","Neutralize","Corpse Explosion+1","Cloak And Dagger","Caltrops","Well Laid Plans","Escape Plan","Poisoned Stab","Noxious Fumes+1","Wraith Form v2+1","Footwork","Escape Plan+1","Dodge and Roll","Leg Sweep"],"relics":["Ring of the Snake","GremlinMask","Blood Vial","Blue Candle","Dream Catcher","Busted Crown","Singing Bowl","Vajra"],"potions_floor_usage":[8,14,16,18],"damage_taken":[{"damage":6,"enemies":"Jaw Worm","floor":1,"turns":5},{"damage":2,"enemies":"2 Louse","floor":4,"turns":2},{"damage":0,"enemies":"Cultist","floor":5,"turns":4},{"damage":45,"enemies":"Gremlin Nob","floor":8,"turns":6},{"damage":11,"enemies":"3 Louse","floor":10,"turns":2},{"damage":21,"enemies":"3 Sentries","floor":14,"turns":4},{"damage":14,"enemies":"Hexaghost","floor":16,"turns":9},{"damage":2,"enemies":"Spheric Guardian","floor":18,"turns":5},{"damage":9,"enemies":"Shell Parasite","floor":22,"turns":7},{"damage":22,"enemies":"Snake Plant","floor":24,"turns":5},{"damage":16,"enemies":"Shelled Parasite and Fungi","floor":28,"turns":6},{"damage":50,"enemies":"Slavers","floor":30,"turns":3}],"seed_played":"9147100872530338287","potions_obtained":[{"floor":4,"key":"Swift Potion"},{"floor":5,"key":"PowerPotion"},{"floor":10,"key":"SpeedPotion"},{"floor":14,"key":"Regen Potion"},{"floor":18,"key":"Strength Potion"}],"is_trial":false,"path_per_floor":["M","?","?","M","M","R","?","E","T","M","R","$","R","E","R","B",null,"M","?","T","$","M","R","M","R","T","?","M","R","E"],"character_chosen":"THE_SILENT","items_purchased":["Poisoned Stab","Footwork"],"campfire_rested":5,"item_purchase_floors":[12,21],"current_hp_per_floor":[53,46,46,44,44,44,59,14,14,5,23,23,41,22,40,43,56,56,40,40,40,35,35,15,35,35,35,23,43,0],"gold":60,"neow_bonus":"THREE_RARE_CARDS","is_prod":false,"is_daily":false,"chose_seed":false,"campfire_upgraded":2,"win_rate":0,"timestamp":1559080965,"path_taken":["M","?","?","?","M","R","?","E","T","M","R","$","R","E","R","BOSS","M","?","?","$","M","R","?","R","T","?","M","R","E"],"build_version":"2019-01-23","purchased_purges":2,"victory":false,"max_hp_per_floor":[60,60,60,60,60,60,60,60,60,60,60,60,60,60,60,60,60,60,65,65,65,67,67,67,67,67,67,69,69,69],"card_choices":[{"not_picked":["A Thousand Cuts","Malaise"],"picked":"Corpse Explosion","floor":0},{"not_picked":["Underhanded Strike","Finisher"],"picked":"Cloak And Dagger","floor":1},{"not_picked":["Blur","Flying Knee"],"picked":"Caltrops","floor":4},{"not_picked":["Backflip","Underhanded Strike","Skewer"],"picked":"SKIP","floor":5},{"not_picked":["Envenom","Acrobatics"],"picked":"Well Laid Plans","floor":8},{"not_picked":["Deflect","Cloak And Dagger"],"picked":"Escape Plan","floor":10},{"not_picked":["Flying Knee","Sucker Punch"],"picked":"Noxious Fumes","floor":14},{"not_picked":["Storm of Steel","Night Terror"],"picked":"Wraith Form v2","floor":16},{"not_picked":["Outmaneuver+1"],"picked":"SKIP","floor":18},{"not_picked":["Dagger Throw"],"picked":"Singing Bowl","floor":22},{"not_picked":[],"picked":"Escape Plan+1","floor":24},{"not_picked":[],"picked":"Dodge and Roll","floor":25},{"not_picked":["Bouncing Flask"],"picked":"Singing Bowl","floor":28},{"not_picked":[],"picked":"Leg Sweep","floor":29}],"player_experience":684871,"relics_obtained":[{"floor":8,"key":"Blood Vial"},{"floor":9,"key":"Blue Candle"},{"floor":14,"key":"Dream Catcher"},{"floor":20,"key":"Singing Bowl"},{"floor":26,"key":"Vajra"}],"event_choices":[{"cards_removed":["Strike_G"],"damage_healed":0,"gold_gain":0,"player_choice":"Card Removal","damage_taken":7,"max_hp_gain":0,"max_hp_loss":0,"event_name":"Golden Wing","floor":2,"gold_loss":0},{"damage_healed":0,"gold_gain":0,"player_choice":"Trade","damage_taken":0,"relics_obtained":["GremlinMask"],"max_hp_gain":0,"max_hp_loss":0,"event_name":"FaceTrader","floor":3,"gold_loss":0},{"damage_healed":15,"gold_gain":0,"player_choice":"Healed","damage_taken":0,"max_hp_gain":0,"max_hp_loss":0,"event_name":"The Cleric","floor":7,"gold_loss":35},{"damage_healed":0,"gold_gain":0,"player_choice":"Shed Blood","damage_taken":21,"max_hp_gain":5,"max_hp_loss":0,"event_name":"Forgotten Altar","floor":19,"gold_loss":0},{"damage_healed":0,"gold_gain":0,"player_choice":"Upgraded","damage_taken":0,"max_hp_gain":0,"max_hp_loss":0,"event_name":"Upgrade Shrine","floor":27,"gold_loss":0,"cards_upgraded":["Wraith Form v2"]}],"is_beta":false,"boss_relics":[{"not_picked":["Lizard Tail","Empty Cage"],"picked":"Busted Crown"}],"items_purged_floors":[12,21],"is_endless":false,"potions_floor_spawned":[4,5,10,14,18],"killed_by":"Slavers","ascension_level":17}