{"gold_per_floor":[211,44,44,44,44,44,72,90,90,90,110,123,145,157,157,157],"floor_reached":16,"playtime":1531,"items_purged":[],"score":190,"play_id":"20ed3931-579e-40e3-81dc-c3e287075cd4","local_time":"20190602114941","is_ascension_mode":true,"campfire_choices":[{"floor":6.0,"key":"REST"},{"data":"Bash","floor":10,"key":"SMITH"},{"floor":15,"key":"REST"}],"neow_cost":"NONE","seed_source_timestamp":1527847176403572,"circlet_count":0,"master_deck":["AscendersBane","Strike_R","Strike_R","Strike_R","Strike_R","Defend_R","Defend_R","Defend_R","Defend_R","Bash+1","Flame Barrier","Battle Trance","Twin Strike","Evolve","Armaments","Anger"],"special_seed":0,"relics":["Burning Blood","Vajra","Bag of Marbles","Strawberry","Kunai","Odd Mushroom"],"potions_floor_usage":[7,12,12],"damage_taken":[{"damage":21.0,"enemies":"Jaw Worm","floor":1.0,"turns":5.0},{"damage":45,"enemies":"Lagavulin","floor":7,"turns":8},{"damage":0,"enemies":"2 Louse","floor":8,"turns":2},{"damage":0,"enemies":"Cultist","floor":11,"turns":2},{"damage":13,"enemies":"Exordium Thugs","floor":12,"turns":3},{"damage":15,"enemies":"The Mushroom Lair","floor":13,"turns":5},{"damage":2,"enemies":"2 Fungi Beasts","floor":14,"turns":4},{"damage":42,"enemies":"Hexaghost","floor":16,"turns":10}],"seed_played":"5780435745222952246","potions_obtained":[{"floor":1.0,"key":"Poison Potion"},{"floor":8,"key":"SkillPotion"},{"floor":11,"key":"Explosive Potion"}],"is_trial":false,"path_per_floor":["M","$","?","?","$","R","E","M","T","R","M","M","?","M","R","B"],"character_chosen":"IRONCLAD","items_purchased":["Vajra"],"campfire_rested":2,"item_purchase_floors":[2],"current_hp_per_floor":[53,53,35,28,28,50,18,24,24,24,30,23,14,18,42,0],"gold":157,"neow_bonus":"HUNDRED_GOLD","is_prod":false,"is_daily":false,"chose_seed":false,"campfire_upgraded":1,"win_rate":0,"timestamp":1559468981,"path_taken":["M","$","?","?","?","R","E","?","T","R","M","M","?","M","R","BOSS"],"build_version":"2019-01-23","purchased_purges":0,"victory":false,"max_hp_per_floor":[75,75,75,75,75,75,82,82,82,82,82,82,82,82,82,82],"card_choices":[{"not_picked":["Flex","Thunderclap"],"picked":"Flame Barrier","floor":1.0},{"not_picked":["Bludgeon","Power Through"],"picked":"Battle Trance","floor":7},{"not_picked":["Body Slam","Perfected Strike"],"picked":"Twin Strike","floor":8},{"not_picked":["Clothesline","Rampage"],"picked":"Evolve","floor":11},{"not_picked":["Warcry","Intimidate"],"picked":"Armaments","floor":12},{"not_picked":["Clothesline","Power Through"],"picked":"Anger","floor":14}],"player_experience":771437,"relics_obtained":[{"floor":7,"key":"Strawberry"},{"floor":9,"key":"Kunai"},{"floor":13,"key":"Odd Mushroom"}],"event_choices":[{"damage_healed":0.0,"max_hp_gain":0.0,"max_hp_loss":0.0,"gold_gain":0.0,"event_name":"Scrap Ooze","player_choice":"Success","floor":3.0,"gold_loss":0.0,"damage_taken":18.0,"relics_obtained":["Bag of Marbles"]},{"cards_removed":["Strike_R"],"damage_healed":0.0,"max_hp_gain":0.0,"max_hp_loss":0.0,"gold_gain":0.0,"event_name":"Golden Wing","player_choice":"Card Removal","floor":4.0,"gold_loss":0.0,"damage_taken":7.0},{"damage_healed":0,"gold_gain":0,"player_choice":"Fought Mushrooms","damage_taken":0,"max_hp_gain":0,"max_hp_loss":0,"event_name":"Mushrooms","floor":13,"gold_loss":0}],"is_beta":false,"boss_relics":[],"items_purged_floors":[],"is_endless":false,"potions_floor_spawned":[1,8,11],"killed_by":"Hexaghost","ascension_level":18}