{"gold_per_floor":[117,117,192,211,62,62,95,95,120,147,147,180,200,229,229,304,304,319,339,351,138,138,165,22,51,76,76,76,94,157,157,157,229,229,241,257,357,357,376,405,420,31,31,59,77,77,95,110,110,110],"floor_reached":51,"playtime":5077,"items_purged":["Strike_R","Strike_R"],"score":1570,"play_id":"577d42e4-115a-49f6-bb94-92fc845cada9","local_time":"20190609172600","is_ascension_mode":true,"campfire_choices":[{"data":"Bash","floor":8.0,"key":"SMITH"},{"data":"Metallicize","floor":11.0,"key":"SMITH"},{"data":"Spot Weakness","floor":15.0,"key":"SMITH"},{"data":"Shockwave","floor":27,"key":"SMITH"},{"data":"Offering","floor":32,"key":"SMITH"},{"data":"1","floor":49,"key":"LIFT"}],"neow_cost":"NONE","seed_source_timestamp":0,"circlet_count":0,"master_deck":["AscendersBane","Strike_R","Strike_R","Strike_R","Defend_R","Defend_R+1","Defend_R+1","Defend_R","Bash+1","Uppercut+1","Spot Weakness+1","Metallicize+1","Shrug It Off","Metallicize","Uppercut+1","Sword Boomerang+1","Reaper+1","Shockwave+1","Cleave+1","Iron Wave+1","Decay","Corruption","Shrug It Off","Spot Weakness","Pommel Strike+1","Offering+1","Limit Break","Shrug It Off+1","Heavy Blade+1","Clumsy","Body Slam+1","Disarm+1","Barricade","True Grit","Armaments+1","Doubt","Feel No Pain","Burning Pact"],"special_seed":0,"relics":["Burning Blood","NeowsBlessing","Molten Egg 2","War Paint","Bottled Tornado","Potion Belt","FossilizedHelix","Snecko Eye","Strawberry","Ginger","Art of War","Shuriken","Tiny Chest","Spirit Poop","Cursed Key","Girya","Thread and Needle","Oddly Smooth Stone","ClockworkSouvenir","Gremlin Horn","Vajra"],"potions_floor_usage":[29,33,41,44,50,50,50],"damage_taken":[{"damage":0.0,"enemies":"2 Louse","floor":1.0,"turns":1.0},{"damage":0.0,"enemies":"Small Slimes","floor":4.0,"turns":1.0},{"damage":0.0,"enemies":"3 Sentries","floor":7.0,"turns":1.0},{"damage":17.0,"enemies":"Lagavulin","floor":10.0,"turns":6.0},{"damage":18.0,"enemies":"Gremlin Nob","floor":12.0,"turns":4.0},{"damage":0.0,"enemies":"Jaw Worm","floor":13.0,"turns":4.0},{"damage":9.0,"enemies":"3 Sentries","floor":14.0,"turns":9.0},{"damage":39.0,"enemies":"Slime Boss","floor":16.0,"turns":13.0},{"damage":4.0,"enemies":"3 Byrds","floor":18.0,"turns":3.0},{"damage":6.0,"enemies":"Chosen","floor":19.0,"turns":4.0},{"damage":33.0,"enemies":"Shelled Parasite and Fungi","floor":20.0,"turns":5.0},{"damage":35.0,"enemies":"Slavers","floor":23.0,"turns":7.0},{"damage":24,"enemies":"Book of Stabbing","floor":25,"turns":6},{"damage":5,"enemies":"Snake Plant","floor":29,"turns":5},{"damage":36,"enemies":"Gremlin Leader","floor":30,"turns":6},{"damage":94,"enemies":"Collector","floor":33,"turns":10},{"damage":0,"enemies":"Orb Walker","floor":35,"turns":1},{"damage":0,"enemies":"3 Darklings","floor":36,"turns":3},{"damage":29,"enemies":"Mind Bloom Boss Battle","floor":37,"turns":5},{"damage":12,"enemies":"Writhing Mass","floor":39,"turns":4},{"damage":15,"enemies":"Nemesis","floor":40,"turns":7},{"damage":0,"enemies":"4 Shapes","floor":41,"turns":7},{"damage":18,"enemies":"Giant Head","floor":44,"turns":8},{"damage":6,"enemies":"Maw","floor":45,"turns":7},{"damage":6,"enemies":"Sphere and 2 Shapes","floor":47,"turns":4},{"damage":6,"enemies":"Jaw Worm Horde","floor":48,"turns":4},{"damage":6,"enemies":"Donu and Deca","floor":50,"turns":6}],"seed_played":"-1961795250059871285","potions_obtained":[{"floor":1.0,"key":"Explosive Potion"},{"floor":13.0,"key":"SkillPotion"},{"floor":14.0,"key":"LiquidBronze"},{"floor":18.0,"key":"Weak Potion"},{"floor":20.0,"key":"SteroidPotion"},{"floor":29,"key":"Dexterity Potion"},{"floor":30,"key":"Block Potion"},{"floor":37,"key":"GamblersBrew"},{"floor":41,"key":"Poison Potion"},{"floor":44,"key":"Swift Potion"},{"floor":45,"key":"SneckoOil"},{"floor":47,"key":"Swift Potion"},{"floor":48,"key":"SteroidPotion"}],"is_trial":false,"path_per_floor":["M","?","?","M","$","$","E","R","T","E","R","E","M","E","R","B",null,"M","M","M","$","?","E","$","E","T","R","?","M","E","?","R","B",null,"M","M","?","T","M","E","M","$","T","E","M","?","M","M","R","B",null],"character_chosen":"IRONCLAD","items_purchased":["Metallicize","PowerPotion","Energy Potion","Shrug It Off","Spot Weakness","Barricade","ClockworkSouvenir"],"campfire_rested":0,"item_purchase_floors":[5,21,21,24,24,42,42],"current_hp_per_floor":[74,74,74,75,75,75,75,75,75,64,64,52,58,55,55,22,62,75,75,55,55,55,53,53,47,47,47,47,52,59,59,59,20,67,73,82,81,81,82,79,82,82,82,70,82,82,82,82,82,82],"gold":110,"neow_bonus":"THREE_ENEMY_KILL","is_prod":false,"is_daily":false,"chose_seed":false,"campfire_upgraded":5,"win_rate":0,"timestamp":1560093960,"path_taken":["M","?","?","?","?","$","E","R","T","E","R","E","M","E","R","BOSS","M","M","?","$","?","E","$","E","T","R","?","M","E","?","R","BOSS","M","?","?","?","M","E","M","$","T","E","?","?","?","M","R","BOSS"],"build_version":"2019-01-23","purchased_purges":2,"victory":true,"max_hp_per_floor":[75,75,75,75,75,75,75,75,75,75,75,75,75,75,75,75,75,75,75,75,75,75,82,82,82,82,82,82,82,82,82,82,82,82,82,82,82,82,82,82,82,82,82,82,82,82,82,82,82,82],"card_choices":[{"not_picked":["Fire Breathing","Dropkick"],"picked":"Uppercut","floor":1.0},{"not_picked":["Uppercut","True Grit"],"picked":"Spot Weakness","floor":4.0},{"not_picked":["Berserk","Rupture"],"picked":"Shrug It Off","floor":7.0},{"not_picked":["Sever Soul+1","Flex","Reckless Charge+1"],"picked":"SKIP","floor":10.0},{"not_picked":["Wild Strike+1","Second Wind"],"picked":"Metallicize","floor":12.0},{"not_picked":["Havoc","Heavy Blade+1"],"picked":"Uppercut+1","floor":13.0},{"not_picked":["Headbutt+1","Flex"],"picked":"Sword Boomerang+1","floor":14.0},{"not_picked":["Limit Break","Berserk"],"picked":"Reaper+1","floor":16.0},{"not_picked":["Power Through","Perfected Strike+1"],"picked":"Shockwave","floor":18.0},{"not_picked":["Body Slam+1","Pummel+1"],"picked":"Cleave+1","floor":19.0},{"not_picked":["Pommel Strike+1","Perfected Strike+1"],"picked":"Iron Wave+1","floor":20.0},{"not_picked":["Wild Strike+1","Iron Wave+1"],"picked":"Corruption","floor":23},{"not_picked":["Entrench","Cleave+1","Iron Wave+1"],"picked":"SKIP","floor":25},{"not_picked":["Anger+1","Entrench"],"picked":"Pommel Strike+1","floor":29},{"not_picked":["Uppercut+1","Reckless Charge+1"],"picked":"Offering","floor":30},{"not_picked":["Juggernaut","Offering"],"picked":"Limit Break","floor":33},{"not_picked":["Bloodletting+1","Ghostly Armor","Anger+1"],"picked":"SKIP","floor":35},{"not_picked":["Headbutt+1","Flex+1"],"picked":"Shrug It Off+1","floor":36},{"not_picked":["Clothesline+1","Anger+1"],"picked":"Heavy Blade+1","floor":37},{"not_picked":["Perfected Strike+1","Armaments","Twin Strike+1"],"picked":"SKIP","floor":39},{"not_picked":["Perfected Strike+1","Armaments","Twin Strike+1"],"picked":"SKIP","floor":39},{"not_picked":["Shrug It Off+1","Entrench"],"picked":"Body Slam+1","floor":40},{"not_picked":["Anger+1","Perfected Strike+1"],"picked":"Disarm+1","floor":41},{"not_picked":["Exhume","Carnage+1"],"picked":"True Grit","floor":44},{"not_picked":["Sword Boomerang+1","Corruption"],"picked":"Armaments+1","floor":45},{"not_picked":["Sword Boomerang+1","Entrench"],"picked":"Feel No Pain","floor":47},{"not_picked":["Thunderclap+1","Body Slam+1"],"picked":"Burning Pact","floor":48}],"player_experience":840255,"relics_obtained":[{"floor":7.0,"key":"Molten Egg 2"},{"floor":9.0,"key":"War Paint"},{"floor":10.0,"key":"Bottled Tornado"},{"floor":12.0,"key":"Potion Belt"},{"floor":14.0,"key":"FossilizedHelix"},{"floor":23,"key":"Strawberry"},{"floor":25,"key":"Ginger"},{"floor":26,"key":"Art of War"},{"floor":30,"key":"Tiny Chest"},{"floor":37,"key":"Girya"},{"floor":38,"key":"Thread and Needle"},{"floor":40,"key":"Oddly Smooth Stone"},{"floor":43,"key":"Gremlin Horn"},{"floor":44,"key":"Vajra"}],"event_choices":[{"damage_healed":0.0,"max_hp_gain":0.0,"max_hp_loss":0.0,"gold_gain":0.0,"event_name":"Living Wall","player_choice":"Grow","floor":2.0,"gold_loss":0.0,"damage_taken":0.0,"cards_upgraded":["Uppercut"]},{"damage_healed":0.0,"max_hp_gain":0.0,"max_hp_loss":0.0,"gold_gain":75.0,"event_name":"Golden Wing","player_choice":"Gained Gold","floor":3.0,"gold_loss":0.0,"damage_taken":0.0},{"damage_healed":0.0,"max_hp_gain":0.0,"max_hp_loss":0.0,"gold_gain":0.0,"event_name":"Forgotten Altar","player_choice":"Smashed Altar","floor":22.0,"gold_loss":0.0,"damage_taken":0.0,"cards_obtained":["Decay"]},{"damage_healed":0,"gold_gain":0,"player_choice":"Stole Relic","damage_taken":0,"relics_obtained":["Shuriken"],"max_hp_gain":0,"max_hp_loss":0,"event_name":"Addict","floor":28,"gold_loss":0,"cards_obtained":["Shame"]},{"cards_removed":["Shame"],"damage_healed":0,"gold_gain":0,"player_choice":"Offered Curse","damage_taken":0,"relics_obtained":["Spirit Poop"],"max_hp_gain":0,"max_hp_loss":0,"event_name":"Bonfire Elementals","floor":31,"gold_loss":0},{"damage_healed":0,"gold_gain":0,"player_choice":"Fight","damage_taken":0,"max_hp_gain":0,"max_hp_loss":0,"event_name":"MindBloom","floor":37,"gold_loss":0},{"damage_healed":0,"gold_gain":0,"cards_transformed":["Normality"],"player_choice":"Transformed","damage_taken":0,"max_hp_gain":0,"max_hp_loss":0,"event_name":"Transmorgrifier","floor":46,"gold_loss":0,"cards_obtained":["Doubt"]}],"is_beta":false,"boss_relics":[{"not_picked":["Astrolabe","Coffee Dripper"],"picked":"Snecko Eye"},{"not_picked":["Black Blood","Velvet Choker"],"picked":"Cursed Key"}],"items_purged_floors":[5,21],"is_endless":false,"potions_floor_spawned":[1,13,14,18,20,29,30,37,41,44,45,47,48],"ascension_level":19}