{"gold_per_floor":[111,21,40,40,40,40,69,69,69,144,174,184,208,238,238,334,334,344,444,444,8,19,48,48,48,48,48,48,48,75,94,94,190,190,209,134,144,156,167,167],"floor_reached":40,"playtime":2279,"items_purged":["Dagger Throw+1"],"score":505,"play_id":"813c8474-9b72-44bf-8427-14868004c798","local_time":"20181231205850","daily_mods":["Draft"],"is_ascension_mode":false,"campfire_choices":[{"data":"Deadly Poison","floor":6,"key":"SMITH"},{"data":"Catalyst","floor":8,"key":"SMITH"},{"floor":15,"key":"REST"},{"floor":25,"key":"REST"},{"data":"Setup","floor":27,"key":"SMITH"},{"data":"Catalyst","floor":32,"key":"SMITH"}],"neow_cost":"","seed_source_timestamp":909228741400602,"circlet_count":0,"master_deck":["Backflip","Catalyst+1","Deadly Poison+1","Backflip","Deadly Poison","Deadly Poison","Quick Slash+1","Poisoned Stab+1","Escape Plan","Leg Sweep","Deadly Poison","Bandage Up","Crippling Poison","Backflip","Catalyst","Well Laid Plans","After Image","Deadly Poison+1","Deadly Poison+1","Crippling Poison+1","Setup+1","The Bomb","Catalyst+1","After Image","Backflip+1","Adrenaline","Malaise"],"relics":["Ring of the Snake","Pear","Regal Pillow","Ninja Scroll","Odd Mushroom","Shovel","Astrolabe","Unceasing Top","Darkstone Periapt","Paper Crane","Whetstone","Pantograph","Bottled Tornado","Orichalcum","WristBlade"],"potions_floor_usage":[11,13,19,23,39],"damage_taken":[{"damage":0,"enemies":"Small Slimes","floor":1,"turns":2},{"damage":5,"enemies":"Jaw Worm","floor":3,"turns":3},{"damage":18,"enemies":"Lagavulin","floor":7,"turns":3},{"damage":34,"enemies":"Gremlin Nob","floor":11,"turns":4},{"damage":0,"enemies":"2 Louse","floor":12,"turns":3},{"damage":1,"enemies":"The Mushroom Lair","floor":13,"turns":2},{"damage":34,"enemies":"Hexaghost","floor":16,"turns":4},{"damage":0,"enemies":"Spheric Guardian","floor":18,"turns":3},{"damage":16,"enemies":"Colosseum Slavers","floor":19,"turns":4},{"damage":42,"enemies":"Colosseum Nobs","floor":19,"turns":4},{"damage":12,"enemies":"3 Byrds","floor":22,"turns":4},{"damage":16,"enemies":"Book of Stabbing","floor":23,"turns":4},{"damage":19,"enemies":"Gremlin Leader","floor":30,"turns":4},{"damage":0,"enemies":"Snecko","floor":31,"turns":3},{"damage":7,"enemies":"Automaton","floor":33,"turns":4},{"damage":8,"enemies":"Orb Walker","floor":35,"turns":3},{"damage":46,"enemies":"3 Darklings","floor":37,"turns":4},{"damage":0,"enemies":"Transient","floor":38,"turns":5},{"damage":3,"enemies":"4 Shapes","floor":39,"turns":3},{"damage":43,"enemies":"Reptomancer","floor":40,"turns":2}],"seed_played":"3496183417795250391","potions_obtained":[{"floor":1,"key":"SkillPotion"},{"floor":12,"key":"SteroidPotion"},{"floor":16,"key":"Dexterity Potion"},{"floor":18,"key":"AttackPotion"},{"floor":30,"key":"Explosive Potion"},{"floor":31,"key":"AttackPotion"},{"floor":37,"key":"Energy Potion"},{"floor":39,"key":"PowerPotion"}],"is_trial":true,"path_per_floor":["M","$","M","?","?","R","E","R","T","?","E","M","?","?","R","B",null,"M","?","?","$","M","E","$","R","T","R","T","$","E","M","R","B",null,"M","$","M","M","M","E"],"character_chosen":"THE_SILENT","items_purchased":["Bandage Up","The Bomb","Paper Crane"],"campfire_rested":2,"item_purchase_floors":[2,21,21],"current_hp_per_floor":[70,70,65,65,58,58,54,54,54,43,13,13,16,16,55,25,80,80,30,30,30,22,10,10,49,49,49,49,49,34,34,34,56,80,72,72,30,34,31,0],"gold":167,"neow_bonus":"","is_prod":false,"is_daily":false,"chose_seed":false,"campfire_upgraded":4,"win_rate":0,"timestamp":1546318730,"path_taken":["M","$","M","?","?","R","E","R","T","?","E","?","?","?","R","BOSS","M","?","?","$","M","E","$","R","T","R","?","?","E","M","R","BOSS","M","$","?","M","M","E"],"build_version":"2018-12-20","purchased_purges":1,"victory":false,"max_hp_per_floor":[70,70,70,70,70,70,80,80,80,80,80,80,80,80,80,80,80,80,80,80,80,80,80,80,80,80,80,80,80,80,80,80,80,80,80,80,80,80,80,80],"card_choices":[{"not_picked":["Setup","Caltrops"],"picked":"Backflip","floor":0},{"not_picked":["Outmaneuver","Backflip"],"picked":"Catalyst","floor":0},{"not_picked":["Outmaneuver","Endless Agony"],"picked":"Deadly Poison","floor":0},{"not_picked":["Heel Hook","Flying Knee"],"picked":"Underhanded Strike","floor":0},{"not_picked":["Skewer","Dodge and Roll"],"picked":"Underhanded Strike","floor":0},{"not_picked":["Slice","Flying Knee"],"picked":"Backflip","floor":0},{"not_picked":["Blade Dance","Sucker Punch"],"picked":"All Out Attack","floor":0},{"not_picked":["Dagger Throw","Blade Dance"],"picked":"Caltrops","floor":0},{"not_picked":["Dodge and Roll","Cloak And Dagger"],"picked":"Deadly Poison","floor":0},{"not_picked":["Distraction","Dagger Spray"],"picked":"Deadly Poison","floor":0},{"not_picked":["Riddle With Holes","Dagger Spray"],"picked":"Quick Slash","floor":0},{"not_picked":["Slice","Outmaneuver"],"picked":"Poisoned Stab","floor":0},{"not_picked":["Deflect","Underhanded Strike"],"picked":"Escape Plan","floor":0},{"not_picked":["Slice","Cloak And Dagger"],"picked":"Leg Sweep","floor":0},{"not_picked":["Blade Dance","Dagger Throw"],"picked":"Deadly Poison","floor":0},{"not_picked":["All Out Attack","Bane","Dagger Spray"],"picked":"SKIP","floor":1},{"not_picked":["Slice","Bane","Underhanded Strike"],"picked":"SKIP","floor":3},{"not_picked":["Accuracy","Underhanded Strike"],"picked":"Crippling Poison","floor":7},{"not_picked":["Concentrate","Glass Knife"],"picked":"Backflip","floor":11},{"not_picked":["Well Laid Plans","Flechettes"],"picked":"Catalyst","floor":12},{"not_picked":["Poisoned Stab","Dagger Spray"],"picked":"Well Laid Plans","floor":13},{"not_picked":["Storm of Steel","Die Die Die"],"picked":"After Image","floor":16},{"not_picked":["Dodge and Roll","Deadly Poison","Distraction"],"picked":"SKIP","floor":18},{"not_picked":["Well Laid Plans","Expertise"],"picked":"Crippling Poison+1","floor":19},{"not_picked":["Underhanded Strike","Dagger Throw"],"picked":"Catalyst","floor":22},{"not_picked":["Bouncing Flask","Heel Hook","Blade Dance"],"picked":"SKIP","floor":23},{"not_picked":["Dodge and Roll","Unload"],"picked":"After Image","floor":30},{"not_picked":["All Out Attack","Bane"],"picked":"Backflip+1","floor":31},{"not_picked":["Die Die Die","Envenom"],"picked":"Adrenaline","floor":33},{"not_picked":["Outmaneuver","Dagger Spray+1","Deflect"],"picked":"SKIP","floor":35},{"not_picked":["Crippling Poison+1","Dodge and Roll","Flechettes"],"picked":"SKIP","floor":37},{"not_picked":["Endless Agony+1","Riddle With Holes","Outmaneuver"],"picked":"SKIP","floor":38},{"not_picked":["Flechettes","Concentrate+1"],"picked":"Malaise","floor":39}],"player_experience":242370,"relics_obtained":[{"floor":7,"key":"Pear"},{"floor":9,"key":"Regal Pillow"},{"floor":11,"key":"Ninja Scroll"},{"floor":13,"key":"Odd Mushroom"},{"floor":19,"key":"Unceasing Top"},{"floor":19,"key":"Darkstone Periapt"},{"floor":23,"key":"Whetstone"},{"floor":26,"key":"Pantograph"},{"floor":28,"key":"Bottled Tornado"},{"floor":30,"key":"Orichalcum"}],"event_choices":[{"damage_healed":0,"gold_gain":0,"player_choice":"Ignored","damage_taken":0,"max_hp_gain":0,"max_hp_loss":0,"event_name":"Liars Game","floor":4,"gold_loss":0},{"cards_removed":["All Out Attack"],"damage_healed":0,"gold_gain":0,"player_choice":"Card Removal","damage_taken":7,"max_hp_gain":0,"max_hp_loss":0,"event_name":"Golden Wing","floor":5,"gold_loss":0},{"damage_healed":0,"gold_gain":75,"player_choice":"Gather Gold","damage_taken":11,"max_hp_gain":0,"max_hp_loss":0,"event_name":"World of Goop","floor":10,"gold_loss":0},{"damage_healed":0,"gold_gain":0,"player_choice":"Fought Mushrooms","damage_taken":0,"max_hp_gain":0,"max_hp_loss":0,"event_name":"Mushrooms","floor":13,"gold_loss":0},{"damage_healed":0,"gold_gain":30,"player_choice":"Searched \u00272\u0027 times","damage_taken":0,"relics_obtained":["Shovel"],"max_hp_gain":0,"max_hp_loss":0,"event_name":"Dead Adventurer","floor":14,"gold_loss":0},{"damage_healed":0,"gold_gain":0,"player_choice":"Fight","damage_taken":0,"max_hp_gain":0,"max_hp_loss":0,"event_name":"Colosseum","floor":19,"gold_loss":0},{"damage_healed":0,"gold_gain":0,"player_choice":"Fought Nobs","damage_taken":0,"max_hp_gain":0,"max_hp_loss":0,"event_name":"Colosseum","floor":19,"gold_loss":0},{"damage_healed":0,"gold_gain":0,"player_choice":"Read","damage_taken":0,"max_hp_gain":0,"max_hp_loss":0,"event_name":"The Library","floor":20,"gold_loss":0,"cards_obtained":["Setup"]}],"is_beta":false,"boss_relics":[{"not_picked":["Busted Crown","Coffee Dripper"],"picked":"Astrolabe"},{"not_picked":["HoveringKite","Eternal Feather"],"picked":"WristBlade"}],"items_purged_floors":[36],"is_endless":false,"potions_floor_spawned":[1,12,16,18,19,30,31,37,39],"killed_by":"Reptomancer","ascension_level":0}