{"gold_per_floor":[114,114,128,403,40,66,66,101,101,101,131,143,169,232,232,333,333,353,353,384,3,3,31,31,49,49,75,90,115,115,127,127,229,229,245,263,318,318,330,330,365,365,392,409,429,31,66,80,80,80],"floor_reached":51,"playtime":4550,"items_purged":["Regret","Strike_R","Bite"],"score":1076,"play_id":"bd33917a-e743-4d9a-9580-43edb00fd67a","local_time":"20190117232628","is_ascension_mode":true,"campfire_choices":[{"data":"Clothesline","floor":7.0,"key":"SMITH"},{"floor":10.0,"key":"REST"},{"data":"Body Slam","floor":15.0,"key":"SMITH"},{"data":"Entrench","floor":24.0,"key":"SMITH"},{"data":"Feed","floor":32.0,"key":"SMITH"},{"data":"Offering","floor":40.0,"key":"SMITH"},{"data":"Double Tap","floor":42.0,"key":"SMITH"},{"data":"Battle Trance","floor":49,"key":"SMITH"}],"neow_cost":"TEN_PERCENT_HP_LOSS","seed_source_timestamp":0,"circlet_count":0,"master_deck":["Defend_R","Defend_R","Defend_R","Defend_R","Bash+1","Battle Trance+1","Clothesline+1","Impervious","Thunderclap","Ghostly Armor+1","Body Slam","Iron Wave","Body Slam+1","Feed+1","Pommel Strike+1","Corruption+1","Dropkick+1","Impervious","Armaments+1","True Grit","Entrench+1","Offering+1","Flame Barrier+1","Bite","Bite","Bite","Bite","Double Tap+1","Metallicize+1","Metallicize+1"],"special_seed":0,"relics":["Burning Blood","Gambling Chip","Bag of Marbles","Whetstone","Blue Candle","Frozen Egg 2","Pen Nib","Anchor","Black Star","Red Mask","DollysMirror","Happy Flower","Pantograph","Vajra","Matryoshka","Incense Burner","Boot","Oddly Smooth Stone","Busted Crown","Thread and Needle","Dodecahedron","War Paint","Pear","Centennial Puzzle","Strange Spoon","Mummified Hand","Ice Cream"],"potions_floor_usage":[50,50,50],"damage_taken":[{"damage":3.0,"enemies":"Jaw Worm","floor":1.0,"turns":5.0},{"damage":1.0,"enemies":"Cultist","floor":3.0,"turns":3.0},{"damage":24.0,"enemies":"3 Sentries","floor":6.0,"turns":9.0},{"damage":36.0,"enemies":"Lagavulin","floor":8.0,"turns":6.0},{"damage":23.0,"enemies":"3 Sentries","floor":11.0,"turns":9.0},{"damage":0.0,"enemies":"Small Slimes","floor":12.0,"turns":2.0},{"damage":0.0,"enemies":"Gremlin Nob","floor":14.0,"turns":2.0},{"damage":23.0,"enemies":"Hexaghost","floor":16.0,"turns":8.0},{"damage":0.0,"enemies":"2 Thieves","floor":18.0,"turns":3.0},{"damage":27.0,"enemies":"Masked Bandits","floor":20.0,"turns":6.0},{"damage":25.0,"enemies":"Gremlin Leader","floor":23.0,"turns":5.0},{"damage":0.0,"enemies":"Chosen","floor":25.0,"turns":2.0},{"damage":9.0,"enemies":"Book of Stabbing","floor":27.0,"turns":5.0},{"damage":0.0,"enemies":"Centurion and Healer","floor":28.0,"turns":3.0},{"damage":12.0,"enemies":"Slavers","floor":29.0,"turns":5.0},{"damage":6.0,"enemies":"3 Cultists","floor":31.0,"turns":4.0},{"damage":84.0,"enemies":"Champ","floor":33.0,"turns":11.0},{"damage":0.0,"enemies":"Orb Walker","floor":35.0,"turns":2.0},{"damage":0.0,"enemies":"3 Shapes","floor":36.0,"turns":2.0},{"damage":6.0,"enemies":"2 Orb Walkers","floor":37.0,"turns":2.0},{"damage":15.0,"enemies":"Maw","floor":39.0,"turns":8.0},{"damage":6.0,"enemies":"Giant Head","floor":41.0,"turns":4.0},{"damage":15,"enemies":"Transient","floor":44,"turns":5},{"damage":4,"enemies":"4 Shapes","floor":45,"turns":5},{"damage":28,"enemies":"Reptomancer","floor":47,"turns":7},{"damage":0,"enemies":"Sphere and 2 Shapes","floor":48,"turns":4},{"damage":88,"enemies":"Time Eater","floor":50,"turns":9}],"seed_played":"9004791278377012610","potions_obtained":[{"floor":1.0,"key":"Poison Potion"},{"floor":3.0,"key":"Weak Potion"},{"floor":8.0,"key":"Dexterity Potion"},{"floor":16.0,"key":"SpeedPotion"},{"floor":20.0,"key":"Strength Potion"},{"floor":23.0,"key":"EssenceOfSteel"},{"floor":27.0,"key":"EntropicBrew"},{"floor":31.0,"key":"PowerPotion"},{"floor":36.0,"key":"Regen Potion"},{"floor":37.0,"key":"Poison Potion"}],"is_trial":false,"path_per_floor":["M","?","M","?","$","E","R","E","T","R","E","M","T","?","R","B",null,"M","?","?","$","?","E","R","M","T","E","M","E","?","M","R","B",null,"M","M","?","?","M","R","E","R","T","M","M","$","E","M","R","B",null],"character_chosen":"IRONCLAD","items_purchased":["Bag of Marbles","Impervious","DollysMirror","Armaments","True Grit","Strange Spoon","Metallicize+1"],"campfire_rested":1,"item_purchase_floors":[5,5,21,21,21,46,46],"current_hp_per_floor":[72,72,72,72,72,54,54,24,24,45,28,34,34,40,40,25,60,68,68,52,52,52,35,35,43,43,42,50,46,46,56,56,15,60,74,79,79,79,79,79,79,79,89,80,89,89,75,87,87,39],"gold":80,"neow_bonus":"ONE_RARE_RELIC","is_prod":false,"is_daily":false,"chose_seed":false,"campfire_upgraded":7,"win_rate":0,"timestamp":1547756788,"path_taken":["M","?","?","?","$","E","R","E","T","R","E","?","?","?","R","BOSS","M","?","?","$","?","E","R","M","T","E","?","E","?","M","R","BOSS","M","M","?","?","M","R","E","R","T","?","M","$","E","M","R","BOSS"],"build_version":"2019-01-10","purchased_purges":3,"victory":true,"max_hp_per_floor":[72,72,72,72,72,72,72,72,72,72,72,72,72,72,72,72,72,72,72,75,75,75,75,75,75,75,75,75,75,75,75,75,75,75,79,79,79,79,79,79,79,79,89,89,89,89,89,89,89,89],"card_choices":[{"not_picked":["Shockwave","Sword Boomerang"],"picked":"Battle Trance","floor":1.0},{"not_picked":["Dual Wield","Wild Strike"],"picked":"Clothesline","floor":3.0},{"not_picked":["Perfected Strike","Hemokinesis"],"picked":"Thunderclap","floor":6.0},{"not_picked":["Perfected Strike","Bludgeon"],"picked":"Ghostly Armor","floor":8.0},{"not_picked":["Clash","Dropkick"],"picked":"Body Slam","floor":11.0},{"not_picked":["Pommel Strike","Wild Strike"],"picked":"Iron Wave","floor":12.0},{"not_picked":["Sword Boomerang","Headbutt"],"picked":"Body Slam","floor":14.0},{"not_picked":["Juggernaut+1","Offering"],"picked":"Feed","floor":16.0},{"not_picked":["Flex","Thunderclap+1"],"picked":"Pommel Strike+1","floor":18.0},{"not_picked":["Warcry","True Grit+1"],"picked":"Dropkick+1","floor":20.0},{"not_picked":["Sword Boomerang","Thunderclap"],"picked":"Entrench","floor":23.0},{"not_picked":["Pommel Strike","Wild Strike"],"picked":"Offering","floor":25.0},{"not_picked":["Heavy Blade+1","Hemokinesis","Armaments"],"picked":"SKIP","floor":27.0},{"not_picked":["Whirlwind","Rupture+1","Clothesline+1"],"picked":"SKIP","floor":28.0},{"not_picked":["Corruption+1","Havoc"],"picked":"Flame Barrier+1","floor":29.0},{"not_picked":["Clash","Bloodletting","Berserk+1"],"picked":"SKIP","floor":31.0},{"not_picked":["Fiend Fire","Feed"],"picked":"Double Tap","floor":33.0},{"not_picked":["Wild Strike"],"picked":"SKIP","floor":35.0},{"not_picked":["Flex+1"],"picked":"SKIP","floor":36.0},{"not_picked":["Heavy Blade+1"],"picked":"SKIP","floor":39.0},{"not_picked":["Cleave"],"picked":"SKIP","floor":41.0},{"not_picked":["Anger+1"],"picked":"SKIP","floor":44},{"not_picked":["Clash"],"picked":"SKIP","floor":45},{"not_picked":[],"picked":"Metallicize+1","floor":47},{"not_picked":["Twin Strike"],"picked":"SKIP","floor":48}],"player_experience":41233,"relics_obtained":[{"floor":6.0,"key":"Whetstone"},{"floor":8.0,"key":"Blue Candle"},{"floor":9.0,"key":"Frozen Egg 2"},{"floor":11.0,"key":"Pen Nib"},{"floor":13.0,"key":"Anchor"},{"floor":14.0,"key":"Blood Vial"},{"floor":20.0,"key":"Red Mask"},{"floor":23.0,"key":"Happy Flower"},{"floor":23.0,"key":"Pantograph"},{"floor":26.0,"key":"Vajra"},{"floor":27.0,"key":"Matryoshka"},{"floor":27.0,"key":"Incense Burner"},{"floor":29.0,"key":"Boot"},{"floor":29.0,"key":"Oddly Smooth Stone"},{"floor":37.0,"key":"Thread and Needle"},{"floor":41.0,"key":"Dodecahedron"},{"floor":41.0,"key":"War Paint"},{"floor":43.0,"key":"Pear"},{"floor":43.0,"key":"Centennial Puzzle"},{"floor":47,"key":"Mummified Hand"},{"floor":47,"key":"Ice Cream"}],"event_choices":[{"damage_healed":0.0,"max_hp_gain":0.0,"max_hp_loss":0.0,"gold_gain":0.0,"event_name":"Match and Keep!","player_choice":"0 cards matched","floor":2.0,"gold_loss":0.0,"damage_taken":0.0,"cards_obtained":[]},{"damage_healed":0.0,"max_hp_gain":0.0,"max_hp_loss":0.0,"gold_gain":275.0,"event_name":"Golden Shrine","player_choice":"Desecrate","floor":4.0,"gold_loss":0.0,"damage_taken":0.0,"cards_obtained":["Regret"]},{"damage_healed":0.0,"max_hp_gain":0.0,"max_hp_loss":0.0,"gold_gain":30.0,"event_name":"Dead Adventurer","player_choice":"Searched \u00272\u0027 times","floor":14.0,"gold_loss":0.0,"damage_taken":0.0},{"damage_healed":0.0,"max_hp_gain":0.0,"max_hp_loss":0.0,"gold_gain":0.0,"event_name":"The Library","player_choice":"Read","floor":19.0,"gold_loss":0.0,"damage_taken":0.0,"cards_obtained":["Corruption"]},{"damage_healed":0.0,"max_hp_gain":0.0,"max_hp_loss":0.0,"gold_gain":0.0,"event_name":"Masked Bandits","player_choice":"Fought Bandits","floor":20.0,"gold_loss":0.0,"damage_taken":0.0},{"damage_healed":0.0,"max_hp_gain":0.0,"max_hp_loss":0.0,"gold_gain":0.0,"event_name":"Beggar","player_choice":"Ignored","floor":22.0,"gold_loss":0.0,"damage_taken":0.0},{"damage_healed":0.0,"max_hp_gain":0.0,"max_hp_loss":0.0,"gold_gain":0.0,"event_name":"Vampires","player_choice":"Became a vampire (Vial)","floor":30.0,"relics_lost":["Blood Vial"],"gold_loss":0.0,"damage_taken":0.0,"cards_obtained":["Bite","Bite","Bite","Bite","Bite"]},{"damage_healed":0.0,"max_hp_gain":0.0,"max_hp_loss":0.0,"gold_gain":0.0,"event_name":"Mysterious Sphere","player_choice":"Fight","floor":37.0,"gold_loss":0.0,"damage_taken":0.0},{"damage_healed":0.0,"max_hp_gain":0.0,"max_hp_loss":0.0,"gold_gain":0.0,"event_name":"SecretPortal","player_choice":"Ignored","floor":38.0,"gold_loss":0.0,"damage_taken":0.0}],"is_beta":false,"boss_relics":[{"not_picked":["Orrery","Lizard Tail"],"picked":"Black Star"},{"not_picked":["White Beast Statue","Mark of Pain"],"picked":"Busted Crown"}],"items_purged_floors":[5,21,46],"is_endless":false,"potions_floor_spawned":[1,3,8,16,20,23,27,31,36,37,39],"ascension_level":5}