{"gold_per_floor":[117,117,131,141,68,93,93,8,8,24,24,99,99,109,109,209,209,222,42,42,8,22,47,47,57,57,57,57,57],"floor_reached":29,"playtime":2035,"items_purged":[],"score":313,"play_id":"cb31a0da-c975-4225-8893-deac00103c9e","local_time":"20181231201901","is_ascension_mode":true,"campfire_choices":[{"data":"Footwork","floor":7,"key":"SMITH"},{"data":"Noxious Fumes","floor":13,"key":"SMITH"},{"floor":15,"key":"REST"},{"data":"Noxious Fumes","floor":24,"key":"SMITH"},{"floor":28,"key":"REST"}],"neow_cost":"NONE","seed_source_timestamp":909228741400602,"circlet_count":0,"master_deck":["Defend_G","Defend_G","Defend_G","Defend_G","Defend_G","Strike_G","Strike_G","Strike_G","Strike_G","Survivor","Neutralize","Well Laid Plans","Envenom","Backflip","Backstab","Footwork+1","Escape Plan","Noxious Fumes+1","Blade Dance+1","Noxious Fumes+1","Blur","Catalyst","Noxious Fumes","Infinite Blades","Calculated Gamble+1"],"relics":["Black Star","Bird Faced Urn","Lantern","Gambling Chip","Philosopher\u0027s Stone","Pen Nib","Orichalcum","Ornamental Fan","Frozen Egg 2"],"potions_floor_usage":[3,10,18,22,29],"damage_taken":[{"damage":5,"enemies":"Small Slimes","floor":1,"turns":4},{"damage":0,"enemies":"Cultist","floor":3,"turns":4},{"damage":2,"enemies":"2 Louse","floor":4,"turns":4},{"damage":20,"enemies":"Lagavulin","floor":6,"turns":9},{"damage":0,"enemies":"Large Slime","floor":10,"turns":7},{"damage":5,"enemies":"Blue Slaver","floor":14,"turns":4},{"damage":32,"enemies":"Hexaghost","floor":16,"turns":11},{"damage":8,"enemies":"Chosen","floor":18,"turns":6},{"damage":5,"enemies":"Shell Parasite","floor":22,"turns":6},{"damage":38,"enemies":"Gremlin Leader","floor":23,"turns":7},{"damage":36,"enemies":"3 Cultists","floor":25,"turns":6},{"damage":68,"enemies":"Slavers","floor":29,"turns":4}],"seed_played":"4766663919603122317","potions_obtained":[{"floor":1,"key":"AttackPotion"},{"floor":6,"key":"Explosive Potion"},{"floor":10,"key":"FairyPotion"},{"floor":16,"key":"Strength Potion"},{"floor":18,"key":"EssenceOfSteel"}],"is_trial":false,"path_per_floor":["M","?","M","M","$","E","R","$","T","M","$","?","R","M","R","B",null,"M","$","?","$","M","E","R","M","T","?","R","E"],"character_chosen":"THE_SILENT","items_purchased":["Footwork","Noxious Fumes","Block Potion","Noxious Fumes","Blur","Catalyst","Noxious Fumes"],"campfire_rested":2,"item_purchase_floors":[5,8,8,19,19,19,21],"current_hp_per_floor":[58,58,58,56,56,36,36,36,36,44,44,33,33,34,55,31,60,60,60,60,60,67,34,34,8,8,8,29,0],"gold":57,"neow_bonus":"BOSS_RELIC","is_prod":false,"is_daily":false,"chose_seed":false,"campfire_upgraded":3,"win_rate":0,"timestamp":1546316341,"path_taken":["M","?","M","?","$","E","R","$","T","M","$","?","R","M","R","BOSS","M","$","?","$","M","E","R","M","T","?","R","E"],"build_version":"2018-12-20","purchased_purges":0,"victory":false,"max_hp_per_floor":[70,70,70,70,70,70,70,70,70,70,70,70,70,70,70,70,70,70,70,70,70,70,70,70,70,70,70,70,70],"card_choices":[{"not_picked":["Blade Dance","Outmaneuver"],"picked":"Well Laid Plans","floor":1},{"not_picked":["Slice","Blade Dance"],"picked":"Backflip","floor":3},{"not_picked":["Caltrops","Blade Dance"],"picked":"Backstab","floor":4},{"not_picked":["Doppelganger","Bane"],"picked":"Escape Plan","floor":6},{"not_picked":["Poisoned Stab","Underhanded Strike","Skewer"],"picked":"SKIP","floor":10},{"not_picked":["Endless Agony","Quick Slash","Concentrate"],"picked":"SKIP","floor":14},{"not_picked":["Quick Slash+1","Sucker Punch"],"picked":"Blade Dance+1","floor":18},{"not_picked":["Flying Knee+1","Dagger Spray"],"picked":"Infinite Blades","floor":22},{"not_picked":["Underhanded Strike+1","Cloak And Dagger"],"picked":"Calculated Gamble+1","floor":23},{"not_picked":["Bane","Terror+1","Predator"],"picked":"SKIP","floor":25}],"player_experience":240335,"relics_obtained":[{"floor":6,"key":"Bird Faced Urn"},{"floor":6,"key":"Lantern"},{"floor":9,"key":"Gambling Chip"},{"floor":23,"key":"Pen Nib"},{"floor":23,"key":"Orichalcum"},{"floor":26,"key":"Ornamental Fan"}],"event_choices":[{"damage_healed":0,"gold_gain":0,"cards_transformed":["Strike_G"],"player_choice":"Transformed","damage_taken":0,"max_hp_gain":0,"max_hp_loss":0,"event_name":"Transmorgrifier","floor":2,"gold_loss":0,"cards_obtained":["Envenom"]},{"damage_healed":0,"gold_gain":75,"player_choice":"Gather Gold","damage_taken":11,"max_hp_gain":0,"max_hp_loss":0,"event_name":"World of Goop","floor":12,"gold_loss":0},{"damage_healed":0,"gold_gain":0,"player_choice":"Ignored","damage_taken":0,"max_hp_gain":0,"max_hp_loss":0,"event_name":"Beggar","floor":20,"gold_loss":0},{"damage_healed":0,"gold_gain":0,"player_choice":"Opened","damage_taken":0,"relics_obtained":["Frozen Egg 2"],"max_hp_gain":0,"max_hp_loss":0,"event_name":"The Mausoleum","floor":27,"gold_loss":0}],"is_beta":false,"boss_relics":[{"not_picked":["Calling Bell","Lizard Tail"],"picked":"Philosopher\u0027s Stone"}],"items_purged_floors":[],"is_endless":false,"potions_floor_spawned":[1,6,10,16,18],"killed_by":"Slavers","ascension_level":6}