{"gold_per_floor":[111,131,131,56,56,56,99,113,113,113,188,207,221,237,237,237],"floor_reached":16,"playtime":621,"items_purged":["Strike_G"],"score":210,"play_id":"e49db93d-04ea-4458-9514-47e91021c38a","local_time":"20190401202354","is_ascension_mode":true,"campfire_choices":[{"data":"Crippling Poison","floor":6,"key":"SMITH"},{"data":"Backflip","floor":10,"key":"SMITH"},{"data":"Cloak And Dagger","floor":15,"key":"SMITH"}],"neow_cost":"NONE","seed_source_timestamp":1688167905885790,"circlet_count":0,"master_deck":["AscendersBane","Defend_G","Defend_G","Defend_G","Defend_G","Defend_G","Strike_G","Strike_G","Strike_G","Strike_G","Survivor","Neutralize","Calculated Gamble","Crippling Poison+1","Backflip+1","Footwork","Backflip","Cloak And Dagger+1"],"relics":["Ring of the Snake","NeowsBlessing","Golden Idol","Shuriken","Orichalcum"],"potions_floor_usage":[12,16],"damage_taken":[{"damage":0,"enemies":"Jaw Worm","floor":1,"turns":1},{"damage":0,"enemies":"Small Slimes","floor":2,"turns":1},{"damage":0,"enemies":"Gremlin Nob","floor":7,"turns":1},{"damage":0,"enemies":"2 Louse","floor":8,"turns":3},{"damage":2,"enemies":"Gremlin Gang","floor":12,"turns":3},{"damage":9,"enemies":"Large Slime","floor":13,"turns":12},{"damage":2,"enemies":"Blue Slaver","floor":14,"turns":5},{"damage":59,"enemies":"Slime Boss","floor":16,"turns":15}],"seed_played":"5590447167209978545","potions_obtained":[{"floor":2,"key":"FearPotion"},{"floor":7,"key":"Dexterity Potion"},{"floor":8,"key":"SkillPotion"}],"is_trial":false,"path_per_floor":["M","M","?","$","?","R","E","M","T","R","?","M","M","M","R","B"],"character_chosen":"THE_SILENT","items_purchased":[],"campfire_rested":0,"item_purchase_floors":[],"current_hp_per_floor":[63,63,46,46,69,69,69,69,69,69,58,56,47,45,45,0],"gold":237,"neow_bonus":"THREE_ENEMY_KILL","is_prod":false,"is_daily":false,"chose_seed":false,"campfire_upgraded":3,"win_rate":0,"timestamp":1554175434,"path_taken":["M","M","?","$","?","R","E","M","T","R","?","M","M","M","R","BOSS"],"build_version":"2019-01-23","purchased_purges":1,"victory":false,"max_hp_per_floor":[70,70,70,70,70,70,70,70,70,70,70,70,70,70,70,70],"card_choices":[{"not_picked":["Outmaneuver","Tactician"],"picked":"Calculated Gamble","floor":1},{"not_picked":["Backflip","Blade Dance"],"picked":"Crippling Poison","floor":2},{"not_picked":["Dodge and Roll","PiercingWail","Prepared"],"picked":"SKIP","floor":7},{"not_picked":["Envenom","Blade Dance"],"picked":"Backflip","floor":8},{"not_picked":["Endless Agony","Acrobatics"],"picked":"Footwork","floor":12},{"not_picked":["Distraction","Dodge and Roll"],"picked":"Backflip","floor":13},{"not_picked":["Poisoned Stab","Predator"],"picked":"Cloak And Dagger","floor":14}],"player_experience":552653,"relics_obtained":[{"floor":7,"key":"Shuriken"},{"floor":9,"key":"Orichalcum"}],"event_choices":[{"damage_healed":0,"gold_gain":0,"player_choice":"Take Damage","damage_taken":17,"relics_obtained":["Golden Idol"],"max_hp_gain":0,"max_hp_loss":0,"event_name":"Golden Idol","floor":3,"gold_loss":0},{"damage_healed":23,"gold_gain":0,"player_choice":"Banana","damage_taken":0,"max_hp_gain":0,"max_hp_loss":0,"event_name":"Big Fish","floor":5,"gold_loss":0},{"damage_healed":0,"gold_gain":75,"player_choice":"Gather Gold","damage_taken":11,"max_hp_gain":0,"max_hp_loss":0,"event_name":"World of Goop","floor":11,"gold_loss":0}],"is_beta":false,"boss_relics":[],"items_purged_floors":[4],"is_endless":false,"potions_floor_spawned":[2,7,8],"killed_by":"Slime Boss","ascension_level":13}