{"gold_per_floor":[114,114,126,126,147,147,219,243,243,266,287,320,340,364,364,484,484,499,499,499,517,517],"floor_reached":22,"playtime":2209,"items_purged":[],"score":215,"play_id":"1b025338-890e-4fb6-97d7-240936d59dce","local_time":"20190616015647","is_ascension_mode":false,"campfire_choices":[{"data":"Streamline","floor":6,"key":"SMITH"},{"floor":15,"key":"REST"}],"neow_cost":"NONE","seed_source_timestamp":42024423960000,"circlet_count":0,"master_deck":["Defend_B","Defend_B","Defend_B","Defend_B","Zap","Dualcast","Finesse","Streamline+1","Chaos","Sweeping Beam","Chill","White Noise","Defragment","Leap","Auto Shields","Leap","Echo Form","Redo","Bite","Bite","Bite","Bite","Bite","Sunder","Stack"],"relics":["FrozenCore","Golden Idol","Dodecahedron","Pen Nib"],"potions_floor_usage":[3,8,11,16,21],"damage_taken":[{"damage":1,"enemies":"Small Slimes","floor":1,"turns":4},{"damage":0,"enemies":"2 Louse","floor":3,"turns":2},{"damage":0,"enemies":"Jaw Worm","floor":5,"turns":4},{"damage":12,"enemies":"Large Slime","floor":8,"turns":5},{"damage":8,"enemies":"2 Fungi Beasts","floor":10,"turns":3},{"damage":21,"enemies":"Exordium Thugs","floor":11,"turns":4},{"damage":16,"enemies":"3 Sentries","floor":12,"turns":8},{"damage":0,"enemies":"3 Louse","floor":13,"turns":4},{"damage":0,"enemies":"Exordium Wildlife","floor":14,"turns":5},{"damage":33,"enemies":"Slime Boss","floor":16,"turns":20},{"damage":27,"enemies":"3 Byrds","floor":18,"turns":10},{"damage":12,"enemies":"Chosen","floor":21,"turns":8},{"damage":65,"enemies":"3 Cultists","floor":22,"turns":8}],"seed_played":"9109202132578215856","potions_obtained":[{"floor":1,"key":"AttackPotion"},{"floor":5,"key":"EssenceOfSteel"},{"floor":8,"key":"LiquidBronze"},{"floor":13,"key":"Dexterity Potion"},{"floor":16,"key":"GamblersBrew"},{"floor":18,"key":"SteroidPotion"}],"is_trial":false,"path_per_floor":["M","?","M","?","M","R","?","M","T","M","M","E","M","M","R","B",null,"M","?","?","M","M"],"character_chosen":"DEFECT","items_purchased":[],"campfire_rested":1,"item_purchase_floors":[],"current_hp_per_floor":[74,79,79,74,74,74,74,62,62,54,33,17,17,17,39,6,74,47,47,47,45,0],"gold":517,"neow_bonus":"RANDOM_COLORLESS","is_prod":false,"is_daily":false,"chose_seed":false,"campfire_upgraded":1,"win_rate":0.0,"timestamp":1560646607,"path_taken":["M","?","M","?","M","R","?","M","T","?","M","E","M","M","R","BOSS","M","?","?","M","?"],"build_version":"2019-01-23","purchased_purges":0,"victory":false,"max_hp_per_floor":[75,80,80,74,74,74,74,74,74,74,74,74,74,74,74,74,74,74,51,51,51,51],"card_choices":[{"not_picked":["Hello World","Barrage"],"picked":"Streamline","floor":1},{"not_picked":["Self Repair","Streamline"],"picked":"Chaos","floor":3},{"not_picked":["Streamline","Barrage"],"picked":"Sweeping Beam","floor":5},{"not_picked":["Gash","Aggregate"],"picked":"Chill","floor":8},{"not_picked":["Chill","Ball Lightning"],"picked":"White Noise","floor":10},{"not_picked":["Seek","Ball Lightning"],"picked":"Defragment","floor":11},{"not_picked":["Coolheaded","Hologram"],"picked":"Leap","floor":12},{"not_picked":["Turbo","Steam"],"picked":"Auto Shields","floor":13},{"not_picked":["Chill","Cold Snap"],"picked":"Leap","floor":14},{"not_picked":["Fission","Amplify"],"picked":"Echo Form","floor":16},{"not_picked":["Darkness","Tempest"],"picked":"Redo","floor":18},{"not_picked":["Genetic Algorithm","Barrage"],"picked":"Stack","floor":21}],"player_experience":46801,"relics_obtained":[{"floor":9,"key":"Dodecahedron"},{"floor":12,"key":"Pen Nib"}],"event_choices":[{"damage_healed":0,"gold_gain":0,"player_choice":"Donut","damage_taken":0,"max_hp_gain":5,"max_hp_loss":0,"event_name":"Big Fish","floor":2,"gold_loss":0},{"damage_healed":0,"gold_gain":0,"player_choice":"Lose Max HP","damage_taken":0,"relics_obtained":["Golden Idol"],"max_hp_gain":0,"max_hp_loss":6,"event_name":"Golden Idol","floor":4,"gold_loss":0},{"damage_healed":0,"gold_gain":72,"player_choice":"Gained Gold","damage_taken":0,"max_hp_gain":0,"max_hp_loss":0,"event_name":"Golden Wing","floor":7,"gold_loss":0},{"damage_healed":0,"gold_gain":0,"player_choice":"Became a vampire","damage_taken":0,"max_hp_gain":0,"max_hp_loss":23,"event_name":"Vampires","floor":19,"gold_loss":0,"cards_obtained":["Bite","Bite","Bite","Bite","Bite"]},{"damage_healed":0,"gold_gain":0,"player_choice":"Read","damage_taken":0,"max_hp_gain":0,"max_hp_loss":0,"event_name":"The Library","floor":20,"gold_loss":0,"cards_obtained":["Sunder"]}],"is_beta":false,"boss_relics":[{"not_picked":["Runic Dome","Empty Cage"],"picked":"FrozenCore"}],"items_purged_floors":[],"is_endless":false,"potions_floor_spawned":[1,5,8,13,16,18],"killed_by":"3 Cultists","ascension_level":0}