{"gold_per_floor":[211,224,82,257,275,275,304,304,360,360,395,395,349,0,0,99,99,113,124,124,141,152,152,183,183,228,228,296,312,312,312],"floor_reached":31,"playtime":2470,"items_purged":["Defend_G","Doubt"],"score":300,"play_id":"3011b484-3dc6-4621-bec2-a102400d4587","local_time":"20181220194618","is_ascension_mode":true,"campfire_choices":[{"data":"Noxious Fumes","floor":6,"key":"SMITH"},{"data":"Deadly Poison","floor":8,"key":"SMITH"},{"data":"Setup","floor":10,"key":"SMITH"},{"floor":15,"key":"REST"},{"floor":23,"key":"REST"},{"floor":25,"key":"REST"},{"data":"Burst","floor":27,"key":"SMITH"}],"neow_cost":"NONE","seed_source_timestamp":647288097182190,"circlet_count":0,"master_deck":["Defend_G","Defend_G","Defend_G","Defend_G","Strike_G","Strike_G","Strike_G","Strike_G","Survivor","Neutralize","Setup+1","Blur","Noxious Fumes+1","Escape Plan","Deadly Poison+1","Acrobatics","Bouncing Flask","Noxious Fumes+1","Burst+1","Acrobatics","Escape Plan+1","Outmaneuver","Acrobatics","Endless Agony","Backflip"],"relics":["Ring of the Snake","Vajra","Tiny Chest","Bag of Marbles","DollysMirror","Sozu","Regal Pillow","Question Card","Ninja Scroll"],"potions_floor_usage":[7,11,19],"damage_taken":[{"damage":4,"enemies":"Small Slimes","floor":1,"turns":5},{"damage":2,"enemies":"Cultist","floor":2,"turns":5},{"damage":2,"enemies":"Jaw Worm","floor":5,"turns":7},{"damage":25,"enemies":"Gremlin Nob","floor":7,"turns":5},{"damage":18,"enemies":"Lagavulin","floor":11,"turns":7},{"damage":21,"enemies":"Slime Boss","floor":16,"turns":8},{"damage":4,"enemies":"Chosen","floor":18,"turns":4},{"damage":20,"enemies":"2 Thieves","floor":19,"turns":4},{"damage":13,"enemies":"Cultist and Chosen","floor":21,"turns":5},{"damage":24,"enemies":"Centurion and Healer","floor":22,"turns":5},{"damage":32,"enemies":"Gremlin Leader","floor":24,"turns":6},{"damage":24,"enemies":"Sentry and Sphere","floor":29,"turns":4},{"damage":16,"enemies":"Colosseum Slavers","floor":30,"turns":4},{"damage":15,"enemies":"Snecko","floor":31,"turns":4}],"seed_played":"1031651333023514148","potions_obtained":[{"floor":2,"key":"Poison Potion"},{"floor":5,"key":"EssenceOfSteel"},{"floor":7,"key":"LiquidBronze"},{"floor":16,"key":"FearPotion"}],"is_trial":false,"path_per_floor":["M","M","$","?","M","R","E","R","T","R","E","?","?","$","R","B",null,"M","M","?","M","M","R","E","R","T","R","T","M","?","M"],"character_chosen":"THE_SILENT","items_purchased":["Noxious Fumes","Bouncing Flask","DollysMirror"],"campfire_rested":3,"item_purchase_floors":[3,14,14],"current_hp_per_floor":[66,64,64,64,62,62,37,37,37,37,19,12,12,12,33,12,70,66,46,46,33,9,45,13,49,49,49,49,25,9,0],"gold":312,"neow_bonus":"HUNDRED_GOLD","is_prod":false,"is_daily":false,"chose_seed":false,"campfire_upgraded":4,"win_rate":0,"timestamp":1545363978,"path_taken":["M","M","$","?","M","R","E","R","T","R","E","?","?","$","R","BOSS","M","M","?","?","M","R","E","R","T","R","?","M","?","M"],"build_version":"2018-12-20","purchased_purges":2,"victory":false,"max_hp_per_floor":[70,70,70,70,70,70,70,70,70,70,70,70,70,70,70,70,70,70,70,70,70,70,70,70,70,70,70,70,70,70,70],"card_choices":[{"not_picked":["Bane","Well Laid Plans"],"picked":"Setup","floor":1},{"not_picked":["Deflect","Flying Knee"],"picked":"Blur","floor":2},{"not_picked":["Infinite Blades","Deadly Poison"],"picked":"Escape Plan","floor":5},{"not_picked":["Infinite Blades","Accuracy"],"picked":"Deadly Poison","floor":7},{"not_picked":["Dagger Spray","Glass Knife"],"picked":"Acrobatics","floor":11},{"not_picked":["Malaise","Phantasmal Killer"],"picked":"Burst","floor":16},{"not_picked":["Distraction","Dash+1"],"picked":"Acrobatics","floor":18},{"not_picked":["Bouncing Flask+1","Acrobatics"],"picked":"Escape Plan+1","floor":19},{"not_picked":["Predator","Bane"],"picked":"Outmaneuver","floor":21},{"not_picked":["Quick Slash","Well Laid Plans"],"picked":"Acrobatics","floor":22},{"not_picked":["Heel Hook+1","Dash+1"],"picked":"Endless Agony","floor":24},{"not_picked":["Flechettes+1","Acrobatics","Quick Slash"],"picked":"Backflip","floor":29}],"player_experience":145167,"relics_obtained":[{"floor":7,"key":"Vajra"},{"floor":9,"key":"Tiny Chest"},{"floor":11,"key":"Bag of Marbles"},{"floor":20,"key":"Regal Pillow"},{"floor":24,"key":"Question Card"},{"floor":28,"key":"Ninja Scroll"}],"event_choices":[{"damage_healed":0,"gold_gain":175,"player_choice":"AGREE","damage_taken":0,"max_hp_gain":0,"max_hp_loss":0,"event_name":"Liars Game","floor":4,"gold_loss":0,"cards_obtained":["Doubt"]},{"cards_removed":["Strike_G"],"damage_healed":0,"gold_gain":0,"player_choice":"Card Removal","damage_taken":7,"max_hp_gain":0,"max_hp_loss":0,"event_name":"Golden Wing","floor":12,"gold_loss":0},{"damage_healed":0,"gold_gain":0,"player_choice":"Left Gold","damage_taken":0,"max_hp_gain":0,"max_hp_loss":0,"event_name":"World of Goop","floor":13,"gold_loss":46},{"damage_healed":0,"gold_gain":0,"player_choice":"Relic","damage_taken":0,"max_hp_gain":0,"max_hp_loss":0,"event_name":"Wheel of Change","floor":20,"gold_loss":0},{"damage_healed":0,"gold_gain":0,"player_choice":"Fight","damage_taken":0,"max_hp_gain":0,"max_hp_loss":0,"event_name":"Colosseum","floor":30,"gold_loss":0},{"damage_healed":0,"gold_gain":0,"player_choice":"Fled From Nobs","damage_taken":0,"max_hp_gain":0,"max_hp_loss":0,"event_name":"Colosseum","floor":30,"gold_loss":0}],"is_beta":false,"boss_relics":[{"not_picked":["Philosopher\u0027s Stone","Runic Dome"],"picked":"Sozu"}],"items_purged_floors":[3,14],"is_endless":false,"potions_floor_spawned":[2,5,7,16,19],"killed_by":"Snecko","ascension_level":3}