{"gold_per_floor":[110,33,33,33,48,48,75,75,75,90,101,101,116,131,131,231,231,247,247,247,247,266,266,279,1,1,1],"floor_reached":27,"playtime":1491,"items_purged":[],"score":203,"play_id":"56c712e1-e828-473e-bef2-2a498b348f67","local_time":"20190616025007","is_ascension_mode":false,"campfire_choices":[{"data":"Infinite Blades","floor":6,"key":"SMITH"},{"data":"Slice","floor":8,"key":"SMITH"},{"floor":15,"key":"REST"},{"floor":23,"key":"REST"}],"neow_cost":"NONE","seed_source_timestamp":45942442275800,"circlet_count":0,"master_deck":["Defend_G","Defend_G","Defend_G","Defend_G","Defend_G","Strike_G","Strike_G","Strike_G","Strike_G","Strike_G","Survivor","Neutralize","All Out Attack","Infinite Blades+1","Acrobatics","Slice+1","Deadly Poison","Bane","Backstab","Phantasmal Killer","Venomology","Poisoned Stab","RitualDagger","Decay","Leg Sweep","Skewer","Noxious Fumes","Bouncing Flask","Dark Shackles","Expertise"],"relics":["Ring of the Snake","NeowsBlessing","Odd Mushroom","Sundial","Bird Faced Urn","Black Star","Enchiridion","Bronze Scales"],"potions_floor_usage":[16,16,16,18,18,22,27,27],"damage_taken":[{"damage":0,"enemies":"2 Louse","floor":1,"turns":1},{"damage":0,"enemies":"Small Slimes","floor":5,"turns":1},{"damage":0,"enemies":"The Mushroom Lair","floor":7,"turns":2},{"damage":4,"enemies":"Jaw Worm","floor":10,"turns":4},{"damage":11,"enemies":"Exordium Thugs","floor":11,"turns":4},{"damage":12,"enemies":"Large Slime","floor":13,"turns":5},{"damage":5,"enemies":"3 Louse","floor":14,"turns":2},{"damage":52,"enemies":"The Guardian","floor":16,"turns":14},{"damage":44,"enemies":"2 Thieves","floor":18,"turns":5},{"damage":0,"enemies":"Chosen","floor":22,"turns":4},{"damage":21,"enemies":"Snake Plant","floor":24,"turns":6},{"damage":21,"enemies":"3 Cultists","floor":27,"turns":4}],"seed_played":"-5928468957077388486","potions_obtained":[{"floor":1,"key":"Weak Potion"},{"floor":13,"key":"SpeedPotion"},{"floor":14,"key":"Strength Potion"},{"floor":16,"key":"EssenceOfSteel"},{"floor":24,"key":"SpeedPotion"}],"is_trial":false,"path_per_floor":["M","$","?","$","M","R","?","R","T","M","M","T","M","M","R","B",null,"M","?","?","?","M","R","M","$","T","M"],"character_chosen":"THE_SILENT","items_purchased":["Infinite Blades","Noxious Fumes","Bouncing Flask","Dark Shackles","Expertise"],"campfire_rested":2,"item_purchase_floors":[2,25,25,25,25],"current_hp_per_floor":[70,70,70,70,70,70,70,70,70,66,55,55,45,42,63,13,70,26,20,4,4,8,29,12,12,12,0],"gold":1,"neow_bonus":"THREE_ENEMY_KILL","is_prod":false,"is_daily":false,"chose_seed":false,"campfire_upgraded":2,"win_rate":0.0,"timestamp":1560649807,"path_taken":["M","$","?","$","M","R","?","R","T","?","M","?","M","M","R","BOSS","M","?","?","?","M","R","M","$","T","M"],"build_version":"2019-01-23","purchased_purges":0,"victory":false,"max_hp_per_floor":[70,70,70,70,70,70,70,70,70,70,70,70,70,70,70,70,70,70,70,70,70,70,70,70,70,70,70],"card_choices":[{"not_picked":["Bane","Prepared"],"picked":"All Out Attack","floor":1},{"not_picked":["Infinite Blades","Masterful Stab"],"picked":"Acrobatics","floor":5},{"not_picked":["Sucker Punch","Underhanded Strike"],"picked":"Slice","floor":7},{"not_picked":["Dodge and Roll","Backflip"],"picked":"Deadly Poison","floor":10},{"not_picked":["Quick Slash","Slice"],"picked":"Bane","floor":11},{"not_picked":["Backflip","Tactician"],"picked":"Backstab","floor":13},{"not_picked":["Prepared","Eviscerate"],"picked":"Phantasmal Killer","floor":14},{"not_picked":["Doppelganger","Unload"],"picked":"Venomology","floor":16},{"not_picked":["Outmaneuver","Deadly Poison"],"picked":"Poisoned Stab","floor":18},{"not_picked":["Dagger Spray","Catalyst"],"picked":"Leg Sweep","floor":22},{"not_picked":["Dagger Spray","Dodge and Roll"],"picked":"Skewer","floor":24}],"player_experience":50679,"relics_obtained":[{"floor":7,"key":"Odd Mushroom"},{"floor":9,"key":"Sundial"},{"floor":12,"key":"Bird Faced Urn"},{"floor":20,"key":"Enchiridion"},{"floor":26,"key":"Bronze Scales"}],"event_choices":[{"damage_healed":0,"gold_gain":0,"player_choice":"Leave","damage_taken":0,"max_hp_gain":0,"max_hp_loss":0,"event_name":"The Cleric","floor":3,"gold_loss":0},{"damage_healed":0,"gold_gain":0,"player_choice":"Fought Mushrooms","damage_taken":0,"max_hp_gain":0,"max_hp_loss":0,"event_name":"Mushrooms","floor":7,"gold_loss":0},{"damage_healed":0,"gold_gain":0,"player_choice":"Joined the Cult","damage_taken":6,"max_hp_gain":0,"max_hp_loss":0,"event_name":"Nest","floor":19,"gold_loss":0,"cards_obtained":["RitualDagger"]},{"damage_healed":0,"gold_gain":0,"player_choice":"Obtained Book","damage_taken":16,"max_hp_gain":0,"max_hp_loss":0,"event_name":"Cursed Tome","floor":20,"gold_loss":0},{"damage_healed":0,"gold_gain":0,"player_choice":"Smashed Altar","damage_taken":0,"max_hp_gain":0,"max_hp_loss":0,"event_name":"Forgotten Altar","floor":21,"gold_loss":0,"cards_obtained":["Decay"]}],"is_beta":false,"boss_relics":[{"not_picked":["Busted Crown","Calling Bell"],"picked":"Black Star"}],"items_purged_floors":[],"is_endless":false,"potions_floor_spawned":[1,13,14,16,24],"killed_by":"3 Cultists","ascension_level":0}