{"gold_per_floor":[121,150,180,192,215,254,266,296,308,320,361,392,423,461,473,588,600,629,654,683,52,72,106,123,123,149,181,36,36,71,89,89,189,189,189],"floor_reached":35,"playtime":3035,"items_purged":["Strike_B"],"score":532,"play_id":"c77f23e5-c9cf-4e79-8ce1-9e63b007583d","local_time":"20190204104813","is_ascension_mode":true,"campfire_choices":[{"data":"Zap","floor":7.0,"key":"SMITH"},{"floor":10.0,"key":"REST"},{"floor":15.0,"key":"REST"},{"floor":25.0,"key":"REST"},{"data":"Buffer","floor":29.0,"key":"SMITH"},{"floor":32.0,"key":"REST"}],"neow_cost":"NONE","seed_source_timestamp":0,"circlet_count":0,"master_deck":["Strike_B","Strike_B","Strike_B","Defend_B","Defend_B","Defend_B+1","Defend_B","Zap+1","Dualcast","Leap","Ball Lightning","Cold Snap","Storm","White Noise+1","Genetic Algorithm","FTL","Machine Learning","Ball Lightning+1","Buffer+1","Hello World+1","Storm","Reinforced Body+1","Seek","Loop","Leap+1"],"special_seed":0,"relics":["Cracked Core","MawBank","Turnip","Potion Belt","Boot","Singing Bowl","Inserter","Oddly Smooth Stone","Lee\u0027s Waffle","War Paint","Blue Candle","Pen Nib","PreservedInsect","Bag of Preparation","Question Card","Orrery"],"potions_floor_usage":[],"damage_taken":[{"damage":2.0,"enemies":"Jaw Worm","floor":1.0,"turns":3.0},{"damage":1.0,"enemies":"Cultist","floor":2.0,"turns":3.0},{"damage":0.0,"enemies":"2 Louse","floor":3.0,"turns":2.0},{"damage":4.0,"enemies":"Red Slaver","floor":5.0,"turns":3.0},{"damage":14.0,"enemies":"Lagavulin","floor":6.0,"turns":7.0},{"damage":20.0,"enemies":"Gremlin Gang","floor":8.0,"turns":4.0},{"damage":6.0,"enemies":"Gremlin Nob","floor":11.0,"turns":3.0},{"damage":18.0,"enemies":"Exordium Thugs","floor":12.0,"turns":7.0},{"damage":7.0,"enemies":"3 Louse","floor":13.0,"turns":3.0},{"damage":16.0,"enemies":"Lagavulin","floor":14.0,"turns":6.0},{"damage":27.0,"enemies":"Hexaghost","floor":16.0,"turns":10.0},{"damage":12.0,"enemies":"Chosen","floor":18.0,"turns":4.0},{"damage":24.0,"enemies":"Shell Parasite","floor":19.0,"turns":5.0},{"damage":20.0,"enemies":"Chosen and Byrds","floor":20.0,"turns":6.0},{"damage":19.0,"enemies":"3 Cultists","floor":22.0,"turns":5.0},{"damage":14.0,"enemies":"Book of Stabbing","floor":23.0,"turns":4.0},{"damage":0.0,"enemies":"Centurion and Healer","floor":24.0,"turns":5.0},{"damage":29.0,"enemies":"Gremlin Leader","floor":27.0,"turns":6.0},{"damage":17.0,"enemies":"Book of Stabbing","floor":30.0,"turns":4.0},{"damage":10.0,"enemies":"Chosen and Byrds","floor":31.0,"turns":3.0},{"damage":53.0,"enemies":"Automaton","floor":33.0,"turns":9.0},{"damage":0,"enemies":"3 Darklings","floor":35,"turns":1}],"seed_played":"-7343585568308107389","potions_obtained":[{"floor":2.0,"key":"EssenceOfSteel"},{"floor":3.0,"key":"FearPotion"},{"floor":6.0,"key":"Poison Potion"},{"floor":12.0,"key":"PowerPotion"},{"floor":14.0,"key":"Fruit Juice"},{"floor":19.0,"key":"Explosive Potion"},{"floor":22.0,"key":"Swift Potion"},{"floor":30.0,"key":"Regen Potion"},{"floor":31.0,"key":"Swift Potion"},{"floor":33.0,"key":"Poison Potion"}],"is_trial":false,"path_per_floor":["M","M","M","?","M","E","R","M","T","R","E","M","M","E","R","B",null,"M","M","M","$","M","E","M","R","T","E","$","R","E","M","R","B",null,"M"],"character_chosen":"DEFECT","items_purchased":["Oddly Smooth Stone","Lee\u0027s Waffle","Storm","War Paint","Bag of Preparation"],"campfire_rested":4,"item_purchase_floors":[21,21,21,21,28],"current_hp_per_floor":[73,72,72,65,61,47,47,27,27,49,43,25,18,2,29,2,80,68,44,24,87,70,58,60,87,87,60,60,60,43,40,69,16,103,103],"gold":189,"neow_bonus":"RANDOM_COMMON_RELIC","is_prod":false,"is_daily":false,"chose_seed":false,"campfire_upgraded":2,"win_rate":0,"timestamp":1549273693,"path_taken":["M","M","M","?","M","E","R","M","T","R","E","M","M","E","R","BOSS","M","M","M","$","?","E","?","R","T","E","$","R","E","M","R","BOSS","M"],"build_version":"2019-01-23","purchased_purges":1,"victory":false,"max_hp_per_floor":[75,75,75,75,75,75,75,75,75,75,75,75,75,75,80,80,80,80,80,80,87,89,91,93,93,93,95,95,95,95,97,97,97,103,103],"card_choices":[{"not_picked":["Redo","Streamline"],"picked":"Leap","floor":1.0},{"not_picked":["Reinforced Body","Reprogram","Beam Cell"],"picked":"SKIP","floor":2.0},{"not_picked":["Tempest","Barrage"],"picked":"Ball Lightning","floor":3.0},{"not_picked":["Recycle","Sweeping Beam"],"picked":"Cold Snap","floor":5.0},{"not_picked":["Rebound","Tempest","Scrape"],"picked":"SKIP","floor":6.0},{"not_picked":["Streamline","Sweeping Beam"],"picked":"Storm","floor":8.0},{"not_picked":["Rebound","Streamline","Cold Snap"],"picked":"SKIP","floor":11.0},{"not_picked":["Coolheaded","Rebound"],"picked":"White Noise","floor":12.0},{"not_picked":["Steam","Buffer"],"picked":"Genetic Algorithm","floor":13.0},{"not_picked":["Aggregate","Chaos"],"picked":"FTL","floor":14.0},{"not_picked":["Rainbow","Buffer"],"picked":"Machine Learning","floor":16.0},{"not_picked":["Sweeping Beam+1","Stack"],"picked":"Ball Lightning+1","floor":18.0},{"not_picked":["Compile Driver","Sweeping Beam"],"picked":"Buffer","floor":19.0},{"not_picked":["Cold Snap","Gash"],"picked":"Hello World+1","floor":20.0},{"not_picked":["Darkness","Recycle","Barrage"],"picked":"Singing Bowl","floor":22.0},{"not_picked":["Redo","Blizzard+1","Cold Snap"],"picked":"Singing Bowl","floor":23.0},{"not_picked":["Steam","Amplify","Hologram"],"picked":"Singing Bowl","floor":24.0},{"not_picked":["Hologram","All For One","Sweeping Beam"],"picked":"Singing Bowl","floor":27.0},{"not_picked":["Darkness","Capacitor"],"picked":"Reinforced Body+1","floor":30.0},{"not_picked":["Hologram","Stack","Capacitor","Barrage"],"picked":"Singing Bowl","floor":31.0},{"not_picked":["Electrodynamics","Thunder Strike","Reboot"],"picked":"Seek","floor":33.0},{"not_picked":["Go for the Eyes","Blizzard+1","Gash"],"picked":"Loop","floor":34.0},{"not_picked":["Barrage+1","Compile Driver","Rebound"],"picked":"Leap+1","floor":34.0},{"not_picked":["Auto Shields","Static Discharge","Go for the Eyes","Hologram"],"picked":"Singing Bowl","floor":34.0},{"not_picked":["Steam Power","Beam Cell+1","Sunder","FTL"],"picked":"Singing Bowl","floor":34.0},{"not_picked":["Stack","Steam Power","Redo","Beam Cell"],"picked":"Singing Bowl","floor":34.0}],"player_experience":135889,"relics_obtained":[{"floor":6.0,"key":"Turnip"},{"floor":9.0,"key":"Potion Belt"},{"floor":11.0,"key":"Boot"},{"floor":14.0,"key":"Singing Bowl"},{"floor":23.0,"key":"Blue Candle"},{"floor":26.0,"key":"Pen Nib"},{"floor":27.0,"key":"PreservedInsect"},{"floor":30.0,"key":"Question Card"}],"event_choices":[{"damage_healed":0.0,"max_hp_gain":0.0,"max_hp_loss":0.0,"gold_gain":0.0,"event_name":"Wheel of Change","player_choice":"Damaged","floor":4.0,"gold_loss":0.0,"damage_taken":7.0}],"is_beta":false,"boss_relics":[{"not_picked":["Coffee Dripper","White Beast Statue"],"picked":"Inserter"},{"not_picked":["Lizard Tail","Velvet Choker"],"picked":"Orrery"}],"items_purged_floors":[21],"is_endless":false,"potions_floor_spawned":[2,3,6,12,14,19,22,30,31,33],"killed_by":"3 Darklings","ascension_level":3}