{"gold_per_floor":[109,109,129,129,144,144,179,179,179,32,76,151,151],"floor_reached":13,"playtime":335,"items_purged":["Strike_G"],"score":118,"play_id":"38aade91-a9a1-4879-96a6-cb7979eb8332","local_time":"20190101143242","is_ascension_mode":true,"campfire_choices":[{"data":"Predator","floor":6,"key":"SMITH"},{"data":"Bullet Time","floor":8,"key":"SMITH"}],"neow_cost":"NONE","seed_source_timestamp":976558467885632,"circlet_count":0,"master_deck":["Defend_G","Defend_G","Defend_G","Defend_G","Defend_G","Strike_G","Strike_G","Strike_G","Survivor","Neutralize","Bullet Time+1","Terror","Predator+1","Calculated Gamble","Noxious Fumes","Catalyst"],"relics":["Ring of the Snake","NeowsBlessing","Golden Idol","Bird Faced Urn","Ninja Scroll"],"potions_floor_usage":[11],"damage_taken":[{"damage":0,"enemies":"2 Louse","floor":1,"turns":1},{"damage":0,"enemies":"Jaw Worm","floor":3,"turns":1},{"damage":0,"enemies":"Small Slimes","floor":5,"turns":1},{"damage":7,"enemies":"Lagavulin","floor":7,"turns":5},{"damage":27,"enemies":"Gremlin Nob","floor":11,"turns":4},{"damage":6,"enemies":"Exordium Wildlife","floor":13,"turns":2}],"seed_played":"-5955612168679755912","potions_obtained":[{"floor":3,"key":"Fire Potion"}],"is_trial":false,"path_per_floor":["M","?","M","?","M","R","E","R","T","$","E","?","M"],"character_chosen":"THE_SILENT","items_purchased":["Noxious Fumes"],"campfire_rested":0,"item_purchase_floors":[10],"current_hp_per_floor":[63,63,63,46,46,46,39,39,39,39,14,3,0],"gold":151,"neow_bonus":"THREE_ENEMY_KILL","is_prod":false,"is_daily":false,"chose_seed":false,"campfire_upgraded":2,"win_rate":0,"timestamp":1546381962,"path_taken":["M","?","M","?","?","R","E","R","T","$","E","?","M"],"build_version":"2018-12-20","purchased_purges":1,"victory":false,"max_hp_per_floor":[70,70,70,70,70,70,70,70,70,70,70,70,70],"card_choices":[{"not_picked":["Deflect","Concentrate","Poisoned Stab"],"picked":"SKIP","floor":1},{"not_picked":["Acrobatics","Concentrate"],"picked":"Terror","floor":3},{"not_picked":["Blade Dance","PiercingWail"],"picked":"Predator","floor":5},{"not_picked":["Poisoned Stab","Slice"],"picked":"Calculated Gamble","floor":7},{"not_picked":["Quick Slash","Outmaneuver"],"picked":"Catalyst","floor":11}],"player_experience":251115,"relics_obtained":[{"floor":7,"key":"Bird Faced Urn"},{"floor":11,"key":"Ninja Scroll"}],"event_choices":[{"damage_healed":0,"gold_gain":0,"cards_transformed":["Strike_G"],"player_choice":"Change","damage_taken":0,"max_hp_gain":0,"max_hp_loss":0,"event_name":"Living Wall","floor":2,"gold_loss":0,"cards_obtained":["Bullet Time"]},{"damage_healed":0,"gold_gain":0,"player_choice":"Take Damage","damage_taken":17,"relics_obtained":["Golden Idol"],"max_hp_gain":0,"max_hp_loss":0,"event_name":"Golden Idol","floor":4,"gold_loss":0},{"damage_healed":0,"gold_gain":75,"player_choice":"Gather Gold","damage_taken":11,"max_hp_gain":0,"max_hp_loss":0,"event_name":"World of Goop","floor":12,"gold_loss":0}],"is_beta":false,"boss_relics":[],"items_purged_floors":[10],"is_endless":false,"potions_floor_spawned":[3],"killed_by":"Exordium Wildlife","ascension_level":6}