{"gold_per_floor":[112,112,112,137,156,156,200,32,32,32,55,55,91,91,91,214,214,237,261,13,29,42,42,67,105,186,219,63,84,109,109,109,233,233,252,352,352],"floor_reached":37,"playtime":4827,"items_purged":["Strike_B","Dualcast"],"score":511,"play_id":"b9ce0a9c-96a0-4d0c-84a5-fadd0b0bd7f6","local_time":"20190120233407","is_ascension_mode":true,"campfire_choices":[{"data":"Zap","floor":6.0,"key":"SMITH"},{"data":"Defragment","floor":10.0,"key":"SMITH"},{"floor":15.0,"key":"REST"},{"data":"Static Discharge","floor":23.0,"key":"SMITH"},{"data":"Defragment","floor":32.0,"key":"SMITH"}],"neow_cost":"NONE","seed_source_timestamp":0,"circlet_count":0,"master_deck":["Defend_B","Defend_B","Defend_B+1","Zap+1","Sweeping Beam","Coolheaded","Defragment+1","Good Instincts","Cold Snap","Core Surge","Cold Snap","Static Discharge+1","Static Discharge","Skim","Conserve Battery","Fusion","Self Repair","Genetic Algorithm+1","Defragment+1","Sweeping Beam","Bite","Bite","Bite","Bite","Bite","Rainbow"],"special_seed":0,"relics":["Cracked Core","NeowsBlessing","Golden Idol","Potion Belt","Incense Burner","Kunai","Bottled Tornado","Coffee Dripper","Unceasing Top","Pear","Thread and Needle","Oddly Smooth Stone","White Beast Statue"],"potions_floor_usage":[33,37],"damage_taken":[{"damage":0.0,"enemies":"2 Louse","floor":1.0,"turns":1.0},{"damage":0.0,"enemies":"Small Slimes","floor":5.0,"turns":1.0},{"damage":0.0,"enemies":"3 Sentries","floor":7.0,"turns":1.0},{"damage":0.0,"enemies":"Jaw Worm","floor":11.0,"turns":3.0},{"damage":2.0,"enemies":"Lagavulin","floor":13.0,"turns":6.0},{"damage":7.0,"enemies":"Slime Boss","floor":16.0,"turns":9.0},{"damage":0.0,"enemies":"3 Byrds","floor":18.0,"turns":5.0},{"damage":4.0,"enemies":"Shell Parasite","floor":19.0,"turns":4.0},{"damage":30.0,"enemies":"Snake Plant","floor":21.0,"turns":5.0},{"damage":3.0,"enemies":"Centurion and Healer","floor":22.0,"turns":9.0},{"damage":0.0,"enemies":"3 Cultists","floor":24.0,"turns":5.0},{"damage":13.0,"enemies":"Gremlin Leader","floor":25.0,"turns":4.0},{"damage":17.0,"enemies":"Slavers","floor":27.0,"turns":5.0},{"damage":12.0,"enemies":"Snecko","floor":29.0,"turns":5.0},{"damage":7.0,"enemies":"Snake Plant","floor":30.0,"turns":4.0},{"damage":12,"enemies":"Automaton","floor":33,"turns":12},{"damage":52,"enemies":"3 Shapes","floor":35,"turns":3},{"damage":15,"enemies":"3 Darklings","floor":37,"turns":2}],"seed_played":"380426329152862259","potions_obtained":[{"floor":5.0,"key":"Energy Potion"},{"floor":11.0,"key":"LiquidBronze"},{"floor":13.0,"key":"Energy Potion"},{"floor":18.0,"key":"Block Potion"},{"floor":24.0,"key":"Swift Potion"},{"floor":25.0,"key":"Regen Potion"},{"floor":27.0,"key":"FearPotion"},{"floor":30.0,"key":"PowerPotion"},{"floor":35,"key":"Ancient Potion"}],"is_trial":false,"path_per_floor":["M","?","?","T","M","R","E","$","T","R","M","?","E","?","R","B",null,"M","M","$","M","M","R","M","E","T","E","$","M","M","?","R","B",null,"M","?","M"],"character_chosen":"DEFECT","items_purchased":["Good Instincts","Static Discharge","Skim","Oddly Smooth Stone"],"campfire_rested":1,"item_purchase_floors":[8,20,20,28],"current_hp_per_floor":[75,69,55,55,55,55,55,55,55,55,55,55,53,46,66,59,69,69,65,65,35,32,32,32,19,29,26,26,21,14,14,14,41,55,10,10,0],"gold":352,"neow_bonus":"THREE_ENEMY_KILL","is_prod":false,"is_daily":false,"chose_seed":false,"campfire_upgraded":4,"win_rate":0,"timestamp":1548016447,"path_taken":["M","?","?","?","M","R","E","?","T","R","?","?","E","?","R","BOSS","M","M","$","M","M","R","M","E","T","E","$","M","M","?","R","BOSS","M","?","?"],"build_version":"2019-01-17v2","purchased_purges":2,"victory":false,"max_hp_per_floor":[75,69,69,69,69,69,69,69,69,69,69,69,69,69,69,69,69,69,69,69,69,69,69,69,69,79,79,79,79,79,55,55,55,55,55,55,55],"card_choices":[{"not_picked":["Darkness","Hologram"],"picked":"Sweeping Beam","floor":1.0},{"not_picked":["Gash","FTL"],"picked":"Coolheaded","floor":5.0},{"not_picked":["Undo","Streamline"],"picked":"Defragment","floor":7.0},{"not_picked":["Leap","Scrape"],"picked":"Cold Snap","floor":11.0},{"not_picked":["Gash","Redo","Sweeping Beam"],"picked":"SKIP","floor":13.0},{"not_picked":["Reboot","Biased Cognition"],"picked":"Core Surge","floor":16.0},{"not_picked":["Stack+1","Steam"],"picked":"Cold Snap","floor":18.0},{"not_picked":["Redo","BootSequence"],"picked":"Static Discharge","floor":19.0},{"not_picked":["Steam+1","Leap"],"picked":"Conserve Battery","floor":21.0},{"not_picked":["Steam","Fission","Force Field"],"picked":"SKIP","floor":22.0},{"not_picked":["Darkness","Hologram+1"],"picked":"Fusion","floor":24.0},{"not_picked":["Compile Driver+1","Hologram"],"picked":"Self Repair","floor":25.0},{"not_picked":["Leap+1","Conserve Battery"],"picked":"Genetic Algorithm+1","floor":27.0},{"not_picked":["Doom and Gloom","Sweeping Beam"],"picked":"Defragment","floor":29.0},{"not_picked":["Darkness","Skim+1"],"picked":"Sweeping Beam","floor":30.0},{"not_picked":["Seek","Biased Cognition"],"picked":"Rainbow","floor":33},{"not_picked":["Lockon+1","Scrape+1","Go for the Eyes+1"],"picked":"SKIP","floor":35}],"player_experience":92419,"relics_obtained":[{"floor":4.0,"key":"Potion Belt"},{"floor":7.0,"key":"Incense Burner"},{"floor":9.0,"key":"Kunai"},{"floor":13.0,"key":"Bottled Tornado"},{"floor":25.0,"key":"Unceasing Top"},{"floor":26.0,"key":"Pear"},{"floor":27.0,"key":"Thread and Needle"}],"event_choices":[{"damage_healed":0.0,"max_hp_gain":0.0,"max_hp_loss":6.0,"gold_gain":0.0,"event_name":"Golden Idol","player_choice":"Lose Max HP","floor":2.0,"gold_loss":0.0,"damage_taken":0.0,"relics_obtained":["Golden Idol"]},{"damage_healed":0.0,"max_hp_gain":0.0,"max_hp_loss":0.0,"gold_gain":0.0,"event_name":"Shining Light","player_choice":"Entered Light","floor":3.0,"gold_loss":0.0,"damage_taken":14.0,"cards_upgraded":["Defend_B","Strike_B"]},{"damage_healed":0.0,"max_hp_gain":0.0,"max_hp_loss":0.0,"gold_gain":0.0,"event_name":"Liars Game","player_choice":"Ignored","floor":12.0,"gold_loss":0.0,"damage_taken":0.0},{"cards_removed":["Defend_B"],"damage_healed":0.0,"max_hp_gain":0.0,"max_hp_loss":0.0,"gold_gain":0.0,"event_name":"Golden Wing","player_choice":"Card Removal","floor":14.0,"gold_loss":0.0,"damage_taken":7.0},{"damage_healed":0.0,"max_hp_gain":0.0,"max_hp_loss":24.0,"gold_gain":0.0,"event_name":"Vampires","player_choice":"Became a vampire","floor":31.0,"gold_loss":0.0,"damage_taken":0.0,"cards_obtained":["Bite","Bite","Bite","Bite","Bite"]},{"damage_healed":0,"gold_gain":100,"player_choice":"Pray","damage_taken":0,"max_hp_gain":0,"max_hp_loss":0,"event_name":"Golden Shrine","floor":36,"gold_loss":0}],"is_beta":false,"boss_relics":[{"not_picked":["Orrery","Lizard Tail"],"picked":"Coffee Dripper"},{"not_picked":["Calling Bell","FrozenCore"],"picked":"White Beast Statue"}],"items_purged_floors":[8,20],"is_endless":false,"potions_floor_spawned":[5,11,13,18,24,25,27,30,35],"killed_by":"3 Darklings","ascension_level":2}