{"gold_per_floor":[145,145,161,181,195,525,5,5,5,79,79,110,110,124,124,227,227,238,238,238,250,270,296,296,315,315,325,343,357,376,131,131,131],"floor_reached":33,"playtime":3166,"items_purged":["Regret","Strike_G"],"score":306,"play_id":"0c07cb3a-9d59-436c-9bb7-ba4cf2befc8c","local_time":"20181201000623","is_ascension_mode":false,"campfire_choices":[{"floor":8,"key":"REST"},{"data":"Mayhem","floor":11,"key":"SMITH"},{"floor":15,"key":"REST"},{"data":"Malaise","floor":24,"key":"SMITH"},{"data":"Calculated Gamble","floor":32,"key":"SMITH"}],"neow_cost":"NONE","seed_source_timestamp":1433148178738634,"circlet_count":0,"master_deck":["Defend_G","Defend_G","Defend_G","Defend_G","Defend_G","Strike_G","Strike_G","Strike_G","Strike_G","Survivor","Neutralize","Clumsy","Parasite","Backflip","Infinite Blades","Blade Dance","Quick Slash","Choke","Mayhem+1","Slice+1","Blade Dance","Malaise+1","Flying Knee+1","Flying Knee+1","Blade Dance","Footwork+1","Backflip","Calculated Gamble+1","Envenom+1"],"relics":["Calling Bell","Tiny Chest","Mercury Hourglass","StoneCalendar","Bag of Preparation","Old Coin","Chemical X","Molten Egg 2","Pantograph","Tough Bandages","Lizard Tail","Frozen Egg 2","Regal Pillow","Mango","Pear"],"potions_floor_usage":[12,16,29,33],"damage_taken":[{"damage":1,"enemies":"Cultist","floor":1,"turns":4},{"damage":3,"enemies":"2 Louse","floor":3,"turns":3},{"damage":6,"enemies":"Small Slimes","floor":4,"turns":4},{"damage":9,"enemies":"Exordium Wildlife","floor":5,"turns":4},{"damage":48,"enemies":"Gremlin Nob","floor":6,"turns":5},{"damage":17,"enemies":"3 Sentries","floor":12,"turns":7},{"damage":0,"enemies":"Looter","floor":14,"turns":3},{"damage":29,"enemies":"Hexaghost","floor":16,"turns":8},{"damage":3,"enemies":"Shell Parasite","floor":18,"turns":6},{"damage":13,"enemies":"3 Byrds","floor":21,"turns":5},{"damage":19,"enemies":"Shelled Parasite and Fungi","floor":22,"turns":7},{"damage":21,"enemies":"Book of Stabbing","floor":23,"turns":6},{"damage":10,"enemies":"Snake Plant","floor":25,"turns":5},{"damage":12,"enemies":"Snecko","floor":27,"turns":5},{"damage":9,"enemies":"Centurion and Healer","floor":28,"turns":7},{"damage":25,"enemies":"Sentry and Sphere","floor":29,"turns":6},{"damage":8,"enemies":"Chosen and Byrds","floor":30,"turns":7},{"damage":55,"enemies":"Automaton","floor":33,"turns":6}],"seed_played":"1271344680396973477","potions_obtained":[{"floor":3,"key":"Regen Potion"},{"floor":5,"key":"Weak Potion"},{"floor":12,"key":"Dexterity Potion"},{"floor":14,"key":"SpeedPotion"},{"floor":22,"key":"Strength Potion"},{"floor":27,"key":"GhostInAJar"},{"floor":30,"key":"SkillPotion"}],"is_trial":false,"path_per_floor":["M","T","M","M","M","E","$","R","T","T","R","E","?","M","R","B",null,"M","T","?","M","M","E","R","M","T","M","M","M","M","$","R","B"],"character_chosen":"THE_SILENT","items_purchased":["Choke","Mayhem","Chemical X","Envenom+1"],"campfire_rested":2,"item_purchase_floors":[7,7,7,31],"current_hp_per_floor":[69,69,66,60,51,3,3,24,24,24,24,21,21,21,42,38,70,67,67,67,54,35,28,28,18,28,16,7,29,21,21,21,0],"gold":131,"neow_bonus":"BOSS_RELIC","is_prod":false,"is_daily":false,"chose_seed":false,"campfire_upgraded":3,"win_rate":0.0,"timestamp":1543651583,"path_taken":["M","?","?","M","M","E","$","R","T","?","R","E","?","M","R","BOSS","M","?","?","M","M","E","R","M","T","M","?","M","M","$","R","BOSS"],"build_version":"2018-11-15","purchased_purges":2,"victory":false,"max_hp_per_floor":[70,70,70,70,70,70,70,70,70,70,70,70,70,70,70,70,70,70,70,70,70,70,84,84,84,94,94,94,94,94,94,94,94],"card_choices":[{"not_picked":["Underhanded Strike","Poisoned Stab"],"picked":"Backflip","floor":1},{"not_picked":["Acrobatics","Prepared"],"picked":"Infinite Blades","floor":3},{"not_picked":["Quick Slash","Slice"],"picked":"Blade Dance","floor":4},{"not_picked":["Dagger Throw","PiercingWail","Prepared"],"picked":"SKIP","floor":5},{"not_picked":["Heel Hook","Acrobatics"],"picked":"Quick Slash","floor":6},{"not_picked":["Doppelganger","Accuracy"],"picked":"Slice+1","floor":12},{"not_picked":["Catalyst","Dodge and Roll"],"picked":"Blade Dance","floor":14},{"not_picked":["Storm of Steel","Tools of the Trade"],"picked":"Malaise","floor":16},{"not_picked":["Caltrops+1","Sucker Punch+1"],"picked":"Flying Knee+1","floor":18},{"not_picked":["Dodge and Roll","Heel Hook+1"],"picked":"Flying Knee+1","floor":21},{"not_picked":["Predator+1","Well Laid Plans+1","Sucker Punch+1"],"picked":"SKIP","floor":22},{"not_picked":["Riddle With Holes+1","Deadly Poison","Masterful Stab+1"],"picked":"SKIP","floor":23},{"not_picked":["Sucker Punch+1","Catalyst+1","Prepared"],"picked":"SKIP","floor":25},{"not_picked":["Predator+1","Dagger Spray+1"],"picked":"Blade Dance","floor":27},{"not_picked":["Outmaneuver","Underhanded Strike+1"],"picked":"Footwork+1","floor":28},{"not_picked":["Underhanded Strike+1","Masterful Stab+1"],"picked":"Backflip","floor":29},{"not_picked":["Prepared","Tactician"],"picked":"Calculated Gamble","floor":30}],"player_experience":60111,"relics_obtained":[{"floor":0,"key":"Tiny Chest"},{"floor":0,"key":"Mercury Hourglass"},{"floor":0,"key":"StoneCalendar"},{"floor":2,"key":"Bag of Preparation"},{"floor":6,"key":"Old Coin"},{"floor":9,"key":"Molten Egg 2"},{"floor":10,"key":"Pantograph"},{"floor":12,"key":"Tough Bandages"},{"floor":19,"key":"Frozen Egg 2"},{"floor":23,"key":"Mango"},{"floor":26,"key":"Pear"}],"event_choices":[{"damage_healed":0,"gold_gain":0,"player_choice":"Bought 0 Potions","damage_taken":0,"max_hp_gain":0,"max_hp_loss":0,"event_name":"The Woman in Blue","floor":13,"gold_loss":0},{"damage_healed":0,"gold_gain":0,"player_choice":"Opened","damage_taken":0,"relics_obtained":["Regal Pillow"],"max_hp_gain":0,"max_hp_loss":0,"event_name":"The Mausoleum","floor":20,"gold_loss":0}],"is_beta":false,"boss_relics":[{"not_picked":["Runic Dome","Ectoplasm"],"picked":"Lizard Tail"}],"items_purged_floors":[7,31],"is_endless":false,"potions_floor_spawned":[3,5,12,14,22,25,27,30],"killed_by":"Automaton","ascension_level":0}