{"gold_per_floor":[109,109,34,54,68,68,98,98,98,133,133,133,133,89,89,89],"floor_reached":16,"playtime":951,"items_purged":["Strike_R"],"score":196,"play_id":"5a95f2bd-99a7-4a8b-aab2-9ce2d6b4dac8","local_time":"20190309012316","is_ascension_mode":true,"campfire_choices":[{"data":"Uppercut","floor":6,"key":"SMITH"},{"data":"Shockwave","floor":8,"key":"SMITH"},{"floor":13,"key":"REST"},{"data":"Anger","floor":15,"key":"SMITH"}],"neow_cost":"NONE","seed_source_timestamp":1767377410974452,"circlet_count":0,"master_deck":["AscendersBane","Strike_R","Strike_R","Strike_R","Defend_R","Defend_R","Defend_R","Defend_R","Bash","Uppercut+1","Shockwave+1","Anger+1","Shrug It Off+1","Impervious","Metallicize"],"relics":["Burning Blood","Champion Belt","Du-Vu Doll","Omamori"],"potions_floor_usage":[7,16,16],"damage_taken":[{"damage":4,"enemies":"Jaw Worm","floor":1,"turns":4},{"damage":4,"enemies":"Cultist","floor":4,"turns":3},{"damage":4,"enemies":"Small Slimes","floor":5,"turns":3},{"damage":38,"enemies":"3 Sentries","floor":7,"turns":9},{"damage":26,"enemies":"Gremlin Nob","floor":10,"turns":5},{"damage":69,"enemies":"Slime Boss","floor":16,"turns":13}],"seed_played":"-4484953817095646420","potions_obtained":[{"floor":1,"key":"Regen Potion"},{"floor":5,"key":"BloodPotion"},{"floor":10,"key":"Energy Potion"}],"is_trial":false,"path_per_floor":["M","?","$","M","M","R","E","R","T","E","?","?","R","$","R","B"],"character_chosen":"IRONCLAD","items_purchased":["Metallicize"],"campfire_rested":1,"item_purchase_floors":[14],"current_hp_per_floor":[70,70,70,72,74,74,57,57,57,37,37,33,55,55,55,0],"gold":89,"neow_bonus":"THREE_CARDS","is_prod":false,"is_daily":false,"chose_seed":false,"campfire_upgraded":3,"win_rate":0,"timestamp":1552083796,"path_taken":["M","?","?","?","M","R","E","R","T","E","?","?","R","$","R","BOSS"],"build_version":"2019-01-23","purchased_purges":1,"victory":false,"max_hp_per_floor":[75,75,75,75,75,75,75,75,75,75,75,75,75,75,75,75],"card_choices":[{"not_picked":["Searing Blow","Clash"],"picked":"Uppercut","floor":0},{"not_picked":["True Grit","Havoc"],"picked":"Shockwave","floor":1},{"not_picked":["Iron Wave","Intimidate"],"picked":"Anger","floor":4},{"not_picked":["Wild Strike","Dropkick"],"picked":"Shrug It Off","floor":5},{"not_picked":["Warcry","Heavy Blade"],"picked":"Impervious","floor":7},{"not_picked":["Intimidate","Perfected Strike","Entrench"],"picked":"SKIP","floor":10}],"player_experience":254188,"relics_obtained":[{"floor":7,"key":"Champion Belt"},{"floor":9,"key":"Du-Vu Doll"},{"floor":10,"key":"Omamori"}],"event_choices":[{"cards_removed":["Strike_R"],"damage_healed":0,"gold_gain":0,"player_choice":"Purged","damage_taken":0,"max_hp_gain":0,"max_hp_loss":0,"event_name":"Purifier","floor":2,"gold_loss":0},{"damage_healed":0,"gold_gain":0,"player_choice":"Grow","damage_taken":0,"max_hp_gain":0,"max_hp_loss":0,"event_name":"Living Wall","floor":11,"gold_loss":0,"cards_upgraded":["Shrug It Off"]},{"damage_healed":0,"gold_gain":0,"player_choice":"Bought 0 Potions","damage_taken":0,"max_hp_gain":0,"max_hp_loss":0,"event_name":"The Woman in Blue","floor":12,"gold_loss":0}],"is_beta":false,"boss_relics":[],"items_purged_floors":[3],"is_endless":false,"potions_floor_spawned":[1,5,10],"killed_by":"Slime Boss","ascension_level":17}