{"gold_per_floor":[117,130,20,20,33,33,45,45,96,96,22,22,34,34,34,132,132,146,146,160,160,8,8,8],"floor_reached":24,"playtime":1270,"items_purged":["Strike_G","Bite"],"score":237,"play_id":"72738931-890b-412a-b8b4-38af70547bbf","local_time":"20181222145258","is_ascension_mode":true,"campfire_choices":[{"data":"Noxious Fumes","floor":6,"key":"SMITH"},{"data":"Crippling Poison","floor":8,"key":"SMITH"},{"data":"Setup","floor":15,"key":"SMITH"}],"neow_cost":"NONE","seed_source_timestamp":112837548287848,"circlet_count":0,"master_deck":["Defend_G+1","Defend_G","Defend_G","Defend_G","Survivor","Neutralize","Cloak And Dagger","Setup+1","Crippling Poison+1","Noxious Fumes+1","Calculated Gamble","Leg Sweep","Envenom+1","Catalyst","RitualDagger","Poisoned Stab","Bite","Bite","Bite","Bite"],"relics":["Ring of the Snake","NeowsBlessing","Snake Skull","Eternal Feather"],"potions_floor_usage":[20,24,24],"damage_taken":[{"damage":0,"enemies":"Jaw Worm","floor":1,"turns":1},{"damage":0,"enemies":"Cultist","floor":2,"turns":1},{"damage":0,"enemies":"2 Louse","floor":5,"turns":1},{"damage":0,"enemies":"Looter","floor":7,"turns":4},{"damage":14,"enemies":"3 Louse","floor":13,"turns":3},{"damage":23,"enemies":"Slime Boss","floor":16,"turns":10},{"damage":10,"enemies":"Chosen","floor":18,"turns":7},{"damage":0,"enemies":"3 Byrds","floor":20,"turns":5},{"damage":55,"enemies":"Slavers","floor":24,"turns":5}],"seed_played":"-7685094632439166560","potions_obtained":[{"floor":7,"key":"Energy Potion"},{"floor":16,"key":"Block Potion"},{"floor":18,"key":"Block Potion"}],"is_trial":false,"path_per_floor":["M","M","$","?","M","R","M","R","T","?","$","$","M","?","R","B",null,"M","?","M","?","$","?","E"],"character_chosen":"THE_SILENT","items_purchased":["Crippling Poison","Leg Sweep","Explosive Potion"],"campfire_rested":0,"item_purchase_floors":[3,11,22],"current_hp_per_floor":[70,70,70,70,70,70,70,70,70,70,70,70,56,42,42,19,70,60,54,54,49,49,49,0],"gold":8,"neow_bonus":"THREE_ENEMY_KILL","is_prod":false,"is_daily":false,"chose_seed":false,"campfire_upgraded":3,"win_rate":0,"timestamp":1545519178,"path_taken":["M","M","$","?","?","R","M","R","T","?","?","$","M","?","R","BOSS","M","?","M","?","$","?","E"],"build_version":"2018-12-20","purchased_purges":2,"victory":false,"max_hp_per_floor":[70,70,70,70,70,70,70,70,70,70,70,70,70,70,70,70,70,70,70,70,49,49,49,49],"card_choices":[{"not_picked":["Dagger Throw","Quick Slash"],"picked":"Cloak And Dagger","floor":1},{"not_picked":["Dagger Spray","PiercingWail"],"picked":"Setup","floor":2},{"not_picked":["Deflect","Heel Hook"],"picked":"Noxious Fumes","floor":5},{"not_picked":["Deflect","PiercingWail"],"picked":"Calculated Gamble","floor":7},{"not_picked":["Sucker Punch","All Out Attack","Concentrate"],"picked":"SKIP","floor":13},{"not_picked":["A Thousand Cuts","Malaise"],"picked":"Envenom","floor":16},{"not_picked":["Choke+1","Eviscerate"],"picked":"Catalyst","floor":18},{"not_picked":["Blade Dance+1","Distraction"],"picked":"Poisoned Stab","floor":20}],"player_experience":150804,"relics_obtained":[],"event_choices":[{"cards_removed":["Defend_G"],"damage_healed":0,"gold_gain":0,"player_choice":"Purged","damage_taken":0,"max_hp_gain":0,"max_hp_loss":0,"event_name":"Purifier","floor":4,"gold_loss":0},{"damage_healed":0,"gold_gain":0,"player_choice":"Gave Potion","damage_taken":0,"relics_obtained":["Snake Skull"],"max_hp_gain":0,"max_hp_loss":0,"event_name":"WeMeetAgain","floor":10,"gold_loss":0},{"damage_healed":0,"gold_gain":0,"player_choice":"Entered Light","damage_taken":14,"max_hp_gain":0,"max_hp_loss":0,"event_name":"Shining Light","floor":14,"gold_loss":0,"cards_upgraded":["Defend_G","Strike_G"]},{"damage_healed":0,"gold_gain":0,"player_choice":"Joined the Cult","damage_taken":6,"max_hp_gain":0,"max_hp_loss":0,"event_name":"Nest","floor":19,"gold_loss":0,"cards_obtained":["RitualDagger"]},{"damage_healed":0,"gold_gain":0,"player_choice":"Became a vampire","damage_taken":0,"max_hp_gain":0,"max_hp_loss":21,"event_name":"Vampires","floor":21,"gold_loss":0,"cards_obtained":["Bite","Bite","Bite","Bite","Bite"]},{"damage_healed":0,"gold_gain":0,"player_choice":"Forge","damage_taken":0,"max_hp_gain":0,"max_hp_loss":0,"event_name":"Accursed Blacksmith","floor":23,"gold_loss":0,"cards_upgraded":["Envenom"]}],"is_beta":false,"boss_relics":[{"not_picked":["Runic Pyramid","Velvet Choker"],"picked":"Eternal Feather"}],"items_purged_floors":[3,22],"is_endless":false,"potions_floor_spawned":[7,16,18],"killed_by":"Slavers","ascension_level":3}