{"gold_per_floor":[113,127,202,212,53,85,85,85,111,146,166,178,178,198,198,275,275,225,225,243,343,370,370,400,400,400,54,70,70,81,81,81,160,160,178,178],"floor_reached":36,"playtime":3178,"items_purged":["Strike_G","Strike_G"],"score":789,"play_id":"f51f9d60-5f75-4ea4-970c-c44fcc90df0a","local_time":"20190608111050","is_ascension_mode":true,"campfire_choices":[{"floor":8.0,"key":"REST"},{"floor":15.0,"key":"REST"},{"floor":23,"key":"REST"},{"floor":25,"key":"REST"},{"floor":32,"key":"REST"}],"neow_cost":"NONE","seed_source_timestamp":2042200523194903,"circlet_count":0,"master_deck":["AscendersBane","Defend_G","Defend_G","Defend_G","Defend_G","Defend_G","Strike_G","Strike_G","Survivor","Neutralize","Dagger Spray+1","Escape Plan","Slice+1","Noxious Fumes","Poisoned Stab","Crippling Poison","Backflip","Well Laid Plans","Finisher","PiercingWail","Predator","Well Laid Plans","Venomology","Dash+1","Wraith Form v2","Poisoned Stab+1","Deadly Poison","Deflect+1","Catalyst+1","Flechettes+1","Corpse Explosion+1","Deadly Poison+1","Envenom"],"special_seed":0,"relics":["Ring of the Snake","Regal Pillow","Whetstone","Dream Catcher","Prayer Wheel","Odd Mushroom","Runic Pyramid","StoneCalendar","Gremlin Horn","Lantern","Toxic Egg 2","Matryoshka","Happy Flower","Enchiridion","Snecko Eye"],"potions_floor_usage":[16,16,21,21,21,21,33,33,36,36],"damage_taken":[{"damage":0.0,"enemies":"Small Slimes","floor":1.0,"turns":3.0},{"damage":4.0,"enemies":"Jaw Worm","floor":2.0,"turns":6.0},{"damage":4.0,"enemies":"Cultist","floor":4.0,"turns":4.0},{"damage":24.0,"enemies":"3 Sentries","floor":6.0,"turns":8.0},{"damage":17.0,"enemies":"Lagavulin","floor":10.0,"turns":6.0},{"damage":16.0,"enemies":"The Mushroom Lair","floor":11.0,"turns":4.0},{"damage":0.0,"enemies":"Looter","floor":12.0,"turns":3.0},{"damage":15.0,"enemies":"Exordium Thugs","floor":14.0,"turns":5.0},{"damage":24,"enemies":"Slime Boss","floor":16,"turns":8},{"damage":22,"enemies":"2 Thieves","floor":18,"turns":5},{"damage":0,"enemies":"3 Byrds","floor":20,"turns":4},{"damage":12,"enemies":"Colosseum Slavers","floor":21,"turns":7},{"damage":7,"enemies":"Colosseum Nobs","floor":21,"turns":4},{"damage":34,"enemies":"Gremlin Leader","floor":24,"turns":7},{"damage":16,"enemies":"3 Cultists","floor":28,"turns":5},{"damage":0,"enemies":"Sentry and Sphere","floor":30,"turns":3},{"damage":15,"enemies":"Champ","floor":33,"turns":7},{"damage":18,"enemies":"3 Shapes","floor":35,"turns":2},{"damage":65,"enemies":"Orb Walker","floor":36,"turns":5}],"seed_played":"1452452673275995285","potions_obtained":[{"floor":2.0,"key":"FairyPotion"},{"floor":4.0,"key":"FearPotion"},{"floor":6.0,"key":"Strength Potion"},{"floor":19,"key":"Fire Potion"},{"floor":19,"key":"Energy Potion"},{"floor":30,"key":"Explosive Potion"}],"is_trial":false,"path_per_floor":["M","M","?","M","$","E","$","R","T","E","?","M","?","M","R","B",null,"M","?","M","?","T","R","E","R","T","$","M","$","M","?","R","B",null,"M","M"],"character_chosen":"THE_SILENT","items_purchased":["Noxious Fumes","Happy Flower","Catalyst+1"],"campfire_rested":5,"item_purchase_floors":[5,27,27],"current_hp_per_floor":[59,55,44,40,40,16,16,50,50,33,17,17,17,2,36,12,53,31,31,31,12,12,46,12,46,46,46,30,30,30,9,43,28,57,39,0],"gold":178,"neow_bonus":"RANDOM_COMMON_RELIC","is_prod":false,"is_daily":false,"chose_seed":false,"campfire_upgraded":0,"win_rate":0,"timestamp":1559985050,"path_taken":["M","M","?","M","$","E","$","R","T","E","?","M","?","?","R","BOSS","M","?","?","?","?","R","E","R","T","$","M","$","?","?","R","BOSS","M","M"],"build_version":"2019-01-23","purchased_purges":2,"victory":false,"max_hp_per_floor":[66,66,66,66,66,66,66,66,66,66,66,66,66,66,66,66,66,66,66,66,66,66,66,66,66,66,66,66,66,66,66,66,66,66,66,66],"card_choices":[{"not_picked":["Flying Knee","Caltrops"],"picked":"Dagger Spray","floor":1.0},{"not_picked":["Slice","Deflect"],"picked":"Escape Plan","floor":2.0},{"not_picked":["Heel Hook","Prepared"],"picked":"Slice","floor":4.0},{"not_picked":["Deflect","Outmaneuver"],"picked":"Poisoned Stab","floor":6.0},{"not_picked":["Cloak And Dagger","Blade Dance","Venomology"],"picked":"SKIP","floor":10.0},{"not_picked":["Outmaneuver","Eviscerate"],"picked":"Crippling Poison","floor":11.0},{"not_picked":["Blade Dance","Prepared"],"picked":"Backflip","floor":12.0},{"not_picked":["Reflex","Dagger Spray"],"picked":"Well Laid Plans","floor":12.0},{"not_picked":["Slice","Blade Dance"],"picked":"PiercingWail","floor":14.0},{"not_picked":["Blade Dance","Concentrate"],"picked":"Predator","floor":14.0},{"not_picked":["Concentrate","Finisher"],"picked":"Well Laid Plans","floor":15.0},{"not_picked":["A Thousand Cuts","Glass Knife"],"picked":"Venomology","floor":16},{"not_picked":["Cloak And Dagger","Eviscerate+1"],"picked":"Dash+1","floor":18},{"not_picked":["Riddle With Holes+1","Underhanded Strike+1","Reflex+1"],"picked":"SKIP","floor":18},{"not_picked":["Sucker Punch","Backflip"],"picked":"Wraith Form v2","floor":20},{"not_picked":["Flying Knee","Outmaneuver","Dash"],"picked":"SKIP","floor":20},{"not_picked":["Prepared","Dodge and Roll"],"picked":"Poisoned Stab+1","floor":21},{"not_picked":["All Out Attack","Acrobatics"],"picked":"Deadly Poison","floor":23},{"not_picked":["Bane","Finisher"],"picked":"Deflect+1","floor":24},{"not_picked":["Sucker Punch","Dagger Spray"],"picked":"Flechettes+1","floor":28},{"not_picked":["Choke","Terror+1"],"picked":"Corpse Explosion+1","floor":28},{"not_picked":["Terror+1","Blade Dance+1"],"picked":"Deadly Poison+1","floor":30},{"not_picked":["Dagger Spray+1","Slice+1","Choke"],"picked":"SKIP","floor":30},{"not_picked":["Die Die Die","Wraith Form v2"],"picked":"Envenom","floor":33},{"not_picked":["Poisoned Stab","Sucker Punch","Outmaneuver+1"],"picked":"SKIP","floor":35},{"not_picked":["Prepared+1","Deadly Poison+1","Skewer"],"picked":"SKIP","floor":35}],"player_experience":824116,"relics_obtained":[{"floor":6.0,"key":"Whetstone"},{"floor":9.0,"key":"Dream Catcher"},{"floor":10.0,"key":"Prayer Wheel"},{"floor":11.0,"key":"Odd Mushroom"},{"floor":21,"key":"StoneCalendar"},{"floor":21,"key":"Gremlin Horn"},{"floor":22,"key":"Lantern"},{"floor":24,"key":"Toxic Egg 2"},{"floor":26,"key":"Matryoshka"},{"floor":31,"key":"Enchiridion"}],"event_choices":[{"damage_healed":0.0,"max_hp_gain":0.0,"max_hp_loss":0.0,"gold_gain":75.0,"event_name":"World of Goop","player_choice":"Gather Gold","floor":3.0,"gold_loss":0.0,"damage_taken":11.0},{"damage_healed":0.0,"max_hp_gain":0.0,"max_hp_loss":0.0,"gold_gain":0.0,"event_name":"Mushrooms","player_choice":"Fought Mushrooms","floor":11.0,"gold_loss":0.0,"damage_taken":0.0},{"damage_healed":0.0,"max_hp_gain":0.0,"max_hp_loss":0.0,"gold_gain":0.0,"cards_transformed":["Strike_G"],"event_name":"Transmorgrifier","player_choice":"Transformed","floor":13.0,"gold_loss":0.0,"damage_taken":0.0,"cards_obtained":["Finisher"]},{"damage_healed":0,"gold_gain":0,"player_choice":"Got Potions","damage_taken":0,"max_hp_gain":0,"max_hp_loss":0,"event_name":"Lab","floor":19,"gold_loss":0},{"damage_healed":0,"gold_gain":0,"player_choice":"Fight","damage_taken":0,"max_hp_gain":0,"max_hp_loss":0,"event_name":"Colosseum","floor":21,"gold_loss":0},{"damage_healed":0,"gold_gain":0,"player_choice":"Fought Nobs","damage_taken":0,"max_hp_gain":0,"max_hp_loss":0,"event_name":"Colosseum","floor":21,"gold_loss":0},{"damage_healed":0,"gold_gain":0,"player_choice":"Obtained Book","damage_taken":21,"max_hp_gain":0,"max_hp_loss":0,"event_name":"Cursed Tome","floor":31,"gold_loss":0}],"is_beta":false,"boss_relics":[{"not_picked":["Busted Crown","Empty Cage"],"picked":"Runic Pyramid"},{"not_picked":["Coffee Dripper","WristBlade"],"picked":"Snecko Eye"}],"items_purged_floors":[5,27],"is_endless":false,"potions_floor_spawned":[2,4,6,20,30],"killed_by":"Orb Walker","ascension_level":18}