{"gold_per_floor":[219,68,81,56,76,76,88,122,122,137,137,137,155,165,165,239,239,252,264,264,279,204,204,236,5,5,5,5,5,15,26,26,98,148,160,160,175,275,150,168,168,168,195,205,205,55,65,65,65,65],"floor_reached":50,"playtime":2364,"items_purged":["Strike_G","Strike_G","Strike_G","Strike_G"],"score":766,"play_id":"124f4dcd-7d61-4871-91d2-4c7c12bd2749","local_time":"20190512011637","is_ascension_mode":true,"campfire_choices":[{"data":"Dash","floor":6,"key":"SMITH"},{"data":"Predator","floor":11,"key":"SMITH"},{"data":"Backflip","floor":15,"key":"SMITH"},{"data":"Footwork","floor":23,"key":"SMITH"},{"floor":27,"key":"REST"},{"floor":32,"key":"REST"},{"data":"Noxious Fumes","floor":41,"key":"SMITH"},{"data":"Noxious Fumes","floor":45,"key":"SMITH"},{"floor":49,"key":"REST"}],"neow_cost":"NONE","seed_source_timestamp":1923873747269327,"circlet_count":0,"master_deck":["AscendersBane","Defend_G","Defend_G","Defend_G","Defend_G+1","Defend_G","Survivor","Neutralize","PiercingWail","Crippling Poison+1","Dash+1","Backflip+1","Predator+1","Adrenaline+1","Terror+1","Footwork+1","Catalyst+1","Noxious Fumes+1","Cloak And Dagger+1","Escape Plan+1","Caltrops","Bouncing Flask+1","Noxious Fumes+1","Wraith Form v2","Footwork","Blur+1","Terror+1"],"relics":["Ring of the Snake","Bag of Preparation","Toxic Egg 2","Sozu","Prayer Wheel","Matryoshka","Tiny House","Shovel","Happy Flower"],"potions_floor_usage":[8,8,16,16],"damage_taken":[{"damage":5,"enemies":"Cultist","floor":1,"turns":5},{"damage":0,"enemies":"2 Louse","floor":3,"turns":4},{"damage":0,"enemies":"Small Slimes","floor":5,"turns":5},{"damage":8,"enemies":"3 Louse","floor":7,"turns":3},{"damage":12,"enemies":"3 Sentries","floor":8,"turns":13},{"damage":6,"enemies":"2 Fungi Beasts","floor":10,"turns":3},{"damage":3,"enemies":"Looter","floor":13,"turns":3},{"damage":1,"enemies":"Large Slime","floor":14,"turns":5},{"damage":32,"enemies":"Slime Boss","floor":16,"turns":11},{"damage":21,"enemies":"Shell Parasite","floor":18,"turns":8},{"damage":0,"enemies":"2 Thieves","floor":19,"turns":4},{"damage":2,"enemies":"Snecko","floor":21,"turns":4},{"damage":4,"enemies":"Book of Stabbing","floor":24,"turns":6},{"damage":14,"enemies":"Colosseum Slavers","floor":28,"turns":5},{"damage":0,"enemies":"Snake Plant","floor":30,"turns":4},{"damage":9,"enemies":"3 Cultists","floor":31,"turns":5},{"damage":41,"enemies":"Collector","floor":33,"turns":7},{"damage":0,"enemies":"Orb Walker","floor":35,"turns":3},{"damage":0,"enemies":"3 Shapes","floor":37,"turns":5},{"damage":2,"enemies":"Mind Bloom Boss Battle","floor":38,"turns":6},{"damage":6,"enemies":"Sphere and 2 Shapes","floor":40,"turns":6},{"damage":6,"enemies":"Writhing Mass","floor":44,"turns":4},{"damage":4,"enemies":"Transient","floor":47,"turns":5},{"damage":63,"enemies":"Time Eater","floor":50,"turns":5}],"seed_played":"3547586801433411764","potions_obtained":[{"floor":1,"key":"Regen Potion"},{"floor":3,"key":"Fire Potion"},{"floor":10,"key":"PowerPotion"},{"floor":14,"key":"PowerPotion"}],"is_trial":false,"path_per_floor":["M","$","M","$","M","R","M","E","T","M","R","?","M","M","R","B",null,"M","M","?","M","?","R","E","$","T","R","?","$","M","M","R","B",null,"M","?","M","?","$","M","R","?","T","M","R","$","M","?","R","B"],"character_chosen":"THE_SILENT","items_purchased":["Crippling Poison","Backflip","Noxious Fumes","Cloak And Dagger+1"],"campfire_rested":3,"item_purchase_floors":[2,4,25,25],"current_hp_per_floor":[58,58,58,58,58,58,50,53,53,47,47,47,44,43,43,11,55,34,34,34,32,32,32,28,28,28,49,35,35,35,26,47,6,59,59,59,59,57,57,51,51,51,51,45,45,45,41,41,63,0],"gold":65,"neow_bonus":"HUNDRED_GOLD","is_prod":false,"is_daily":false,"chose_seed":false,"campfire_upgraded":6,"win_rate":0,"timestamp":1557648997,"path_taken":["M","$","M","$","M","R","M","E","T","M","R","?","?","M","R","BOSS","M","M","?","M","?","R","E","$","T","R","?","$","M","M","R","BOSS","M","?","M","?","$","M","R","?","T","M","R","$","M","?","R","BOSS"],"build_version":"2019-01-23","purchased_purges":4,"victory":false,"max_hp_per_floor":[70,70,70,70,70,70,70,70,70,70,70,70,70,70,70,70,70,70,70,70,70,70,70,70,70,70,70,70,70,70,70,70,70,75,75,75,75,75,75,75,75,75,75,75,75,75,75,75,75,75],"card_choices":[{"not_picked":["Tactician","Quick Slash"],"picked":"PiercingWail","floor":1},{"not_picked":["Heel Hook","Cloak And Dagger"],"picked":"Dash","floor":3},{"not_picked":["Bane","Dagger Spray","Flying Knee"],"picked":"SKIP","floor":5},{"not_picked":["Quick Slash","Underhanded Strike","Flying Knee"],"picked":"SKIP","floor":7},{"not_picked":["Cloak And Dagger","Backflip"],"picked":"Predator","floor":8},{"not_picked":["Bane","Dagger Throw","Prepared+1"],"picked":"SKIP","floor":10},{"not_picked":["Slice","Expertise+1","Flying Knee"],"picked":"SKIP","floor":13},{"not_picked":["Reflex+1","Dagger Spray","Dagger Throw"],"picked":"SKIP","floor":14},{"not_picked":["Wraith Form v2","Night Terror+1"],"picked":"Adrenaline+1","floor":16},{"not_picked":["Infinite Blades+1","Deadly Poison+1","Flechettes"],"picked":"SKIP","floor":18},{"not_picked":["Caltrops","Poisoned Stab"],"picked":"Terror+1","floor":19},{"not_picked":["Eviscerate","Reflex+1","Dagger Throw"],"picked":"SKIP","floor":21},{"not_picked":["Acrobatics+1","Bane+1"],"picked":"Catalyst+1","floor":24},{"not_picked":["Underhanded Strike","Dagger Spray"],"picked":"Escape Plan+1","floor":30},{"not_picked":["Die Die Die","Deflect+1"],"picked":"Caltrops","floor":30},{"not_picked":["All Out Attack","Terror+1"],"picked":"Bouncing Flask+1","floor":31},{"not_picked":["Dodge and Roll+1","Dagger Spray"],"picked":"Noxious Fumes","floor":31},{"not_picked":["Venomology+1","Night Terror+1"],"picked":"Wraith Form v2","floor":33},{"not_picked":["Calculated Gamble+1","Slice"],"picked":"Footwork","floor":35},{"not_picked":["Prepared+1","Flying Knee","Slice+1"],"picked":"SKIP","floor":35},{"not_picked":["Acrobatics+1","Outmaneuver+1","Tools of the Trade"],"picked":"SKIP","floor":37},{"not_picked":["Choke","Bane","Dagger Throw"],"picked":"SKIP","floor":37},{"not_picked":["Bane","Outmaneuver+1","All Out Attack"],"picked":"SKIP","floor":40},{"not_picked":["Dodge and Roll+1","Outmaneuver+1","Sucker Punch"],"picked":"SKIP","floor":40},{"not_picked":["Dagger Spray","Terror+1"],"picked":"Blur+1","floor":44},{"not_picked":["Underhanded Strike","Prepared+1","Flechettes"],"picked":"SKIP","floor":44},{"not_picked":["Acrobatics+1","PiercingWail+1"],"picked":"Terror+1","floor":47},{"not_picked":["Distraction+1","Cloak And Dagger+1","All Out Attack"],"picked":"SKIP","floor":47}],"player_experience":568175,"relics_obtained":[{"floor":8,"key":"Bag of Preparation"},{"floor":9,"key":"Toxic Egg 2"},{"floor":24,"key":"Prayer Wheel"},{"floor":26,"key":"Matryoshka"},{"floor":38,"key":"Shovel"},{"floor":43,"key":"Happy Flower"}],"event_choices":[{"damage_healed":0,"gold_gain":0,"player_choice":"Upgraded","damage_taken":0,"max_hp_gain":0,"max_hp_loss":0,"event_name":"Upgrade Shrine","floor":12,"gold_loss":0,"cards_upgraded":["Crippling Poison"]},{"damage_healed":0,"gold_gain":0,"player_choice":"Read","damage_taken":0,"max_hp_gain":0,"max_hp_loss":0,"event_name":"The Library","floor":20,"gold_loss":0,"cards_obtained":["Footwork"]},{"cards_removed":["Strike_G"],"damage_healed":0,"gold_gain":0,"player_choice":"Gave Gold","damage_taken":0,"max_hp_gain":0,"max_hp_loss":0,"event_name":"Beggar","floor":22,"gold_loss":75},{"damage_healed":0,"gold_gain":0,"player_choice":"Fight","damage_taken":0,"max_hp_gain":0,"max_hp_loss":0,"event_name":"Colosseum","floor":28,"gold_loss":0},{"damage_healed":0,"gold_gain":0,"player_choice":"Fled From Nobs","damage_taken":0,"max_hp_gain":0,"max_hp_loss":0,"event_name":"Colosseum","floor":28,"gold_loss":0},{"damage_healed":0,"gold_gain":0,"player_choice":"Ignored","damage_taken":0,"max_hp_gain":0,"max_hp_loss":0,"event_name":"Mysterious Sphere","floor":36,"gold_loss":0},{"damage_healed":0,"gold_gain":0,"player_choice":"Fight","damage_taken":0,"max_hp_gain":0,"max_hp_loss":0,"event_name":"MindBloom","floor":38,"gold_loss":0},{"damage_healed":0,"gold_gain":0,"player_choice":"Ignored","damage_taken":0,"max_hp_gain":0,"max_hp_loss":0,"event_name":"Tomb of Lord Red Mask","floor":42,"gold_loss":0},{"damage_healed":0,"gold_gain":0,"player_choice":"Bought 0 Potions","damage_taken":0,"max_hp_gain":0,"max_hp_loss":0,"event_name":"The Woman in Blue","floor":48,"gold_loss":0}],"is_beta":false,"boss_relics":[{"not_picked":["Astrolabe","Empty Cage"],"picked":"Sozu"},{"not_picked":["Coffee Dripper","Fusion Hammer"],"picked":"Tiny House"}],"items_purged_floors":[2,25,39,46],"is_endless":false,"potions_floor_spawned":[1,3,10,14,24,28,30,33,37,38],"killed_by":"Time Eater","ascension_level":13}