{"gold_per_floor":[116,266,18,30,30,64,64,90,115,15,25,35,54,79,79,153,153,168,168,85,85,98,98,133,133,185,220,238,248,248,280,280,280],"floor_reached":33,"playtime":2734,"items_purged":["Doubt","Decay"],"score":595,"play_id":"36f045a1-a75a-418f-a3f5-3f3a4a303279","local_time":"20190508122408","is_ascension_mode":true,"campfire_choices":[{"data":"Carnage","floor":7.0,"key":"SMITH"},{"data":"Armaments","floor":15.0,"key":"SMITH"},{"data":"Whirlwind","floor":23,"key":"SMITH"},{"data":"Shockwave","floor":25,"key":"SMITH"},{"floor":30,"key":"REST"},{"data":"Bash","floor":32,"key":"SMITH"}],"neow_cost":"CURSE","seed_source_timestamp":85450159958192,"circlet_count":0,"master_deck":["AscendersBane","Strike_R","Strike_R","Strike_R","Strike_R","Strike_R","Defend_R","Defend_R+1","Defend_R","Defend_R","Bash+1","Ghostly Armor","Carnage+1","Battle Trance+1","Whirlwind+1","True Grit","Armaments+1","Bludgeon","Shockwave+1","Shrug It Off","Dark Embrace","Inflame","Battle Trance+1","Burning Pact","Inflame","Cleave"],"special_seed":0,"relics":["Burning Blood","War Paint","Art of War","Lantern","Odd Mushroom","Sozu","Pantograph","Bag of Marbles","Blue Candle","PreservedInsect"],"potions_floor_usage":[33],"damage_taken":[{"damage":13.0,"enemies":"Jaw Worm","floor":1.0,"turns":4.0},{"damage":6.0,"enemies":"Small Slimes","floor":4.0,"turns":4.0},{"damage":27.0,"enemies":"Lagavulin","floor":6.0,"turns":5.0},{"damage":29.0,"enemies":"3 Sentries","floor":8.0,"turns":8.0},{"damage":0.0,"enemies":"2 Louse","floor":11.0,"turns":2.0},{"damage":0.0,"enemies":"Exordium Wildlife","floor":12.0,"turns":2.0},{"damage":0.0,"enemies":"2 Fungi Beasts","floor":13.0,"turns":3.0},{"damage":4.0,"enemies":"The Mushroom Lair","floor":14.0,"turns":4.0},{"damage":45.0,"enemies":"The Guardian","floor":16.0,"turns":13.0},{"damage":13.0,"enemies":"3 Byrds","floor":18.0,"turns":6.0},{"damage":2,"enemies":"Shell Parasite","floor":22,"turns":3},{"damage":20,"enemies":"Gremlin Leader","floor":24,"turns":7},{"damage":35,"enemies":"Book of Stabbing","floor":27,"turns":6},{"damage":12,"enemies":"Snake Plant","floor":28,"turns":4},{"damage":14,"enemies":"Centurion and Healer","floor":29,"turns":5},{"damage":12,"enemies":"Slavers","floor":31,"turns":5},{"damage":69,"enemies":"Automaton","floor":33,"turns":8}],"seed_played":"-6015151600588087166","potions_obtained":[{"floor":4.0,"key":"Energy Potion"},{"floor":6.0,"key":"Energy Potion"},{"floor":13.0,"key":"PowerPotion"},{"floor":16.0,"key":"Weak Potion"}],"is_trial":false,"path_per_floor":["M","?","$","M","?","E","R","E","T","$","M","M","M","?","R","B",null,"M","?","$","?","M","R","E","R","T","E","M","M","R","E","R","B"],"character_chosen":"IRONCLAD","items_purchased":["Carnage","Battle Trance","Inflame"],"campfire_rested":1,"item_purchase_floors":[3,3,20],"current_hp_per_floor":[75,75,75,75,75,54,54,31,31,31,37,43,49,51,51,12,70,63,63,63,63,67,67,53,53,53,24,18,10,36,30,30,0],"gold":280,"neow_bonus":"TWENTY_PERCENT_HP_BONUS","is_prod":false,"is_daily":false,"chose_seed":false,"campfire_upgraded":5,"win_rate":0,"timestamp":1557311048,"path_taken":["M","?","$","M","?","E","R","E","T","$","M","M","M","?","R","BOSS","M","?","$","?","M","R","E","R","T","E","M","M","R","E","R","BOSS"],"build_version":"2019-01-23","purchased_purges":2,"victory":false,"max_hp_per_floor":[89,89,89,89,89,89,89,89,89,89,89,89,89,89,89,89,89,89,89,89,89,89,89,89,89,89,89,89,89,89,89,89,89],"card_choices":[{"not_picked":["Rampage","Sever Soul"],"picked":"Ghostly Armor","floor":1.0},{"not_picked":["Sever Soul","Shrug It Off"],"picked":"Whirlwind","floor":4.0},{"not_picked":["Second Wind","Combust"],"picked":"True Grit","floor":6.0},{"not_picked":["Rage","Reckless Charge","Combust"],"picked":"SKIP","floor":8.0},{"not_picked":["Cleave","Perfected Strike"],"picked":"Armaments","floor":11.0},{"not_picked":["Wild Strike","Combust"],"picked":"Bludgeon","floor":12.0},{"not_picked":["Iron Wave","Thunderclap"],"picked":"Shockwave","floor":13.0},{"not_picked":["Wild Strike","Uppercut"],"picked":"Shrug It Off","floor":14.0},{"not_picked":["Exhume","Bludgeon"],"picked":"Dark Embrace","floor":16.0},{"not_picked":["Cleave","Pommel Strike","Clash"],"picked":"SKIP","floor":18.0},{"not_picked":["Perfected Strike","Warcry","Clothesline"],"picked":"SKIP","floor":22},{"not_picked":["Anger","Uppercut"],"picked":"Burning Pact","floor":24},{"not_picked":["Juggernaut","Wild Strike"],"picked":"Inflame","floor":27},{"not_picked":["Pommel Strike","Havoc","Heavy Blade"],"picked":"SKIP","floor":28},{"not_picked":["Headbutt","Anger"],"picked":"Cleave","floor":29},{"not_picked":["Clash","Rage","Twin Strike"],"picked":"SKIP","floor":31},{"not_picked":["Clash","Rage","Twin Strike"],"picked":"SKIP","floor":31}],"player_experience":599804,"relics_obtained":[{"floor":6.0,"key":"War Paint"},{"floor":8.0,"key":"Art of War"},{"floor":9.0,"key":"Lantern"},{"floor":14.0,"key":"Odd Mushroom"},{"floor":24,"key":"Pantograph"},{"floor":26,"key":"Bag of Marbles"},{"floor":27,"key":"Blue Candle"},{"floor":31,"key":"PreservedInsect"}],"event_choices":[{"damage_healed":0.0,"max_hp_gain":0.0,"max_hp_loss":0.0,"gold_gain":150.0,"event_name":"Liars Game","player_choice":"AGREE","floor":2.0,"gold_loss":0.0,"damage_taken":0.0,"cards_obtained":["Doubt"]},{"damage_healed":0.0,"max_hp_gain":0.0,"max_hp_loss":0.0,"gold_gain":0.0,"event_name":"The Cleric","player_choice":"Leave","floor":5.0,"gold_loss":0.0,"damage_taken":0.0},{"damage_healed":0.0,"max_hp_gain":0.0,"max_hp_loss":0.0,"gold_gain":0.0,"event_name":"Mushrooms","player_choice":"Fought Mushrooms","floor":14.0,"gold_loss":0.0,"damage_taken":0.0},{"damage_healed":0.0,"max_hp_gain":0.0,"max_hp_loss":0.0,"gold_gain":0.0,"event_name":"Ghosts","player_choice":"Ignored","floor":19.0,"gold_loss":0.0,"damage_taken":0.0},{"damage_healed":0,"gold_gain":0,"player_choice":"Copied","damage_taken":0,"max_hp_gain":0,"max_hp_loss":0,"event_name":"Duplicator","floor":21,"gold_loss":0,"cards_obtained":["Battle Trance"]}],"is_beta":false,"boss_relics":[{"not_picked":["Runic Pyramid","Velvet Choker"],"picked":"Sozu"}],"items_purged_floors":[3,10],"is_endless":false,"potions_floor_spawned":[4,6,13,16,22,24,28],"killed_by":"Automaton","ascension_level":18}