{"gold_per_floor":[217,217,27,27,27,27,42,78,102,102,102,126,201,201,201,321,321,246,171,171,189,189],"floor_reached":22,"playtime":4039,"items_purged":["Strike_G"],"score":255,"play_id":"6f836715-3af5-491c-af7c-4fe1a9cf438f","local_time":"20190124234836","is_ascension_mode":true,"campfire_choices":[{"floor":6,"key":"REST"},{"floor":10,"key":"REST"},{"floor":15,"key":"REST"}],"neow_cost":"NONE","seed_source_timestamp":1424148561262248,"circlet_count":0,"master_deck":["Defend_G","Defend_G+1","Defend_G","Defend_G","Defend_G+1","Strike_G","Strike_G","Strike_G","Strike_G","Survivor","Neutralize","Backflip","Backstab","Caltrops","Well Laid Plans","Caltrops+1","After Image","Clumsy","Decay","Backflip+1"],"relics":["Ring of the Snake","Golden Idol","Potion Belt","Lantern","Bag of Marbles","Juzu Bracelet","Smiling Mask","Calling Bell","Happy Flower","The Courier","StoneCalendar","Boot"],"potions_floor_usage":[8,16,21],"damage_taken":[{"damage":1,"enemies":"2 Louse","floor":1,"turns":3},{"damage":8,"enemies":"Jaw Worm","floor":7,"turns":4},{"damage":28,"enemies":"Lagavulin","floor":8,"turns":7},{"damage":31,"enemies":"Hexaghost","floor":16,"turns":11},{"damage":29,"enemies":"2 Thieves","floor":18,"turns":5},{"damage":5,"enemies":"Chosen","floor":21,"turns":7},{"damage":22,"enemies":"Sentry and Sphere","floor":22,"turns":6}],"seed_played":"841242850251541678","potions_obtained":[{"floor":7,"key":"SkillPotion"},{"floor":8,"key":"Weak Potion"},{"floor":16,"key":"Block Potion"}],"is_trial":false,"path_per_floor":["M","?","$","?","?","R","M","E","T","R","?","T","?","?","R","B",null,"M","?","T","M","M"],"character_chosen":"THE_SILENT","items_purchased":["Backstab","Caltrops"],"campfire_rested":3,"item_purchase_floors":[3,3],"current_hp_per_floor":[62,48,48,31,19,40,32,4,4,25,25,25,14,14,35,4,54,25,25,25,20,0],"gold":189,"neow_bonus":"HUNDRED_GOLD","is_prod":false,"is_daily":false,"chose_seed":false,"campfire_upgraded":0,"win_rate":0,"timestamp":1548402516,"path_taken":["M","?","$","?","?","R","M","E","T","R","?","?","?","?","R","BOSS","M","?","?","M","M"],"build_version":"2019-01-23","purchased_purges":1,"victory":false,"max_hp_per_floor":[70,70,70,70,70,70,70,70,70,70,70,70,70,70,70,70,70,70,70,70,70,70],"card_choices":[{"not_picked":["Outmaneuver","Blade Dance"],"picked":"Backflip","floor":1},{"not_picked":["Riddle With Holes","Deflect"],"picked":"Well Laid Plans","floor":7},{"not_picked":["Sucker Punch","Quick Slash"],"picked":"Caltrops","floor":8},{"not_picked":["Night Terror","Venomology"],"picked":"After Image","floor":16},{"not_picked":["Expertise+1","Deadly Poison+1","Dagger Spray+1"],"picked":"SKIP","floor":18},{"not_picked":["Choke","Setup+1"],"picked":"Backflip+1","floor":21}],"player_experience":389120,"relics_obtained":[{"floor":8,"key":"Lantern"},{"floor":9,"key":"Bag of Marbles"},{"floor":12,"key":"Smiling Mask"},{"floor":17,"key":"Happy Flower"},{"floor":17,"key":"The Courier"},{"floor":17,"key":"StoneCalendar"},{"floor":20,"key":"Boot"}],"event_choices":[{"damage_healed":0,"gold_gain":0,"player_choice":"Entered Light","damage_taken":14,"max_hp_gain":0,"max_hp_loss":0,"event_name":"Shining Light","floor":2,"gold_loss":0,"cards_upgraded":["Defend_G","Defend_G"]},{"damage_healed":0,"gold_gain":0,"player_choice":"Take Damage","damage_taken":17,"relics_obtained":["Golden Idol"],"max_hp_gain":0,"max_hp_loss":0,"event_name":"Golden Idol","floor":4,"gold_loss":0},{"damage_healed":0,"gold_gain":0,"player_choice":"Success","damage_taken":12,"relics_obtained":["Potion Belt"],"max_hp_gain":0,"max_hp_loss":0,"event_name":"Scrap Ooze","floor":5,"gold_loss":0},{"damage_healed":0,"gold_gain":0,"player_choice":"Searched \u00271\u0027 times","damage_taken":0,"relics_obtained":["Juzu Bracelet"],"max_hp_gain":0,"max_hp_loss":0,"event_name":"Dead Adventurer","floor":11,"gold_loss":0},{"damage_healed":0,"gold_gain":75,"player_choice":"Gather Gold","damage_taken":11,"max_hp_gain":0,"max_hp_loss":0,"event_name":"World of Goop","floor":13,"gold_loss":0},{"damage_healed":0,"gold_gain":0,"player_choice":"Grow","damage_taken":0,"max_hp_gain":0,"max_hp_loss":0,"event_name":"Living Wall","floor":14,"gold_loss":0,"cards_upgraded":["Caltrops"]},{"cards_removed":["Regret"],"damage_healed":0,"gold_gain":0,"player_choice":"Gave Gold","damage_taken":0,"max_hp_gain":0,"max_hp_loss":0,"event_name":"Beggar","floor":19,"gold_loss":75}],"is_beta":false,"boss_relics":[{"not_picked":["WristBlade","Velvet Choker"],"picked":"Calling Bell"}],"items_purged_floors":[3],"is_endless":false,"potions_floor_spawned":[7,8,16],"killed_by":"Sentry and Sphere","ascension_level":9}