{"gold_per_floor":[119,138,63,13,28,28,28,60,60,60,72,84,84,39,39,39],"floor_reached":16,"playtime":886,"items_purged":["Strike_G"],"score":110,"play_id":"143d7f8f-a074-41f3-81bb-c5a5dcd19b8e","local_time":"20181218215813","is_ascension_mode":true,"campfire_choices":[{"data":"Calculated Gamble","floor":6,"key":"SMITH"},{"floor":10,"key":"REST"},{"floor":15,"key":"REST"}],"neow_cost":"NONE","seed_source_timestamp":483989429679132,"circlet_count":0,"master_deck":["Defend_G","Defend_G","Defend_G","Strike_G","Strike_G","Strike_G","Strike_G","Survivor","Neutralize","Blur","Calculated Gamble+1","Backflip","Acrobatics","Cloak And Dagger"],"relics":["Ring of the Snake","NeowsBlessing","Shuriken"],"potions_floor_usage":[8,12,16],"damage_taken":[{"damage":0,"enemies":"Jaw Worm","floor":1,"turns":1},{"damage":0,"enemies":"2 Louse","floor":2,"turns":1},{"damage":0,"enemies":"Small Slimes","floor":5,"turns":1},{"damage":44,"enemies":"Gremlin Nob","floor":8,"turns":6},{"damage":16,"enemies":"3 Louse","floor":11,"turns":6},{"damage":12,"enemies":"Exordium Thugs","floor":12,"turns":7},{"damage":35,"enemies":"Hexaghost","floor":16,"turns":12}],"seed_played":"5154942881819728814","potions_obtained":[{"floor":1,"key":"Energy Potion"},{"floor":5,"key":"SkillPotion"},{"floor":12,"key":"Block Potion"}],"is_trial":false,"path_per_floor":["M","M","$","?","M","R","$","E","T","R","M","M","?","$","R","B"],"character_chosen":"THE_SILENT","items_purchased":["Cloak And Dagger"],"campfire_rested":2,"item_purchase_floors":[14],"current_hp_per_floor":[70,70,70,70,70,70,70,26,26,47,31,19,12,12,33,0],"gold":39,"neow_bonus":"THREE_ENEMY_KILL","is_prod":false,"is_daily":false,"chose_seed":false,"campfire_upgraded":1,"win_rate":0,"timestamp":1545199093,"path_taken":["M","M","$","?","M","R","$","E","T","R","M","M","?","?","R","BOSS"],"build_version":"2018-12-13","purchased_purges":1,"victory":false,"max_hp_per_floor":[70,70,70,70,70,70,70,70,70,70,70,70,70,70,70,70],"card_choices":[{"not_picked":["All Out Attack","Tactician"],"picked":"Blur","floor":1},{"not_picked":["Bouncing Flask","PiercingWail","Riddle With Holes"],"picked":"SKIP","floor":2},{"not_picked":["Slice","Bane"],"picked":"Calculated Gamble","floor":5},{"not_picked":["Tactician","Poisoned Stab"],"picked":"Backflip","floor":8},{"not_picked":["Prepared","Grand Finale","Deflect"],"picked":"SKIP","floor":11},{"not_picked":["Accuracy","Outmaneuver"],"picked":"Acrobatics","floor":12}],"player_experience":128428,"relics_obtained":[{"floor":8,"key":"Shuriken"}],"event_choices":[{"cards_removed":["Defend_G"],"damage_healed":0,"gold_gain":0,"player_choice":"Card Removal","damage_taken":0,"max_hp_gain":0,"max_hp_loss":0,"event_name":"The Cleric","floor":4,"gold_loss":50},{"cards_removed":["Defend_G"],"damage_healed":0,"gold_gain":0,"player_choice":"Card Removal","damage_taken":7,"max_hp_gain":0,"max_hp_loss":0,"event_name":"Golden Wing","floor":13,"gold_loss":0}],"is_beta":false,"boss_relics":[],"items_purged_floors":[3],"is_endless":false,"potions_floor_spawned":[1,5,12],"killed_by":"Hexaghost","ascension_level":2}