{"gold_per_floor":[113,132,132,24,40,40,60,60,60,60,71,71,90,60,60,164,164,178,196,210,8,8],"floor_reached":22,"playtime":1885,"items_purged":["Strike_G"],"score":178,"play_id":"88cce8bd-d900-4d03-85e9-4a7ffacc08ac","local_time":"20181206113424","is_ascension_mode":false,"campfire_choices":[{"data":"Noxious Fumes","floor":8,"key":"SMITH"},{"data":"Calculated Gamble","floor":10,"key":"SMITH"},{"data":"Outmaneuver","floor":12,"key":"SMITH"},{"data":"Cloak And Dagger","floor":15,"key":"SMITH"}],"neow_cost":"NONE","seed_source_timestamp":1907714062484170,"circlet_count":0,"master_deck":["Defend_G","Defend_G","Defend_G","Defend_G","Defend_G","Strike_G","Strike_G","Strike_G","Survivor","Neutralize","Cloak And Dagger+1","Outmaneuver+1","Dramatic Entrance","Infinite Blades","Noxious Fumes+1","Calculated Gamble+1","Backflip","Well Laid Plans+1","Leg Sweep","Accuracy+1","Infinite Blades+1","Finisher","Footwork+1","Infinite Blades+1"],"relics":["Ring of the Snake","Dream Catcher","Frozen Egg 2","Black Star"],"potions_floor_usage":[16,16],"damage_taken":[{"damage":0,"enemies":"2 Louse","floor":1,"turns":3},{"damage":2,"enemies":"Cultist","floor":2,"turns":6},{"damage":1,"enemies":"Small Slimes","floor":5,"turns":3},{"damage":11,"enemies":"3 Louse","floor":7,"turns":4},{"damage":0,"enemies":"Exordium Thugs","floor":11,"turns":4},{"damage":3,"enemies":"Blue Slaver","floor":13,"turns":5},{"damage":7,"enemies":"Looter","floor":14,"turns":4},{"damage":29,"enemies":"The Guardian","floor":16,"turns":11},{"damage":3,"enemies":"Chosen","floor":18,"turns":6},{"damage":16,"enemies":"2 Thieves","floor":19,"turns":5},{"damage":43,"enemies":"3 Cultists","floor":20,"turns":7},{"damage":8,"enemies":"Shelled Parasite and Fungi","floor":22,"turns":2}],"seed_played":"-9033250924206111464","potions_obtained":[{"floor":2,"key":"Poison Potion"},{"floor":5,"key":"Regen Potion"},{"floor":16,"key":"Energy Potion"},{"floor":19,"key":"GhostInAJar"}],"is_trial":false,"path_per_floor":["M","M","?","$","M","?","M","R","T","R","M","R","M","M","R","B",null,"M","M","M","$","M"],"character_chosen":"THE_SILENT","items_purchased":["Noxious Fumes","Calculated Gamble","Infinite Blades+1","Block Potion"],"campfire_rested":0,"item_purchase_floors":[4,4,21,21],"current_hp_per_floor":[70,68,68,68,67,67,56,56,56,56,56,56,53,46,46,32,70,67,51,8,8,0],"gold":8,"neow_bonus":"RANDOM_COMMON_RELIC","is_prod":false,"is_daily":false,"chose_seed":false,"campfire_upgraded":4,"win_rate":0,"timestamp":1544124864,"path_taken":["M","M","?","?","M","?","?","R","T","R","M","R","M","M","R","BOSS","M","M","M","$","M"],"build_version":"2018-11-15","purchased_purges":1,"victory":false,"max_hp_per_floor":[70,70,70,70,70,70,70,70,70,70,70,70,70,70,70,70,70,70,70,70,70,70],"card_choices":[{"not_picked":["Slice","Eviscerate"],"picked":"Cloak And Dagger","floor":1},{"not_picked":["Expertise","Dagger Throw"],"picked":"Outmaneuver","floor":2},{"not_picked":["Sucker Punch","Dagger Spray","Dodge and Roll"],"picked":"SKIP","floor":5},{"not_picked":["Tactician","Caltrops"],"picked":"Backflip","floor":7},{"not_picked":["Prepared","Poisoned Stab"],"picked":"Well Laid Plans+1","floor":11},{"not_picked":["Quick Slash","Well Laid Plans+1"],"picked":"Leg Sweep","floor":13},{"not_picked":["Dash","Night Terror"],"picked":"Accuracy+1","floor":14},{"not_picked":["Skewer+1","PiercingWail+1"],"picked":"Infinite Blades+1","floor":18},{"not_picked":["Slice","Expertise"],"picked":"Finisher","floor":19},{"not_picked":["Acrobatics","Outmaneuver"],"picked":"Footwork+1","floor":20}],"player_experience":103746,"relics_obtained":[{"floor":9,"key":"Frozen Egg 2"}],"event_choices":[{"damage_healed":0,"gold_gain":0,"player_choice":"2 cards matched","damage_taken":0,"max_hp_gain":0,"max_hp_loss":0,"event_name":"Match and Keep!","floor":3,"gold_loss":0,"cards_obtained":["Dramatic Entrance","Infinite Blades"]},{"cards_removed":["Strike_G"],"damage_healed":0,"gold_gain":0,"player_choice":"Purged","damage_taken":0,"max_hp_gain":0,"max_hp_loss":0,"event_name":"Purifier","floor":6,"gold_loss":0}],"is_beta":false,"boss_relics":[{"not_picked":["Fusion Hammer","Runic Dome"],"picked":"Black Star"}],"items_purged_floors":[21],"is_endless":false,"potions_floor_spawned":[2,5,16,19],"killed_by":"Shelled Parasite and Fungi","ascension_level":0}