{"gold_per_floor":[144,64,109,30,75,120,120,210,210,67,112,112,202,247,247,547,547,592,619,619,619,664,664,579,624,624,0,0,90,56,101,101,401,401,446,491,536,536,411,411,80,125,150,150,78,38,83,128,128,128],"floor_reached":51,"playtime":2585,"items_purged":["Strike_R","Defend_R","Defend_R","Defend_R"],"score":752,"play_id":"10aae5d6-0685-42fb-808c-79f380c89bf5","local_time":"20190521180053","daily_mods":["Heirloom","Time Dilation","Midas"],"is_ascension_mode":false,"campfire_choices":[{"floor":7,"key":"REST"},{"floor":15,"key":"REST"},{"floor":23,"key":"REST"},{"floor":32,"key":"REST"},{"floor":40,"key":"REST"},{"floor":44,"key":"REST"},{"floor":49,"key":"REST"}],"neow_cost":"","seed_source_timestamp":0,"circlet_count":0,"master_deck":["Strike_R","Strike_R+1","Strike_R","Defend_R","Bash","Uppercut","Inflame","Clothesline+1","Metallicize","Heavy Blade","Offering","Shockwave","Metallicize","Disarm+1","Flame Barrier","Feed+1","Impervious","Inflame","Armaments+1","Offering","Battle Trance+1","Ghostly Armor","The Bomb","Inflame","Whirlwind","Bloodletting","Seeing Red"],"special_seed":18038,"relics":["Burning Blood","Gambling Chip","Whetstone","Anchor","Happy Flower","Mark of Pain","Red Mask","FossilizedHelix","Orichalcum","Blue Candle","Mango","Meat on the Bone","Centennial Puzzle","Sozu","Bag of Marbles"],"potions_floor_usage":[8,13,14,16,29],"damage_taken":[{"damage":11,"enemies":"Jaw Worm","floor":1,"turns":3},{"damage":12,"enemies":"Small Slimes","floor":3,"turns":4},{"damage":4,"enemies":"Cultist","floor":5,"turns":3},{"damage":12,"enemies":"Large Slime","floor":6,"turns":6},{"damage":21,"enemies":"Gremlin Nob","floor":8,"turns":4},{"damage":1,"enemies":"3 Louse","floor":11,"turns":3},{"damage":22,"enemies":"Lagavulin","floor":13,"turns":5},{"damage":2,"enemies":"Lots of Slimes","floor":14,"turns":5},{"damage":36,"enemies":"Hexaghost","floor":16,"turns":8},{"damage":11,"enemies":"Shell Parasite","floor":18,"turns":5},{"damage":31,"enemies":"Masked Bandits","floor":19,"turns":5},{"damage":13,"enemies":"2 Thieves","floor":22,"turns":4},{"damage":13,"enemies":"Shelled Parasite and Fungi","floor":25,"turns":6},{"damage":26,"enemies":"Gremlin Leader","floor":29,"turns":6},{"damage":10,"enemies":"3 Cultists","floor":31,"turns":5},{"damage":34,"enemies":"Automaton","floor":33,"turns":11},{"damage":22,"enemies":"3 Shapes","floor":35,"turns":3},{"damage":21,"enemies":"3 Darklings","floor":36,"turns":6},{"damage":15,"enemies":"Transient","floor":37,"turns":5},{"damage":18,"enemies":"Maw","floor":42,"turns":6},{"damage":3,"enemies":"Spire Growth","floor":47,"turns":3},{"damage":0,"enemies":"Transient","floor":48,"turns":5},{"damage":29,"enemies":"Donu and Deca","floor":50,"turns":7}],"seed_played":"7337043475493984283","potions_obtained":[{"floor":1,"key":"Poison Potion"},{"floor":6,"key":"Weak Potion"},{"floor":8,"key":"EssenceOfSteel"},{"floor":11,"key":"LiquidBronze"},{"floor":14,"key":"Block Potion"},{"floor":19,"key":"GamblersBrew"},{"floor":22,"key":"GamblersBrew"},{"floor":25,"key":"BloodPotion"}],"is_trial":false,"path_per_floor":["M","$","M","$","M","M","R","E","T","$","M","?","E","M","R","B",null,"M","?","?","?","M","R","?","M","T","$","?","E","$","M","R","B",null,"M","M","M","?","$","R","$","M","T","R","$","?","M","M","R","B",null],"character_chosen":"IRONCLAD","items_purchased":["Inflame","Metallicize","Shockwave","Mango","Feed","Impervious","Inflame","Inflame","Whirlwind","Bloodletting","Seeing Red"],"campfire_rested":7,"item_purchase_floors":[2,4,10,27,27,27,30,41,41,41,45],"current_hp_per_floor":[75,75,69,69,71,65,80,65,65,65,70,63,47,51,75,45,80,75,50,50,50,43,67,67,60,60,74,74,57,57,68,98,70,100,87,76,67,67,67,99,99,87,87,107,107,107,111,111,111,92],"gold":128,"neow_bonus":"","is_prod":false,"is_daily":true,"chose_seed":false,"campfire_upgraded":0,"win_rate":0,"timestamp":1558486853,"path_taken":["M","$","M","$","M","M","R","E","T","$","M","?","E","M","R","BOSS","M","?","?","?","M","R","?","M","T","$","?","E","$","?","R","BOSS","M","M","M","?","$","R","$","M","T","R","$","?","M","?","R","BOSS"],"build_version":"2019-01-23","purchased_purges":4,"victory":true,"max_hp_per_floor":[80,80,80,80,80,80,80,80,80,80,80,80,80,80,80,80,80,80,80,80,80,80,80,80,80,80,94,94,97,97,100,100,100,100,103,107,107,107,107,107,107,107,107,107,107,107,111,111,111,115],"card_choices":[{"not_picked":["Dual Wield","Blood for Blood"],"picked":"Uppercut","floor":1},{"not_picked":["True Grit","Twin Strike"],"picked":"Clothesline","floor":3},{"not_picked":["Double Tap","Clash"],"picked":"Heavy Blade","floor":5},{"not_picked":["Havoc","Pummel","Perfected Strike"],"picked":"SKIP","floor":6},{"not_picked":["Shrug It Off","Wild Strike"],"picked":"Offering","floor":8},{"not_picked":["Clash","Dual Wield"],"picked":"Metallicize","floor":11},{"not_picked":["Fire Breathing","Pommel Strike","Cleave"],"picked":"SKIP","floor":13},{"not_picked":["Burning Pact","Sword Boomerang","Evolve"],"picked":"SKIP","floor":14},{"not_picked":["Clothesline+1","Second Wind","Feel No Pain"],"picked":"SKIP","floor":18},{"not_picked":["Iron Wave","Flex"],"picked":"Disarm","floor":19},{"not_picked":["Twin Strike","True Grit","Thunderclap"],"picked":"SKIP","floor":22},{"not_picked":["Perfected Strike","Shrug It Off","Clothesline"],"picked":"SKIP","floor":25},{"not_picked":["Fiend Fire","Flex","Searing Blow"],"picked":"SKIP","floor":29},{"not_picked":["Perfected Strike","Hemokinesis"],"picked":"Armaments+1","floor":31},{"not_picked":["Dark Embrace","Exhume"],"picked":"Offering","floor":33},{"not_picked":["Clothesline+1","Rampage"],"picked":"Battle Trance+1","floor":35},{"not_picked":["Anger","Twin Strike+1"],"picked":"Ghostly Armor","floor":36},{"not_picked":["Dual Wield","Headbutt+1","Heavy Blade"],"picked":"SKIP","floor":37},{"not_picked":["Discovery","Purity"],"picked":"The Bomb","floor":38},{"not_picked":["Burning Pact+1","Flame Barrier+1","Headbutt"],"picked":"SKIP","floor":42},{"not_picked":["Armaments+1","Wild Strike+1","Headbutt"],"picked":"SKIP","floor":47},{"not_picked":["Cleave","Perfected Strike+1","Dual Wield"],"picked":"SKIP","floor":48}],"player_experience":598444,"relics_obtained":[{"floor":8,"key":"Whetstone"},{"floor":9,"key":"Anchor"},{"floor":13,"key":"Happy Flower"},{"floor":19,"key":"Red Mask"},{"floor":26,"key":"Blue Candle"},{"floor":29,"key":"Centennial Puzzle"},{"floor":43,"key":"Bag of Marbles"}],"event_choices":[{"cards_removed":["Strike_R"],"damage_healed":0,"gold_gain":0,"player_choice":"Card Removal","damage_taken":7,"max_hp_gain":0,"max_hp_loss":0,"event_name":"Golden Wing","floor":12,"gold_loss":0},{"damage_healed":0,"gold_gain":0,"player_choice":"Fought Bandits","damage_taken":0,"max_hp_gain":0,"max_hp_loss":0,"event_name":"Masked Bandits","floor":19,"gold_loss":0},{"damage_healed":0,"gold_gain":0,"player_choice":"Opened","damage_taken":0,"relics_obtained":["FossilizedHelix"],"max_hp_gain":0,"max_hp_loss":0,"event_name":"The Mausoleum","floor":20,"gold_loss":0},{"damage_healed":0,"gold_gain":0,"player_choice":"Read","damage_taken":0,"max_hp_gain":0,"max_hp_loss":0,"event_name":"The Library","floor":21,"gold_loss":0,"cards_obtained":["Flame Barrier"]},{"damage_healed":0,"gold_gain":0,"player_choice":"Obtained Relic","damage_taken":0,"relics_obtained":["Orichalcum"],"max_hp_gain":0,"max_hp_loss":0,"event_name":"Addict","floor":24,"gold_loss":85},{"damage_healed":0,"gold_gain":0,"player_choice":"Gave Potion","damage_taken":0,"relics_obtained":["Meat on the Bone"],"max_hp_gain":0,"max_hp_loss":0,"event_name":"WeMeetAgain","floor":28,"gold_loss":0},{"damage_healed":0,"gold_gain":0,"player_choice":"Memory 1","damage_taken":0,"max_hp_gain":0,"max_hp_loss":0,"event_name":"SensoryStone","floor":38,"gold_loss":0},{"damage_healed":0,"gold_gain":0,"player_choice":"Upgraded Two","damage_taken":0,"max_hp_gain":0,"max_hp_loss":0,"event_name":"Designer","floor":46,"gold_loss":40,"cards_upgraded":["Feed","Disarm"]}],"is_beta":false,"boss_relics":[{"not_picked":["White Beast Statue","Coffee Dripper"],"picked":"Mark of Pain"},{"not_picked":["Astrolabe","Runic Pyramid"],"picked":"Sozu"}],"items_purged_floors":[10,27,39,41],"is_endless":false,"potions_floor_spawned":[1,6,8,11,14,19,22,25,35,37],"ascension_level":0}