{"gold_per_floor":[113,113,133,133,32,63,63,102,102,118,139,214,214,239,239,359,359,380,380,380,405,425,425,449,449,449,449,449,9,25,50,50,171,171,184,184,309,309,322,322,322],"floor_reached":41,"playtime":2099,"items_purged":["Strike_G","Strike_G"],"score":575,"play_id":"bae0b124-538f-4764-9225-2ac15b413398","local_time":"20190113182334","is_ascension_mode":true,"campfire_choices":[{"data":"Malaise","floor":7,"key":"SMITH"},{"floor":13,"key":"REST"},{"floor":15,"key":"REST"},{"data":"Noxious Fumes","floor":23,"key":"SMITH"},{"floor":25,"key":"REST"},{"floor":28,"key":"REST"},{"floor":32,"key":"REST"},{"floor":40,"key":"REST"}],"neow_cost":"NONE","seed_source_timestamp":456187900566010,"circlet_count":0,"master_deck":["Defend_G+1","Defend_G+1","Defend_G","Defend_G","Defend_G","Strike_G","Survivor","Neutralize+1","Acrobatics","Backflip","Malaise+1","Footwork","Endless Agony","Noxious Fumes+1","Backstab","A Thousand Cuts+1","Flying Knee","RitualDagger","Backflip","Panache","Well Laid Plans","Escape Plan","A Thousand Cuts","Panache","Catalyst"],"relics":["Ring of the Snake","NeowsBlessing","Golden Idol","Shuriken","War Paint","Sundial","Sozu","GremlinMask","Ornamental Fan","Empty Cage","Prayer Wheel"],"potions_floor_usage":[8,18,22,33],"damage_taken":[{"damage":0,"enemies":"2 Louse","floor":1,"turns":1},{"damage":0,"enemies":"Cultist","floor":3,"turns":1},{"damage":0,"enemies":"Lagavulin","floor":6,"turns":1},{"damage":25,"enemies":"Gremlin Nob","floor":8,"turns":6},{"damage":3,"enemies":"Small Slimes","floor":10,"turns":7},{"damage":0,"enemies":"Blue Slaver","floor":11,"turns":5},{"damage":0,"enemies":"Exordium Wildlife","floor":14,"turns":5},{"damage":7,"enemies":"Hexaghost","floor":16,"turns":12},{"damage":9,"enemies":"2 Thieves","floor":18,"turns":4},{"damage":6,"enemies":"Spheric Guardian","floor":21,"turns":6},{"damage":2,"enemies":"Snake Plant","floor":22,"turns":7},{"damage":31,"enemies":"Cultist and Chosen","floor":24,"turns":7},{"damage":20,"enemies":"3 Cultists","floor":30,"turns":4},{"damage":9,"enemies":"Centurion and Healer","floor":31,"turns":6},{"damage":13,"enemies":"Automaton","floor":33,"turns":7},{"damage":6,"enemies":"Orb Walker","floor":35,"turns":6},{"damage":15,"enemies":"Mind Bloom Boss Battle","floor":37,"turns":7},{"damage":20,"enemies":"3 Darklings","floor":39,"turns":4},{"damage":51,"enemies":"Giant Head","floor":41,"turns":7}],"seed_played":"3642940104683647018","potions_obtained":[{"floor":6,"key":"EssenceOfSteel"},{"floor":10,"key":"Strength Potion"},{"floor":14,"key":"EssenceOfSteel"},{"floor":16,"key":"AttackPotion"}],"is_trial":false,"path_per_floor":["M","?","M","?","$","E","R","E","T","M","M","?","R","M","R","B",null,"M","?","?","M","M","R","M","R","T","?","R","$","M","M","R","B",null,"M","?","?","?","M","R","E"],"character_chosen":"THE_SILENT","items_purchased":["Backflip","Panache","Well Laid Plans","Escape Plan"],"campfire_rested":6,"item_purchase_floors":[5,29,29,29],"current_hp_per_floor":[63,46,46,46,46,46,46,21,21,18,18,7,28,28,49,42,63,54,48,48,42,40,40,9,30,30,30,51,51,31,22,43,30,60,54,54,39,39,19,40,0],"gold":322,"neow_bonus":"THREE_ENEMY_KILL","is_prod":false,"is_daily":false,"chose_seed":false,"campfire_upgraded":2,"win_rate":0,"timestamp":1547432614,"path_taken":["M","?","M","?","$","E","R","E","T","M","?","?","R","M","R","BOSS","M","?","?","?","M","R","M","R","T","?","R","$","?","M","R","BOSS","M","?","?","?","?","R","E"],"build_version":"2019-01-10","purchased_purges":2,"victory":false,"max_hp_per_floor":[70,70,70,70,70,70,70,70,70,70,70,70,70,70,70,70,70,70,70,70,70,70,70,70,70,70,70,70,70,70,70,70,70,70,70,70,70,70,70,70,70],"card_choices":[{"not_picked":["Slice","Quick Slash"],"picked":"Acrobatics","floor":1},{"not_picked":["Outmaneuver","Slice","Dagger Spray"],"picked":"SKIP","floor":3},{"not_picked":["Outmaneuver","Envenom"],"picked":"Malaise","floor":6},{"not_picked":["PiercingWail","Deflect"],"picked":"Footwork","floor":8},{"not_picked":["Accuracy","Flying Knee"],"picked":"Endless Agony","floor":10},{"not_picked":["Acrobatics","Eviscerate"],"picked":"Noxious Fumes","floor":11},{"not_picked":["Deflect","Distraction"],"picked":"Backstab","floor":14},{"not_picked":["Venomology","Tools of the Trade"],"picked":"A Thousand Cuts","floor":16},{"not_picked":["Outmaneuver","Heel Hook"],"picked":"Flying Knee","floor":18},{"not_picked":["Finisher+1","Dagger Spray"],"picked":"Backflip","floor":21},{"not_picked":["Flying Knee","Sucker Punch","Grand Finale"],"picked":"SKIP","floor":22},{"not_picked":["Outmaneuver","Skewer","Eviscerate"],"picked":"SKIP","floor":24},{"not_picked":["Underhanded Strike","Dodge and Roll","Finisher+1"],"picked":"SKIP","floor":30},{"not_picked":["Prepared+1","Bane","Glass Knife"],"picked":"SKIP","floor":31},{"not_picked":["Glass Knife","Night Terror"],"picked":"A Thousand Cuts","floor":33},{"not_picked":["Slice","Sucker Punch+1","Underhanded Strike"],"picked":"SKIP","floor":35},{"not_picked":["Dagger Throw","Distraction+1"],"picked":"Catalyst","floor":39},{"not_picked":["Heel Hook+1","Underhanded Strike","Bane+1"],"picked":"SKIP","floor":39}],"player_experience":327694,"relics_obtained":[{"floor":6,"key":"Shuriken"},{"floor":8,"key":"War Paint"},{"floor":9,"key":"Sundial"},{"floor":26,"key":"Ornamental Fan"},{"floor":37,"key":"Prayer Wheel"}],"event_choices":[{"damage_healed":0,"gold_gain":0,"player_choice":"Take Damage","damage_taken":17,"relics_obtained":["Golden Idol"],"max_hp_gain":0,"max_hp_loss":0,"event_name":"Golden Idol","floor":2,"gold_loss":0},{"damage_healed":0,"gold_gain":0,"player_choice":"Forge","damage_taken":0,"max_hp_gain":0,"max_hp_loss":0,"event_name":"Accursed Blacksmith","floor":4,"gold_loss":0,"cards_upgraded":["Neutralize"]},{"damage_healed":0,"gold_gain":75,"player_choice":"Gather Gold","damage_taken":11,"max_hp_gain":0,"max_hp_loss":0,"event_name":"World of Goop","floor":12,"gold_loss":0},{"damage_healed":0,"gold_gain":0,"player_choice":"Joined the Cult","damage_taken":6,"max_hp_gain":0,"max_hp_loss":0,"event_name":"Nest","floor":19,"gold_loss":0,"cards_obtained":["RitualDagger"]},{"damage_healed":0,"gold_gain":0,"player_choice":"Trade","damage_taken":0,"relics_obtained":["GremlinMask"],"max_hp_gain":0,"max_hp_loss":0,"event_name":"FaceTrader","floor":20,"gold_loss":0},{"damage_healed":0,"gold_gain":0,"player_choice":"Upgraded","damage_taken":0,"max_hp_gain":0,"max_hp_loss":0,"event_name":"Upgrade Shrine","floor":27,"gold_loss":0,"cards_upgraded":["A Thousand Cuts"]},{"damage_healed":0,"gold_gain":0,"player_choice":"Ignored","damage_taken":0,"max_hp_gain":0,"max_hp_loss":0,"event_name":"Tomb of Lord Red Mask","floor":36,"gold_loss":0},{"damage_healed":0,"gold_gain":0,"player_choice":"Fight","damage_taken":0,"max_hp_gain":0,"max_hp_loss":0,"event_name":"MindBloom","floor":37,"gold_loss":0},{"damage_healed":0,"gold_gain":0,"player_choice":"Copied","damage_taken":0,"max_hp_gain":0,"max_hp_loss":0,"event_name":"Duplicator","floor":38,"gold_loss":0,"cards_obtained":["Panache"]}],"is_beta":false,"boss_relics":[{"not_picked":["Philosopher\u0027s Stone","Coffee Dripper"],"picked":"Sozu"},{"not_picked":["Orrery","Black Star"],"picked":"Empty Cage"}],"items_purged_floors":[5,29],"is_endless":false,"potions_floor_spawned":[6,10,14,16,24,30,31,33,37,39],"killed_by":"Giant Head","ascension_level":7}