{"gold_per_floor":[119,37,37,51,61,61,121,121,147,147,147,115,115,129,129,229,229,248,258,258,258],"floor_reached":21,"playtime":657,"items_purged":[],"score":239,"play_id":"9d7820c2-887e-44ca-a411-a21586a799c5","local_time":"20190115001444","is_ascension_mode":true,"campfire_choices":[{"data":"Footwork","floor":6,"key":"SMITH"},{"floor":11,"key":"REST"},{"data":"Bouncing Flask","floor":15,"key":"SMITH"}],"neow_cost":"NONE","seed_source_timestamp":565101861716868,"circlet_count":0,"master_deck":["Defend_G","Defend_G","Defend_G","Defend_G","Defend_G","Strike_G","Strike_G","Strike_G","Strike_G","Strike_G","Survivor","Neutralize","Footwork+1","Madness","Crippling Poison","Envenom+1","Bouncing Flask+1","Burst","Regret","Shame","Normality","Footwork+1","Outmaneuver"],"relics":["Ring of the Snake","NeowsBlessing","Tiny Chest","Blood Vial","Strawberry","Frozen Egg 2","Tingsha","Nloth\u0027s Gift"],"potions_floor_usage":[21,21],"damage_taken":[{"damage":0,"enemies":"Jaw Worm","floor":1,"turns":1},{"damage":0,"enemies":"Cultist","floor":4,"turns":1},{"damage":0,"enemies":"Small Slimes","floor":5,"turns":1},{"damage":53,"enemies":"Gremlin Nob","floor":7,"turns":8},{"damage":8,"enemies":"2 Fungi Beasts","floor":14,"turns":5},{"damage":7,"enemies":"Hexaghost","floor":16,"turns":9},{"damage":30,"enemies":"Shell Parasite","floor":18,"turns":4},{"damage":11,"enemies":"Chosen","floor":19,"turns":6},{"damage":35,"enemies":"3 Cultists","floor":21,"turns":4}],"seed_played":"-79916186488279377","potions_obtained":[{"floor":5,"key":"GamblersBrew"},{"floor":7,"key":"Energy Potion"},{"floor":19,"key":"SkillPotion"}],"is_trial":false,"path_per_floor":["M","$","?","M","M","R","E","?","T","?","R","?","T","M","R","B",null,"M","M","?","M"],"character_chosen":"THE_SILENT","items_purchased":["Footwork"],"campfire_rested":1,"item_purchase_floors":[2],"current_hp_per_floor":[63,63,63,63,63,63,10,3,3,3,24,24,24,18,18,13,63,35,26,26,0],"gold":258,"neow_bonus":"THREE_ENEMY_KILL","is_prod":false,"is_daily":false,"chose_seed":false,"campfire_upgraded":2,"win_rate":0,"timestamp":1547540084,"path_taken":["M","$","?","?","M","R","E","?","T","?","R","?","?","M","R","BOSS","M","M","?","M"],"build_version":"2019-01-10","purchased_purges":0,"victory":false,"max_hp_per_floor":[70,70,70,70,70,70,70,70,70,70,70,70,70,70,70,70,77,77,77,77,77],"card_choices":[{"not_picked":["Bane","Slice","Dagger Throw"],"picked":"SKIP","floor":1},{"not_picked":["Poisoned Stab","Riddle With Holes","Sucker Punch"],"picked":"SKIP","floor":4},{"not_picked":["Deadly Poison","Prepared"],"picked":"Crippling Poison","floor":5},{"not_picked":["Cloak And Dagger","Heel Hook"],"picked":"Envenom","floor":7},{"not_picked":["Cloak And Dagger","Acrobatics"],"picked":"Bouncing Flask","floor":14},{"not_picked":["Grand Finale","Bullet Time"],"picked":"Burst","floor":16},{"not_picked":["Predator","Acrobatics"],"picked":"Footwork+1","floor":18},{"not_picked":["Dagger Spray","PiercingWail+1"],"picked":"Outmaneuver","floor":19}],"player_experience":331942,"relics_obtained":[{"floor":7,"key":"Tiny Chest"},{"floor":9,"key":"Blood Vial"},{"floor":17,"key":"Strawberry"},{"floor":17,"key":"Frozen Egg 2"},{"floor":17,"key":"Tingsha"}],"event_choices":[{"damage_healed":0,"gold_gain":0,"player_choice":"1 cards matched","damage_taken":0,"max_hp_gain":0,"max_hp_loss":0,"event_name":"Match and Keep!","floor":3,"gold_loss":0,"cards_obtained":["Madness"]},{"damage_healed":0,"gold_gain":0,"player_choice":"Fled","damage_taken":7,"max_hp_gain":0,"max_hp_loss":0,"event_name":"Scrap Ooze","floor":8,"gold_loss":0},{"damage_healed":0,"gold_gain":0,"player_choice":"Grow","damage_taken":0,"max_hp_gain":0,"max_hp_loss":0,"event_name":"Living Wall","floor":10,"gold_loss":0,"cards_upgraded":["Envenom"]},{"damage_healed":0,"gold_gain":0,"player_choice":"Left Gold","damage_taken":0,"max_hp_gain":0,"max_hp_loss":0,"event_name":"World of Goop","floor":12,"gold_loss":32},{"damage_healed":0,"gold_gain":0,"player_choice":"Traded Relic","damage_taken":0,"relics_obtained":["Nloth\u0027s Gift"],"max_hp_gain":0,"max_hp_loss":0,"event_name":"N\u0027loth","floor":20,"relics_lost":["Calling Bell"],"gold_loss":0}],"is_beta":false,"boss_relics":[{"not_picked":["Eternal Feather","White Beast Statue"],"picked":"Calling Bell"}],"items_purged_floors":[],"is_endless":false,"potions_floor_spawned":[5,7,19],"killed_by":"3 Cultists","ascension_level":7}