{"gold_per_floor":[118,43,43,60,60,60,87,87,140,140,165,141,162,162],"floor_reached":14,"playtime":878,"items_purged":["Strike_G"],"score":117,"play_id":"b0e82059-4dfe-46ca-a3ee-82f3e6cf908f","local_time":"20190101113132","is_ascension_mode":true,"campfire_choices":[{"data":"Cloak And Dagger","floor":6,"key":"SMITH"}],"neow_cost":"PERCENT_DAMAGE","seed_source_timestamp":965145179184005,"circlet_count":0,"master_deck":["Defend_G","Defend_G","Defend_G","Defend_G","Defend_G","Strike_G","Strike_G","Strike_G","Strike_G","Survivor","Neutralize","Burst+1","Cloak And Dagger+1","Blur","Forethought","Blur","Blur","Cloak And Dagger"],"relics":["Ring of the Snake","Happy Flower","Smiling Mask","Golden Idol","Snake Skull"],"potions_floor_usage":[7,11],"damage_taken":[{"damage":0,"enemies":"Jaw Worm","floor":1,"turns":5},{"damage":5,"enemies":"2 Louse","floor":4,"turns":2},{"damage":34,"enemies":"3 Sentries","floor":7,"turns":16},{"damage":0,"enemies":"Small Slimes","floor":11,"turns":2},{"damage":1,"enemies":"Exordium Thugs","floor":12,"turns":5},{"damage":0,"enemies":"3 Louse","floor":13,"turns":6},{"damage":27,"enemies":"Gremlin Nob","floor":14,"turns":4}],"seed_played":"-6911442755957149514","potions_obtained":[{"floor":4,"key":"Regen Potion"},{"floor":7,"key":"Explosive Potion"}],"is_trial":false,"path_per_floor":["M","$","?","M","?","R","E","?","T","?","M","M","M","E"],"character_chosen":"THE_SILENT","items_purchased":[],"campfire_rested":0,"item_purchase_floors":[],"current_hp_per_floor":[45,45,42,37,37,37,18,18,18,18,18,17,17,0],"gold":162,"neow_bonus":"THREE_RARE_CARDS","is_prod":false,"is_daily":false,"chose_seed":false,"campfire_upgraded":1,"win_rate":0,"timestamp":1546371092,"path_taken":["M","$","?","M","?","R","E","?","T","?","M","?","M","E"],"build_version":"2018-12-20","purchased_purges":1,"victory":false,"max_hp_per_floor":[70,70,70,70,70,70,70,65,65,65,65,65,65,65],"card_choices":[{"not_picked":["Bullet Time","Envenom"],"picked":"Burst","floor":0},{"not_picked":["Quick Slash","Eviscerate"],"picked":"Cloak And Dagger","floor":1},{"not_picked":["Deflect","All Out Attack","Underhanded Strike"],"picked":"SKIP","floor":4},{"not_picked":["Prepared","Blade Dance"],"picked":"Blur","floor":7},{"not_picked":["Cloak And Dagger","PiercingWail"],"picked":"Blur","floor":11},{"not_picked":["Flechettes","Deadly Poison"],"picked":"Blur","floor":12},{"not_picked":["Poisoned Stab","Slice"],"picked":"Cloak And Dagger","floor":13}],"player_experience":250237,"relics_obtained":[{"floor":7,"key":"Smiling Mask"},{"floor":9,"key":"Snake Skull"}],"event_choices":[{"damage_healed":0,"gold_gain":0,"player_choice":"Success","damage_taken":3,"relics_obtained":["Happy Flower"],"max_hp_gain":0,"max_hp_loss":0,"event_name":"Scrap Ooze","floor":3,"gold_loss":0},{"damage_healed":0,"gold_gain":0,"player_choice":"Grow","damage_taken":0,"max_hp_gain":0,"max_hp_loss":0,"event_name":"Living Wall","floor":5,"gold_loss":0,"cards_upgraded":["Burst"]},{"damage_healed":0,"gold_gain":0,"player_choice":"Lose Max HP","damage_taken":0,"relics_obtained":["Golden Idol"],"max_hp_gain":0,"max_hp_loss":5,"event_name":"Golden Idol","floor":8,"gold_loss":0},{"damage_healed":0,"gold_gain":0,"player_choice":"1 cards matched","damage_taken":0,"max_hp_gain":0,"max_hp_loss":0,"event_name":"Match and Keep!","floor":10,"gold_loss":0,"cards_obtained":["Forethought"]}],"is_beta":false,"boss_relics":[],"items_purged_floors":[2],"is_endless":false,"potions_floor_spawned":[4,7],"killed_by":"Gremlin Nob","ascension_level":6}