{"gold_per_floor":[118,138,138,155,165,165,190,208,208,5,5,5,5,0,0,98,98,111,126,126,126,140,140,140],"floor_reached":24,"playtime":1427,"items_purged":[],"score":235,"play_id":"b3e93e30-044a-4407-8068-e2a31d44e746","local_time":"20190313001039","is_ascension_mode":true,"campfire_choices":[{"data":"Go for the Eyes","floor":6.0,"key":"SMITH"},{"data":"Dualcast","floor":13,"key":"SMITH"},{"data":"Zap","floor":15,"key":"SMITH"},{"floor":23,"key":"REST"}],"neow_cost":"NONE","seed_source_timestamp":0,"circlet_count":0,"master_deck":["Strike_B","Strike_B","Strike_B","Strike_B","Defend_B+1","Defend_B","Defend_B+1","Defend_B","Zap+1","Dualcast+1","Go for the Eyes+1","Stack","Chill","Parasite","Buffer","Darkness+1","Redo"],"special_seed":0,"relics":["Cracked Core","War Paint","Matryoshka","MawBank","The Courier","Membership Card","Oddly Smooth Stone","Black Star","MutagenicStrength","Enchiridion"],"potions_floor_usage":[16,22],"damage_taken":[{"damage":1.0,"enemies":"Cultist","floor":1.0,"turns":3.0},{"damage":5.0,"enemies":"Small Slimes","floor":2.0,"turns":4.0},{"damage":0.0,"enemies":"2 Louse","floor":4.0,"turns":1.0},{"damage":8.0,"enemies":"Blue Slaver","floor":5.0,"turns":3.0},{"damage":21.0,"enemies":"Gremlin Nob","floor":7.0,"turns":4.0},{"damage":0.0,"enemies":"Exordium Wildlife","floor":8.0,"turns":3.0},{"damage":3,"enemies":"The Guardian","floor":16,"turns":12},{"damage":6,"enemies":"Shell Parasite","floor":18,"turns":12},{"damage":18,"enemies":"3 Byrds","floor":19,"turns":7},{"damage":23,"enemies":"Snake Plant","floor":22,"turns":6},{"damage":35,"enemies":"Book of Stabbing","floor":24,"turns":7}],"seed_played":"-2078931103645147680","potions_obtained":[{"floor":4.0,"key":"LiquidBronze"},{"floor":5.0,"key":"Dexterity Potion"},{"floor":16,"key":"Poison Potion"},{"floor":19,"key":"Ancient Potion"}],"is_trial":false,"path_per_floor":["M","M","?","M","M","R","E","M","T","$","$","?","R","?","R","B",null,"M","M","?","?","M","R","E"],"character_chosen":"DEFECT","items_purchased":["Membership Card","Oddly Smooth Stone"],"campfire_rested":1,"item_purchase_floors":[10,10],"current_hp_per_floor":[74,69,69,69,61,61,40,40,40,40,40,58,58,58,58,55,75,69,51,51,35,12,34,0],"gold":140,"neow_bonus":"RANDOM_COMMON_RELIC","is_prod":false,"is_daily":false,"chose_seed":false,"campfire_upgraded":3,"win_rate":0,"timestamp":1552425039,"path_taken":["M","M","?","M","?","R","E","M","T","?","$","?","R","?","R","BOSS","M","M","?","?","?","R","E"],"build_version":"2019-01-23","purchased_purges":0,"victory":false,"max_hp_per_floor":[75,75,75,75,75,75,75,75,75,75,75,75,75,75,75,75,75,75,75,75,75,75,75,75],"card_choices":[{"not_picked":["Barrage","Skim","Redo"],"picked":"SKIP","floor":1.0},{"not_picked":["Static Discharge","Steam Power","Coolheaded"],"picked":"SKIP","floor":2.0},{"not_picked":["Barrage","Redo","Turbo"],"picked":"SKIP","floor":4.0},{"not_picked":["Go for the Eyes","Redo","Rebound"],"picked":"SKIP","floor":5.0},{"not_picked":["Glacier","Static Discharge"],"picked":"Stack","floor":7.0},{"not_picked":["Rip and Tear","Rebound"],"picked":"Chill","floor":8.0},{"not_picked":["Reboot","Seek"],"picked":"Buffer","floor":16},{"not_picked":["Steam Power","Ball Lightning+1"],"picked":"Darkness+1","floor":18},{"not_picked":["Ball Lightning","Recycle","Tempest"],"picked":"SKIP","floor":19},{"not_picked":["Turbo","Beam Cell"],"picked":"Redo","floor":22}],"player_experience":325816,"relics_obtained":[{"floor":7.0,"key":"Matryoshka"},{"floor":9.0,"key":"MawBank"},{"floor":9.0,"key":"The Courier"},{"floor":21,"key":"Enchiridion"}],"event_choices":[{"damage_healed":0.0,"max_hp_gain":0.0,"max_hp_loss":0.0,"gold_gain":0.0,"event_name":"Match and Keep!","player_choice":"1 cards matched","floor":3.0,"gold_loss":0.0,"damage_taken":0.0,"cards_obtained":["Go for the Eyes"]},{"damage_healed":18,"gold_gain":0,"player_choice":"Healed and dodged fight","damage_taken":0,"max_hp_gain":0,"max_hp_loss":0,"event_name":"Mushrooms","floor":12,"gold_loss":0,"cards_obtained":["Parasite"]},{"damage_healed":0,"gold_gain":0,"player_choice":"Left Gold","damage_taken":0,"max_hp_gain":0,"max_hp_loss":0,"event_name":"World of Goop","floor":14,"gold_loss":5},{"damage_healed":0,"gold_gain":0,"player_choice":"Inject Mutagens","damage_taken":0,"relics_obtained":["MutagenicStrength"],"max_hp_gain":0,"max_hp_loss":0,"event_name":"Drug Dealer","floor":20,"gold_loss":0},{"damage_healed":0,"gold_gain":0,"player_choice":"Obtained Book","damage_taken":16,"max_hp_gain":0,"max_hp_loss":0,"event_name":"Cursed Tome","floor":21,"gold_loss":0}],"is_beta":false,"boss_relics":[{"not_picked":["Lizard Tail","Sozu"],"picked":"Black Star"}],"items_purged_floors":[],"is_endless":false,"potions_floor_spawned":[4,5,16,19],"killed_by":"Book of Stabbing","ascension_level":4}