{"gold_per_floor":[115,190,190,202,222,222,248,267,267,192,210,210,244,244,244,344,344,360,51,51,69,82,82,111,131,179,213,228,244,270,82,82,180,180,200,200,547,547,565,594,611,641,641,672,288,288,302,312,312,312,312,312,81,81],"floor_reached":54,"playtime":5732,"items_purged":["Strike_B","Strike_B","Shame","Defend_B"],"score":1021,"play_id":"eb531305-25c1-48c7-9841-3fc8e7e47448","local_time":"20190318204235","is_ascension_mode":true,"campfire_choices":[{"data":"Dualcast","floor":6,"key":"SMITH"},{"floor":12,"key":"REST"},{"data":"Coolheaded","floor":15,"key":"SMITH"},{"floor":23,"key":"REST"},{"floor":32,"key":"RECALL"},{"data":"Leap","floor":46,"key":"SMITH"},{"data":"Coolheaded","floor":49,"key":"SMITH"},{"data":"Darkness","floor":52,"key":"SMITH"}],"neow_cost":"NONE","seed_source_timestamp":273345861592543,"circlet_count":0,"master_deck":["Defend_B","Defend_B","Defend_B","Zap+1","Dualcast+1","Coolheaded+1","Darkness+1","Sweeping Beam","Defragment+1","Static Discharge+1","Consume","Electrodynamics+1","Capacitor+1","Defragment+1","Leap+1","Coolheaded+1","White Noise+1","Self Repair+1","Hologram+1","Coolheaded+1","Defragment+1","Storm+1","Loop+1","Buffer+1","Self Repair+1","Steam+1","Lockon+1","Fusion+1","Hello World+1"],"relics":["Cracked Core","NeowsBlessing","Frozen Egg 2","Symbiotic Virus","Meat on the Bone","Torii","Orrery","Runic Capacitor","Dream Catcher","Mercury Hourglass","Molten Egg 2","Art of War","Oddly Smooth Stone","Empty Cage","Old Coin","Regal Pillow","Orichalcum","Singing Bowl","Sundial","Pantograph"],"potions_floor_usage":[7,22,24,24,24,30,30,41,54],"damage_taken":[{"damage":0,"enemies":"Jaw Worm","floor":1,"turns":1},{"damage":0,"enemies":"Small Slimes","floor":4,"turns":1},{"damage":0,"enemies":"Cultist","floor":5,"turns":1},{"damage":30,"enemies":"3 Sentries","floor":7,"turns":7},{"damage":7,"enemies":"Looter","floor":8,"turns":4},{"damage":1,"enemies":"2 Fungi Beasts","floor":11,"turns":2},{"damage":6,"enemies":"Lagavulin","floor":13,"turns":4},{"damage":1,"enemies":"The Guardian","floor":16,"turns":11},{"damage":31,"enemies":"2 Thieves","floor":18,"turns":4},{"damage":1,"enemies":"Chosen","floor":21,"turns":5},{"damage":10,"enemies":"Centurion and Healer","floor":22,"turns":5},{"damage":19,"enemies":"Gremlin Leader","floor":24,"turns":5},{"damage":17,"enemies":"Snake Plant","floor":25,"turns":3},{"damage":29,"enemies":"Book of Stabbing","floor":27,"turns":5},{"damage":21,"enemies":"Shelled Parasite and Fungi","floor":28,"turns":6},{"damage":1,"enemies":"Cultist and Chosen","floor":29,"turns":4},{"damage":14,"enemies":"Slavers","floor":30,"turns":3},{"damage":19,"enemies":"Champ","floor":33,"turns":5},{"damage":23,"enemies":"3 Shapes","floor":35,"turns":3},{"damage":23,"enemies":"2 Orb Walkers","floor":37,"turns":4},{"damage":16,"enemies":"3 Darklings","floor":39,"turns":3},{"damage":1,"enemies":"Giant Head","floor":40,"turns":7},{"damage":24,"enemies":"Sphere and 2 Shapes","floor":41,"turns":2},{"damage":28,"enemies":"Nemesis","floor":42,"turns":7},{"damage":40,"enemies":"Reptomancer","floor":44,"turns":5},{"damage":12,"enemies":"Jaw Worm Horde","floor":47,"turns":2},{"damage":0,"enemies":"Transient","floor":48,"turns":5},{"damage":20,"enemies":"Time Eater","floor":50,"turns":6},{"damage":93,"enemies":"Shield and Spear","floor":54,"turns":3}],"seed_played":"3123368300101129560","potions_obtained":[{"floor":4,"key":"FocusPotion"},{"floor":5,"key":"PowerPotion"},{"floor":11,"key":"Fire Potion"},{"floor":21,"key":"Explosive Potion"},{"floor":22,"key":"FocusPotion"},{"floor":24,"key":"SteroidPotion"},{"floor":27,"key":"Regen Potion"},{"floor":28,"key":"Energy Potion"},{"floor":37,"key":"Poison Potion"},{"floor":40,"key":"Swift Potion"},{"floor":41,"key":"LiquidBronze"},{"floor":44,"key":"Ancient Potion"},{"floor":47,"key":"Block Potion"}],"is_trial":false,"path_per_floor":["M","?","?","M","M","R","E","M","T","$","M","R","E","?","R","B",null,"M","$","?","M","M","R","E","M","T","E","M","M","E","$","R","B",null,"M","?","?","?","M","E","M","E","T","E","$","R","M","M","R","B",null,"R","$","E"],"character_chosen":"DEFECT","items_purchased":["Runic Capacitor","Oddly Smooth Stone","Loop+1","Pantograph","Hello World+1"],"campfire_rested":2,"item_purchase_floors":[19,31,31,45,53],"current_hp_per_floor":[75,64,64,64,64,64,34,27,27,27,26,48,42,35,35,46,68,49,49,49,48,38,60,51,56,56,49,40,39,52,52,52,55,70,47,47,46,46,52,71,57,61,61,45,45,45,57,77,77,79,79,79,79,0],"gold":81,"neow_bonus":"THREE_ENEMY_KILL","is_prod":false,"is_daily":false,"chose_seed":false,"campfire_upgraded":5,"win_rate":0,"timestamp":1552930955,"path_taken":["M","?","?","M","?","R","E","M","T","$","M","R","E","?","R","BOSS","M","$","?","M","M","R","E","M","T","E","M","M","E","$","R","BOSS","M","?","?","?","M","E","?","E","T","E","$","R","?","M","R","BOSS","R","$","E"],"build_version":"2019-01-23","purchased_purges":4,"victory":false,"max_hp_per_floor":[75,75,75,75,75,75,75,75,75,75,75,75,75,75,75,75,75,75,75,75,75,75,75,75,75,75,75,75,75,75,75,75,75,75,75,75,75,75,75,75,75,75,75,77,77,77,79,79,79,79,79,79,79,79],"card_choices":[{"not_picked":["Stack","Turbo","Steam Power"],"picked":"SKIP","floor":1},{"not_picked":["Chill","Force Field"],"picked":"Coolheaded","floor":4},{"not_picked":["Rebound","Rip and Tear"],"picked":"Darkness","floor":5},{"not_picked":["Go for the Eyes","BootSequence"],"picked":"Sweeping Beam","floor":7},{"not_picked":["Conserve Battery","Reinforced Body"],"picked":"Defragment+1","floor":8},{"not_picked":["Reboot","Melter"],"picked":"Static Discharge+1","floor":11},{"not_picked":["Streamline","Steam Power"],"picked":"Consume","floor":13},{"not_picked":["Amplify","Rainbow"],"picked":"Electrodynamics+1","floor":16},{"not_picked":["Barrage","Turbo"],"picked":"Capacitor+1","floor":17},{"not_picked":["Fusion","Ball Lightning"],"picked":"Defragment+1","floor":17},{"not_picked":["Gash","Recycle"],"picked":"Leap","floor":17},{"not_picked":["White Noise","Steam"],"picked":"Cold Snap","floor":17},{"not_picked":["Compile Driver","White Noise"],"picked":"Coolheaded+1","floor":18},{"not_picked":["Compile Driver","Redo","Steam Power"],"picked":"SKIP","floor":21},{"not_picked":["Conserve Battery","Compile Driver"],"picked":"White Noise+1","floor":22},{"not_picked":["Go for the Eyes","Beam Cell"],"picked":"Self Repair+1","floor":23},{"not_picked":["Core Surge","Lockon","Rebound"],"picked":"SKIP","floor":24},{"not_picked":["Compile Driver","Darkness"],"picked":"Hologram+1","floor":25},{"not_picked":["Double Energy","Melter","Steam"],"picked":"SKIP","floor":27},{"not_picked":["Sweeping Beam+1","Cold Snap+1"],"picked":"Coolheaded","floor":28},{"not_picked":["Redo+1","Gash+1"],"picked":"Defragment+1","floor":29},{"not_picked":["Force Field","Scrape+1"],"picked":"Storm+1","floor":30},{"not_picked":["Electrodynamics+1","Multi-Cast"],"picked":"Buffer+1","floor":33},{"not_picked":["Gash+1","Barrage+1"],"picked":"Self Repair+1","floor":35},{"not_picked":["Storm+1","Capacitor+1"],"picked":"Steam+1","floor":39},{"not_picked":["Capacitor+1","Go for the Eyes+1"],"picked":"Lockon+1","floor":40},{"not_picked":["Rebound+1","Compile Driver+1","Turbo"],"picked":"SKIP","floor":41},{"not_picked":["Go for the Eyes+1","Rebound+1","Core Surge+1"],"picked":"SKIP","floor":42},{"not_picked":["Static Discharge+1","Doom and Gloom+1","FTL+1"],"picked":"Singing Bowl","floor":44},{"not_picked":["Ball Lightning+1","Auto Shields","Barrage+1"],"picked":"Singing Bowl","floor":47},{"not_picked":["Hologram","Barrage+1"],"picked":"Fusion+1","floor":48}],"player_experience":347439,"relics_obtained":[{"floor":7,"key":"Frozen Egg 2"},{"floor":9,"key":"Symbiotic Virus"},{"floor":13,"key":"Meat on the Bone"},{"floor":24,"key":"Mercury Hourglass"},{"floor":27,"key":"Molten Egg 2"},{"floor":30,"key":"Art of War"},{"floor":37,"key":"Old Coin"},{"floor":40,"key":"Regal Pillow"},{"floor":42,"key":"Orichalcum"},{"floor":43,"key":"Singing Bowl"},{"floor":44,"key":"Sundial"}],"event_choices":[{"damage_healed":0,"gold_gain":75,"player_choice":"Gather Gold","damage_taken":11,"max_hp_gain":0,"max_hp_loss":0,"event_name":"World of Goop","floor":2,"gold_loss":0},{"damage_healed":0,"gold_gain":0,"player_choice":"Upgraded","damage_taken":0,"max_hp_gain":0,"max_hp_loss":0,"event_name":"Upgrade Shrine","floor":3,"gold_loss":0,"cards_upgraded":["Zap"]},{"damage_healed":0,"gold_gain":0,"player_choice":"Success","damage_taken":7,"relics_obtained":["Torii"],"max_hp_gain":0,"max_hp_loss":0,"event_name":"Scrap Ooze","floor":14,"gold_loss":0},{"damage_healed":0,"gold_gain":0,"player_choice":"Stole Relic","damage_taken":0,"relics_obtained":["Dream Catcher"],"max_hp_gain":0,"max_hp_loss":0,"event_name":"Addict","floor":20,"gold_loss":0,"cards_obtained":["Shame"]},{"damage_healed":0,"gold_gain":0,"player_choice":"Ignored","damage_taken":0,"max_hp_gain":0,"max_hp_loss":0,"event_name":"Tomb of Lord Red Mask","floor":36,"gold_loss":0},{"damage_healed":0,"gold_gain":0,"player_choice":"Fight","damage_taken":0,"max_hp_gain":0,"max_hp_loss":0,"event_name":"Mysterious Sphere","floor":37,"gold_loss":0},{"cards_removed":["Cold Snap"],"damage_healed":0,"gold_gain":0,"player_choice":"Removed Attack","damage_taken":0,"max_hp_gain":0,"max_hp_loss":0,"event_name":"Falling","floor":38,"gold_loss":0}],"is_beta":false,"boss_relics":[{"not_picked":["Astrolabe","Nuclear Battery"],"picked":"Orrery"},{"not_picked":["Velvet Choker","Lizard Tail"],"picked":"Empty Cage"}],"items_purged_floors":[10,19,45,53],"is_endless":false,"potions_floor_spawned":[4,5,11,21,22,24,27,28,37,40,41,44,47],"killed_by":"Shield and Spear","ascension_level":5}