{"gold_per_floor":[110,130,50,50,50,50,79,79,155,188,188,204,214,214,214,333,333,354,375,375,285,26,60,74,87,87,87,12,346,366,366,366,366],"floor_reached":33,"playtime":1383,"items_purged":["Defend_G"],"score":509,"play_id":"88b5cd5e-7f6d-4eed-b4d5-5c894fe8e3ce","local_time":"20190330012330","is_ascension_mode":true,"campfire_choices":[{"data":"Bouncing Flask","floor":6,"key":"SMITH"},{"data":"Backstab","floor":8,"key":"SMITH"},{"floor":15,"key":"REST"},{"floor":27,"key":"REST"},{"floor":32,"key":"REST"}],"neow_cost":"NONE","seed_source_timestamp":1446178381879676,"circlet_count":0,"master_deck":["AscendersBane","Defend_G","Defend_G+1","Defend_G","Defend_G","Survivor","Neutralize","Terror","Backflip","Bouncing Flask+1","Backstab+1","Cloak And Dagger","Catalyst","A Thousand Cuts","Deadly Poison","Blur","Backflip"],"relics":["Ring of the Snake","NeowsBlessing","Pear","Dream Catcher","Gremlin Horn","Vajra","Golden Idol","Sozu","MealTicket","Blood Vial","Centennial Puzzle","Old Coin"],"potions_floor_usage":[18,25],"damage_taken":[{"damage":0,"enemies":"2 Louse","floor":1,"turns":1},{"damage":0,"enemies":"Small Slimes","floor":2,"turns":2},{"damage":0,"enemies":"Gremlin Nob","floor":7,"turns":1},{"damage":20,"enemies":"Lagavulin","floor":10,"turns":5},{"damage":0,"enemies":"Cultist","floor":12,"turns":4},{"damage":16,"enemies":"Large Slime","floor":13,"turns":4},{"damage":25,"enemies":"The Guardian","floor":16,"turns":8},{"damage":2,"enemies":"3 Byrds","floor":18,"turns":4},{"damage":2,"enemies":"Chosen","floor":19,"turns":3},{"damage":32,"enemies":"Gremlin Leader","floor":23,"turns":8},{"damage":13,"enemies":"Snake Plant","floor":24,"turns":4},{"damage":11,"enemies":"Shelled Parasite and Fungi","floor":25,"turns":5},{"damage":22,"enemies":"Book of Stabbing","floor":29,"turns":5},{"damage":7,"enemies":"Snecko","floor":30,"turns":4},{"damage":47,"enemies":"Collector","floor":33,"turns":5}],"seed_played":"172515960389747005","potions_obtained":[{"floor":2,"key":"SmokeBomb"},{"floor":7,"key":"GhostInAJar"},{"floor":13,"key":"EntropicBrew"},{"floor":16,"key":"Explosive Potion"}],"is_trial":false,"path_per_floor":["M","M","$","?","?","R","E","R","T","E","?","M","M","?","R","B",null,"M","M","?","?","$","E","M","M","T","R","$","E","M","?","R","B"],"character_chosen":"THE_SILENT","items_purchased":["Bouncing Flask","Blur","MealTicket"],"campfire_rested":3,"item_purchase_floors":[3,22,22],"current_hp_per_floor":[63,63,63,56,59,59,59,59,59,39,39,39,23,23,45,20,61,59,57,57,57,57,25,14,5,5,27,42,22,17,17,39,0],"gold":366,"neow_bonus":"THREE_ENEMY_KILL","is_prod":false,"is_daily":false,"chose_seed":false,"campfire_upgraded":2,"win_rate":0,"timestamp":1553934210,"path_taken":["M","M","$","?","?","R","E","R","T","E","?","M","M","?","R","BOSS","M","M","?","?","$","E","M","?","T","R","$","E","M","?","R","BOSS"],"build_version":"2019-01-23","purchased_purges":1,"victory":false,"max_hp_per_floor":[70,70,70,70,80,80,80,80,80,80,80,80,80,74,74,74,74,74,74,74,74,74,74,74,74,74,74,74,74,74,74,74,74],"card_choices":[{"not_picked":["Dagger Throw","Dodge and Roll"],"picked":"Terror","floor":1},{"not_picked":["Acrobatics","Bane"],"picked":"Backflip","floor":2},{"not_picked":["PiercingWail","Dagger Spray"],"picked":"Backstab","floor":7},{"not_picked":["Tactician","Deflect","Setup"],"picked":"SKIP","floor":10},{"not_picked":["Bouncing Flask","Blade Dance","Endless Agony"],"picked":"SKIP","floor":12},{"not_picked":["Prepared","Poisoned Stab"],"picked":"Cloak And Dagger","floor":13},{"not_picked":["Calculated Gamble","Poisoned Stab"],"picked":"Catalyst","floor":18},{"not_picked":["Bane","Deflect","Skewer"],"picked":"SKIP","floor":19},{"not_picked":["Bane","Expertise","Heel Hook"],"picked":"SKIP","floor":23},{"not_picked":["Skewer","Dagger Spray","Dagger Throw"],"picked":"SKIP","floor":24},{"not_picked":["Dagger Throw","PiercingWail","Storm of Steel"],"picked":"SKIP","floor":25},{"not_picked":["Riddle With Holes+1","Concentrate+1"],"picked":"Backflip","floor":27},{"not_picked":["Deadly Poison","Sucker Punch+1","Acrobatics"],"picked":"SKIP","floor":29},{"not_picked":["Quick Slash+1","Underhanded Strike","Slice"],"picked":"SKIP","floor":30}],"player_experience":540702,"relics_obtained":[{"floor":7,"key":"Dream Catcher"},{"floor":9,"key":"Gremlin Horn"},{"floor":10,"key":"Vajra"},{"floor":23,"key":"Blood Vial"},{"floor":26,"key":"Centennial Puzzle"},{"floor":29,"key":"Old Coin"}],"event_choices":[{"cards_removed":["Strike_G"],"damage_healed":0,"gold_gain":0,"player_choice":"Card Removal","damage_taken":7,"max_hp_gain":0,"max_hp_loss":0,"event_name":"Golden Wing","floor":4,"gold_loss":0},{"damage_healed":0,"gold_gain":0,"player_choice":"Success","damage_taken":7,"relics_obtained":["Pear"],"max_hp_gain":0,"max_hp_loss":0,"event_name":"Scrap Ooze","floor":5,"gold_loss":0},{"damage_healed":0,"gold_gain":0,"player_choice":"Ignored","damage_taken":0,"max_hp_gain":0,"max_hp_loss":0,"event_name":"Shining Light","floor":11,"gold_loss":0},{"damage_healed":0,"gold_gain":0,"player_choice":"Lose Max HP","damage_taken":0,"relics_obtained":["Golden Idol"],"max_hp_gain":0,"max_hp_loss":6,"event_name":"Golden Idol","floor":14,"gold_loss":0},{"damage_healed":0,"gold_gain":0,"cards_transformed":["Strike_G","Strike_G"],"player_choice":"Became Test Subject","damage_taken":0,"max_hp_gain":0,"max_hp_loss":0,"event_name":"Drug Dealer","floor":20,"gold_loss":0,"cards_obtained":["A Thousand Cuts","Deadly Poison"]},{"cards_removed":["Strike_G"],"damage_healed":0,"gold_gain":0,"player_choice":"Upgrade and Remove","damage_taken":0,"max_hp_gain":0,"max_hp_loss":0,"event_name":"Designer","floor":21,"gold_loss":90,"cards_upgraded":["Defend_G"]},{"cards_removed":["Strike_G"],"damage_healed":0,"gold_gain":0,"player_choice":"Elegance","damage_taken":0,"max_hp_gain":0,"max_hp_loss":0,"event_name":"Back to Basics","floor":31,"gold_loss":0}],"is_beta":false,"boss_relics":[{"not_picked":["Ectoplasm","Empty Cage"],"picked":"Sozu"}],"items_purged_floors":[28],"is_endless":false,"potions_floor_spawned":[2,7,12,13,16,19,24],"killed_by":"Collector","ascension_level":12}