{"gold_per_floor":[114,131,149,168,168,168,186,214,239,239,250,264,364,380,380,456,456,472,472,482,499,101,101,128,128,182,229,241,273,299,344,356,368],"floor_reached":33,"playtime":2474,"items_purged":["Strike_B"],"score":498,"play_id":"4fa12a04-eab8-483d-8783-c747c7a0c3a9","local_time":"20190529115904","is_ascension_mode":true,"campfire_choices":[{"data":"Doom and Gloom","floor":6.0,"key":"SMITH"},{"floor":10.0,"key":"REST"},{"floor":15.0,"key":"REST"},{"floor":23,"key":"REST"},{"floor":28,"key":"REST"},{"floor":32,"key":"REST"}],"neow_cost":"NONE","seed_source_timestamp":1181864786049230,"circlet_count":0,"master_deck":["AscendersBane","Strike_B","Strike_B","Defend_B","Defend_B","Defend_B","Defend_B","Zap","Dualcast","Gash","Steam","Doom and Gloom+1","Ball Lightning","Coolheaded","Undo","Coolheaded","Electrodynamics","Hologram+1","Capacitor","Compile Driver","Creative AI","Go for the Eyes","Reinforced Body","Buffer","Self Repair","Glacier+1"],"special_seed":0,"relics":["Du-Vu Doll","Strawberry","Fusion Hammer","PreservedInsect","Lantern","Nloth\u0027s Gift","MawBank","Boot","Red Mask"],"potions_floor_usage":[19,24,30,33],"damage_taken":[{"damage":1.0,"enemies":"Cultist","floor":1.0,"turns":4.0},{"damage":0.0,"enemies":"Small Slimes","floor":2.0,"turns":3.0},{"damage":12.0,"enemies":"Jaw Worm","floor":3.0,"turns":2.0},{"damage":7.0,"enemies":"Gremlin Gang","floor":4.0,"turns":3.0},{"damage":0.0,"enemies":"Looter","floor":7.0,"turns":2.0},{"damage":19.0,"enemies":"3 Sentries","floor":8.0,"turns":4.0},{"damage":2.0,"enemies":"Blue Slaver","floor":11.0,"turns":2.0},{"damage":23.0,"enemies":"Exordium Thugs","floor":12.0,"turns":5.0},{"damage":6.0,"enemies":"Large Slime","floor":14.0,"turns":4.0},{"damage":4.0,"enemies":"The Guardian","floor":16.0,"turns":10.0},{"damage":22.0,"enemies":"2 Thieves","floor":18.0,"turns":4.0},{"damage":0,"enemies":"Chosen","floor":19,"turns":1},{"damage":0,"enemies":"Snecko","floor":20,"turns":5},{"damage":9,"enemies":"Centurion and Healer","floor":21,"turns":6},{"damage":23,"enemies":"Book of Stabbing","floor":24,"turns":7},{"damage":6,"enemies":"Gremlin Leader","floor":27,"turns":6},{"damage":9,"enemies":"Cultist and Chosen","floor":29,"turns":6},{"damage":9,"enemies":"Chosen and Byrds","floor":30,"turns":5},{"damage":19,"enemies":"Masked Bandits","floor":31,"turns":4},{"damage":38,"enemies":"Collector","floor":33,"turns":7}],"seed_played":"4256498872734613564","potions_obtained":[{"floor":11.0,"key":"Dexterity Potion"},{"floor":12.0,"key":"FocusPotion"},{"floor":14.0,"key":"SpeedPotion"},{"floor":18.0,"key":"SmokeBomb"},{"floor":21,"key":"Weak Potion"},{"floor":24,"key":"GamblersBrew"}],"is_trial":false,"path_per_floor":["M","M","M","M","?","R","M","E","T","R","M","M","?","M","R","B",null,"M","M","M","M","$","R","E","?","T","E","R","M","M","?","R","B"],"character_chosen":"DEFECT","items_purchased":["PreservedInsect","Creative AI","Go for the Eyes"],"campfire_rested":5,"item_purchase_floors":[22,22,22],"current_hp_per_floor":[63,63,51,44,37,37,37,18,25,48,46,23,23,17,40,36,68,46,46,46,37,37,60,37,37,37,31,54,45,43,31,54,16],"gold":368,"neow_bonus":"THREE_CARDS","is_prod":false,"is_daily":false,"chose_seed":false,"campfire_upgraded":1,"win_rate":0,"timestamp":1559123944,"path_taken":["M","M","M","?","?","R","M","E","T","R","M","M","?","?","R","BOSS","M","M","?","M","$","R","E","?","T","E","R","M","?","?","R","BOSS"],"build_version":"2019-01-23","purchased_purges":1,"victory":false,"max_hp_per_floor":[71,71,71,71,71,71,71,71,78,78,78,78,78,78,78,78,78,78,78,78,78,78,78,78,78,78,78,78,78,78,78,78,78],"card_choices":[{"not_picked":["Steam","Static Discharge"],"picked":"Gash","floor":0.0},{"not_picked":["Turbo","Conserve Battery"],"picked":"Steam","floor":1.0},{"not_picked":["Cold Snap","Beam Cell"],"picked":"Doom and Gloom","floor":2.0},{"not_picked":["Reprogram","Darkness"],"picked":"Ball Lightning","floor":3.0},{"not_picked":["Steam","FTL"],"picked":"Coolheaded","floor":4.0},{"not_picked":["Reprogram","Heatsinks","Rebound"],"picked":"SKIP","floor":7.0},{"not_picked":["Fission","Turbo","Doom and Gloom"],"picked":"SKIP","floor":8.0},{"not_picked":["Streamline","Go for the Eyes"],"picked":"Undo","floor":11.0},{"not_picked":["Cold Snap","Stack"],"picked":"Coolheaded","floor":12.0},{"not_picked":["Skim","Streamline","Sweeping Beam"],"picked":"SKIP","floor":14.0},{"not_picked":["Thunder Strike","Fission"],"picked":"Electrodynamics","floor":16.0},{"not_picked":["Beam Cell","Coolheaded"],"picked":"Hologram+1","floor":18.0},{"not_picked":["BootSequence","Conserve Battery"],"picked":"Capacitor","floor":20},{"not_picked":["Steam","Sweeping Beam"],"picked":"Compile Driver","floor":21},{"not_picked":["Turbo","Cold Snap"],"picked":"Reinforced Body","floor":24},{"not_picked":["Rebound","Blizzard"],"picked":"Buffer","floor":27},{"not_picked":["Conserve Battery","Sweeping Beam"],"picked":"Self Repair","floor":29},{"not_picked":["Reprogram","Leap","Turbo"],"picked":"SKIP","floor":30},{"not_picked":["Go for the Eyes","Redo"],"picked":"Glacier+1","floor":31}],"player_experience":692795,"relics_obtained":[{"floor":8.0,"key":"Du-Vu Doll"},{"floor":9.0,"key":"Strawberry"},{"floor":24,"key":"Lantern"},{"floor":26,"key":"MawBank"},{"floor":27,"key":"Boot"},{"floor":31,"key":"Red Mask"}],"event_choices":[{"cards_removed":["Strike_B"],"damage_healed":0.0,"max_hp_gain":0.0,"max_hp_loss":0.0,"gold_gain":0.0,"event_name":"Golden Wing","player_choice":"Card Removal","floor":5.0,"gold_loss":0.0,"damage_taken":7.0},{"damage_healed":0.0,"max_hp_gain":0.0,"max_hp_loss":0.0,"gold_gain":100.0,"event_name":"Wheel of Change","player_choice":"Gold","floor":13.0,"gold_loss":0.0,"damage_taken":0.0},{"damage_healed":0,"gold_gain":0,"player_choice":"Traded Relic","damage_taken":0,"relics_obtained":["Nloth\u0027s Gift"],"max_hp_gain":0,"max_hp_loss":0,"event_name":"N\u0027loth","floor":25,"relics_lost":["Cracked Core"],"gold_loss":0},{"damage_healed":0,"gold_gain":0,"player_choice":"Fought Bandits","damage_taken":0,"max_hp_gain":0,"max_hp_loss":0,"event_name":"Masked Bandits","floor":31,"gold_loss":0}],"is_beta":false,"boss_relics":[{"not_picked":["Ectoplasm","Lizard Tail"],"picked":"Fusion Hammer"}],"items_purged_floors":[22],"is_endless":false,"potions_floor_spawned":[11,12,14,18,21,24,29],"killed_by":"Collector","ascension_level":14}