{"gold_per_floor":[114,129,129,129,148,148,186,186,186,205,86,51,51,51,51,51],"floor_reached":16,"playtime":623,"items_purged":[],"score":98,"play_id":"f584db94-85d5-4241-a309-9cce55a96f98","local_time":"20190616201023","daily_mods":["Chimera","Red Cards","Terminal"],"is_ascension_mode":false,"campfire_choices":[{"data":"Outmaneuver","floor":6,"key":"SMITH"},{"data":"Barricade","floor":8,"key":"SMITH"},{"data":"1","floor":15,"key":"LIFT"}],"neow_cost":"","seed_source_timestamp":0,"circlet_count":0,"master_deck":["Bash","Survivor","Zap","Strike_R","Strike_G","Strike_B","Defend_R","Defend_G","Defend_B+1","Outmaneuver","Terror","Outmaneuver+1","Barricade+1","Shrug It Off+1","Caltrops","Backstab+1"],"special_seed":18064,"relics":["Ring of the Snake","Golden Idol","Girya","Molten Egg 2"],"potions_floor_usage":[7,7,10],"damage_taken":[{"damage":0,"enemies":"Small Slimes","floor":1,"turns":3},{"damage":0,"enemies":"Cultist","floor":2,"turns":4},{"damage":0,"enemies":"2 Louse","floor":5,"turns":4},{"damage":23,"enemies":"Gremlin Nob","floor":7,"turns":5},{"damage":0,"enemies":"Exordium Wildlife","floor":10,"turns":5},{"damage":41,"enemies":"Slime Boss","floor":16,"turns":11}],"seed_played":"-5582674869873020994","potions_obtained":[{"floor":2,"key":"Weak Potion"},{"floor":5,"key":"GamblersBrew"},{"floor":10,"key":"Fruit Juice"}],"is_trial":false,"path_per_floor":["M","M","?","?","M","R","E","R","T","M","$","?","$","?","R","B"],"character_chosen":"THE_SILENT","items_purchased":["Caltrops","Backstab+1"],"campfire_rested":0,"item_purchase_floors":[11,11],"current_hp_per_floor":[68,67,51,51,51,51,28,28,28,33,33,48,48,36,36,0],"gold":51,"neow_bonus":"","is_prod":false,"is_daily":true,"chose_seed":false,"campfire_upgraded":2,"win_rate":0,"timestamp":1560741023,"path_taken":["M","M","?","?","?","R","E","R","T","?","$","?","$","?","R","BOSS"],"build_version":"2019-01-23","purchased_purges":0,"victory":false,"max_hp_per_floor":[68,67,66,65,64,63,62,61,60,64,63,62,61,60,59,59],"card_choices":[{"not_picked":["Flechettes","Combust"],"picked":"Outmaneuver","floor":1},{"not_picked":["Armaments","Dodge and Roll"],"picked":"Terror","floor":2},{"not_picked":["Second Wind","Prepared"],"picked":"Outmaneuver","floor":5},{"not_picked":["Armaments","Quick Slash"],"picked":"Barricade","floor":7},{"not_picked":["Armaments","Quick Slash+1"],"picked":"Shrug It Off","floor":10}],"player_experience":644177,"relics_obtained":[{"floor":7,"key":"Girya"},{"floor":9,"key":"Molten Egg 2"}],"event_choices":[{"damage_healed":0,"gold_gain":0,"player_choice":"Take Damage","damage_taken":16,"relics_obtained":["Golden Idol"],"max_hp_gain":0,"max_hp_loss":0,"event_name":"Golden Idol","floor":3,"gold_loss":0},{"damage_healed":0,"gold_gain":0,"player_choice":"Bought 0 Potions","damage_taken":0,"max_hp_gain":0,"max_hp_loss":0,"event_name":"The Woman in Blue","floor":4,"gold_loss":0},{"damage_healed":15,"gold_gain":0,"player_choice":"Healed","damage_taken":0,"max_hp_gain":0,"max_hp_loss":0,"event_name":"The Cleric","floor":12,"gold_loss":35},{"damage_healed":0,"gold_gain":0,"player_choice":"Entered Light","damage_taken":12,"max_hp_gain":0,"max_hp_loss":0,"event_name":"Shining Light","floor":14,"gold_loss":0,"cards_upgraded":["Shrug It Off","Defend_B"]}],"is_beta":false,"boss_relics":[],"items_purged_floors":[],"is_endless":false,"potions_floor_spawned":[2,5,10],"killed_by":"Slime Boss","ascension_level":0}