{"gold_per_floor":[110,110,32,32,32,59,59,59,59,59,74,74,74,87,87,185,235,249,249,265,291,307,307,407,407,407,407],"floor_reached":27,"playtime":783,"items_purged":[],"score":290,"play_id":"a26d1138-b33d-4371-8d30-f69be24045f9","local_time":"20190119003325","is_ascension_mode":true,"campfire_choices":[{"data":"Noxious Fumes","floor":7,"key":"SMITH"},{"floor":15,"key":"REST"},{"floor":23,"key":"REST"},{"data":"A Thousand Cuts","floor":25,"key":"SMITH"}],"neow_cost":"NONE","seed_source_timestamp":911697192704654,"circlet_count":0,"master_deck":["Defend_G","Defend_G","Defend_G","Defend_G","Defend_G","Strike_G+1","Strike_G+1","Strike_G+1","Strike_G","Survivor","Neutralize","Bouncing Flask+1","Noxious Fumes+1","Crippling Poison","A Thousand Cuts+1","Well Laid Plans","Crippling Poison","Writhe","Blur","Tools of the Trade"],"relics":["Ring of the Snake","Potion Belt","Ninja Scroll","Shuriken","Girya","Darkstone Periapt","Tiny House","Omamori","Vajra","Dream Catcher"],"potions_floor_usage":[16,16,16,22],"damage_taken":[{"damage":0,"enemies":"2 Louse","floor":1,"turns":3},{"damage":22,"enemies":"Lagavulin","floor":6,"turns":5},{"damage":0,"enemies":"Small Slimes","floor":11,"turns":2},{"damage":0,"enemies":"Cultist","floor":14,"turns":3},{"damage":32,"enemies":"Slime Boss","floor":16,"turns":8},{"damage":18,"enemies":"Spheric Guardian","floor":18,"turns":4},{"damage":11,"enemies":"3 Byrds","floor":20,"turns":4},{"damage":27,"enemies":"Snake Plant","floor":22,"turns":5},{"damage":39,"enemies":"Shelled Parasite and Fungi","floor":27,"turns":5}],"seed_played":"7819819218925683225","potions_obtained":[{"floor":1,"key":"PowerPotion"},{"floor":11,"key":"PowerPotion"},{"floor":14,"key":"PowerPotion"},{"floor":17,"key":"SpeedPotion"}],"is_trial":false,"path_per_floor":["M","?","$","?","?","E","R","?","T","?","M","T","?","M","R","B",null,"M","?","M","T","M","R","?","R","T","M"],"character_chosen":"THE_SILENT","items_purchased":["Noxious Fumes"],"campfire_rested":2,"item_purchase_floors":[3],"current_hp_per_floor":[63,56,56,56,44,22,22,22,22,27,27,27,13,13,34,2,58,40,46,35,35,8,32,32,32,32,0],"gold":407,"neow_bonus":"RANDOM_COMMON_RELIC","is_prod":false,"is_daily":false,"chose_seed":false,"campfire_upgraded":2,"win_rate":0,"timestamp":1547886805,"path_taken":["M","?","$","?","?","E","R","?","T","?","?","?","?","M","R","BOSS","M","?","M","?","M","R","?","R","T","?"],"build_version":"2019-01-17v2","purchased_purges":0,"victory":false,"max_hp_per_floor":[70,70,70,70,70,70,70,70,70,70,70,70,70,70,70,70,75,75,81,81,81,81,81,81,81,81,81],"card_choices":[{"not_picked":["Quick Slash","Sucker Punch"],"picked":"Bouncing Flask","floor":1},{"not_picked":["Poisoned Stab","Dagger Spray"],"picked":"Deadly Poison","floor":6},{"not_picked":["Dagger Spray","Concentrate"],"picked":"Crippling Poison","floor":11},{"not_picked":["Deflect","Outmaneuver","Dodge and Roll"],"picked":"SKIP","floor":14},{"not_picked":["Storm of Steel","Unload"],"picked":"A Thousand Cuts","floor":16},{"not_picked":["Masterful Stab","Outmaneuver"],"picked":"Well Laid Plans","floor":17},{"not_picked":["PiercingWail","Acrobatics"],"picked":"Crippling Poison","floor":18},{"not_picked":["Caltrops+1","Backflip+1"],"picked":"Blur","floor":20},{"not_picked":["Prepared+1","Bane"],"picked":"Tools of the Trade","floor":22}],"player_experience":361078,"relics_obtained":[{"floor":6,"key":"Shuriken"},{"floor":9,"key":"Girya"},{"floor":12,"key":"Darkstone Periapt"},{"floor":21,"key":"Vajra"},{"floor":26,"key":"Dream Catcher"}],"event_choices":[{"cards_removed":["Strike_G"],"damage_healed":0,"gold_gain":0,"player_choice":"Card Removal","damage_taken":7,"max_hp_gain":0,"max_hp_loss":0,"event_name":"Golden Wing","floor":2,"gold_loss":0},{"damage_healed":0,"gold_gain":0,"player_choice":"Ignored","damage_taken":0,"max_hp_gain":0,"max_hp_loss":0,"event_name":"Liars Game","floor":4,"gold_loss":0},{"damage_healed":0,"gold_gain":0,"player_choice":"Success","damage_taken":12,"relics_obtained":["Ninja Scroll"],"max_hp_gain":0,"max_hp_loss":0,"event_name":"Scrap Ooze","floor":5,"gold_loss":0},{"damage_healed":0,"gold_gain":0,"player_choice":"Grow","damage_taken":0,"max_hp_gain":0,"max_hp_loss":0,"event_name":"Living Wall","floor":8,"gold_loss":0,"cards_upgraded":["Bouncing Flask"]},{"cards_removed":["Deadly Poison"],"damage_healed":5,"gold_gain":0,"player_choice":"Offered Common","damage_taken":0,"max_hp_gain":0,"max_hp_loss":0,"event_name":"Bonfire Elementals","floor":10,"gold_loss":0},{"cards_removed":["Deadly Poison"],"damage_healed":5,"gold_gain":0,"player_choice":"Offered Special","damage_taken":0,"max_hp_gain":0,"max_hp_loss":0,"event_name":"Bonfire Elementals","floor":10,"gold_loss":0},{"damage_healed":0,"gold_gain":0,"player_choice":"Entered Light","damage_taken":14,"max_hp_gain":0,"max_hp_loss":0,"event_name":"Shining Light","floor":13,"gold_loss":0,"cards_upgraded":["Strike_G","Strike_G"]},{"damage_healed":0,"gold_gain":0,"player_choice":"Opened","damage_taken":0,"relics_obtained":["Omamori"],"max_hp_gain":0,"max_hp_loss":0,"event_name":"The Mausoleum","floor":19,"gold_loss":0,"cards_obtained":["Writhe"]},{"damage_healed":0,"gold_gain":100,"player_choice":"Pray","damage_taken":0,"max_hp_gain":0,"max_hp_loss":0,"event_name":"Golden Shrine","floor":24,"gold_loss":0}],"is_beta":false,"boss_relics":[{"not_picked":["Sozu","Ectoplasm"],"picked":"Tiny House"}],"items_purged_floors":[],"is_endless":false,"potions_floor_spawned":[1,11,14],"killed_by":"Shelled Parasite and Fungi","ascension_level":8}