{"gold_per_floor":[114,129,54,69,69,69,84,99,99,114,114,129,129,144,144,244,244,259,274,289,289,89,119,134,134,209,209,239,254,254,269,269,369,369,384,47,62,62,62,62,77,92,117,117,132,147,147,162,162,162],"floor_reached":50,"playtime":3145,"items_purged":["Slice"],"score":607,"play_id":"17bd0882-1857-4520-bcd0-22f681cbb2f0","local_time":"20190101180836","daily_mods":["Insanity","Colorless Cards","Terminal"],"is_ascension_mode":false,"campfire_choices":[{"data":"Mind Blast","floor":6,"key":"SMITH"},{"data":"Calculated Gamble","floor":11,"key":"SMITH"},{"data":"Infinite Blades","floor":13,"key":"SMITH"},{"data":"Noxious Fumes","floor":15,"key":"SMITH"},{"floor":25,"key":"REST"},{"data":"Finisher","floor":27,"key":"SMITH"},{"data":"Deadly Poison","floor":32,"key":"SMITH"},{"floor":40,"key":"REST"},{"floor":49,"key":"REST"}],"neow_cost":"","seed_source_timestamp":986201566123143,"circlet_count":0,"master_deck":["Dagger Spray","Deadly Poison+1","Acrobatics","Expertise","PiercingWail","Blade Dance","Deflect","Dagger Spray","Finisher+1","Expertise","Mind Blast+1","Sucker Punch","Leg Sweep","Dodge and Roll","Jack Of All Trades","PiercingWail","Terror","Bane","Acrobatics","Deadly Poison","Cloak And Dagger","Dagger Throw","Flying Knee","Deadly Poison","PiercingWail","Masterful Stab","Caltrops","Dodge and Roll","Well Laid Plans","All Out Attack","Infinite Blades","Deflect","Quick Slash","Dodge and Roll","Slice","Trip","PiercingWail","Quick Slash","Calculated Gamble+1","Skewer","Good Instincts","Infinite Blades","Bane","Underhanded Strike","Crippling Poison","Underhanded Strike","Cloak And Dagger","Leg Sweep","Discovery","Concentrate","Dagger Spray","Dodge and Roll","Infinite Blades+1","Quick Slash","Endless Agony","Noxious Fumes+1","Sucker Punch","Cloak And Dagger+1","Adrenaline","Backflip","Terror+1","Backflip","Bandage Up+1","Skewer","RitualDagger","Poisoned Stab","Storm of Steel","Poisoned Stab","Noxious Fumes","Outmaneuver","Trip","Bandage Up","Pain","Calculated Gamble","Flying Knee+1","Decay","Leg Sweep+1","Predator","Blade Dance+1"],"special_seed":17898,"relics":["Ring of the Snake","Meat on the Bone","Sozu","ClockworkSouvenir","Regal Pillow","Darkstone Periapt","Thread and Needle","Cursed Key","Dead Branch","WarpedTongs","Blood Vial","NlothsMask"],"potions_floor_usage":[28,33,33],"damage_taken":[{"damage":0,"enemies":"Jaw Worm","floor":1,"turns":1},{"damage":0,"enemies":"Cultist","floor":2,"turns":1},{"damage":0,"enemies":"2 Louse","floor":4,"turns":2},{"damage":0,"enemies":"2 Fungi Beasts","floor":7,"turns":2},{"damage":0,"enemies":"Blue Slaver","floor":8,"turns":1},{"damage":0,"enemies":"Exordium Wildlife","floor":10,"turns":2},{"damage":2,"enemies":"Lots of Slimes","floor":12,"turns":4},{"damage":0,"enemies":"Looter","floor":14,"turns":1},{"damage":21,"enemies":"The Guardian","floor":16,"turns":6},{"damage":1,"enemies":"Shell Parasite","floor":18,"turns":2},{"damage":0,"enemies":"3 Byrds","floor":19,"turns":2},{"damage":9,"enemies":"Centurion and Healer","floor":20,"turns":3},{"damage":14,"enemies":"Slavers","floor":23,"turns":4},{"damage":0,"enemies":"3 Cultists","floor":24,"turns":4},{"damage":5,"enemies":"Book of Stabbing","floor":28,"turns":4},{"damage":0,"enemies":"Shelled Parasite and Fungi","floor":29,"turns":2},{"damage":8,"enemies":"Snake Plant","floor":31,"turns":2},{"damage":20,"enemies":"Automaton","floor":33,"turns":7},{"damage":7,"enemies":"3 Shapes","floor":35,"turns":4},{"damage":0,"enemies":"Orb Walker","floor":37,"turns":1},{"damage":6,"enemies":"Sphere and 2 Shapes","floor":41,"turns":3},{"damage":0,"enemies":"Transient","floor":42,"turns":5},{"damage":1,"enemies":"Spire Growth","floor":45,"turns":2},{"damage":5,"enemies":"3 Darklings","floor":46,"turns":4},{"damage":9,"enemies":"Transient","floor":48,"turns":5},{"damage":49,"enemies":"Time Eater","floor":50,"turns":8}],"seed_played":"-1260152558293365806","potions_obtained":[{"floor":4,"key":"AttackPotion"},{"floor":7,"key":"LiquidBronze"},{"floor":12,"key":"Explosive Potion"}],"is_trial":false,"path_per_floor":["M","M","$","M","?","R","M","M","T","M","R","M","R","M","R","B",null,"M","M","M","?","$","E","M","R","T","R","E","M","?","M","R","B",null,"M","$","M","?","?","R","M","M","T","?","M","M","?","M","R","B"],"character_chosen":"THE_SILENT","items_purchased":["ClockworkSouvenir","Noxious Fumes","Dead Branch"],"campfire_rested":3,"item_purchase_floors":[22,36,36],"current_hp_per_floor":[68,67,66,65,64,63,62,61,60,59,58,56,56,55,54,33,52,51,50,41,41,41,27,27,44,43,42,37,37,31,23,23,21,35,28,28,28,23,29,35,34,33,38,37,36,31,31,25,32,0],"gold":162,"neow_bonus":"","is_prod":false,"is_daily":true,"chose_seed":false,"campfire_upgraded":6,"win_rate":0,"timestamp":1546394916,"path_taken":["M","M","$","M","?","R","M","?","T","M","R","M","R","M","R","BOSS","M","M","M","?","$","E","M","R","T","R","E","M","?","M","R","BOSS","M","$","M","?","?","R","M","?","T","?","M","?","?","?","R","BOSS"],"build_version":"2018-12-20","purchased_purges":1,"victory":false,"max_hp_per_floor":[68,67,66,65,64,63,62,61,60,59,58,57,56,55,54,53,52,51,50,49,48,47,46,45,44,43,42,41,40,39,38,37,36,35,34,33,32,31,36,35,34,33,38,37,36,35,34,33,32,32],"card_choices":[{"not_picked":["Cloak And Dagger","Bane"],"picked":"Discovery","floor":1},{"not_picked":["Dodge and Roll","Choke"],"picked":"Concentrate","floor":2},{"not_picked":["Sucker Punch","Masterful Stab"],"picked":"Dagger Spray","floor":4},{"not_picked":["Flying Knee","Outmaneuver"],"picked":"Dodge and Roll","floor":7},{"not_picked":["Poisoned Stab","Impatience"],"picked":"Infinite Blades","floor":8},{"not_picked":["Distraction","Heel Hook"],"picked":"Quick Slash","floor":10},{"not_picked":["Blade Dance","Impatience"],"picked":"Endless Agony","floor":12},{"not_picked":["Acrobatics","Underhanded Strike"],"picked":"Noxious Fumes","floor":14},{"not_picked":["Slice","Infinite Blades"],"picked":"Sucker Punch","floor":18},{"not_picked":["Outmaneuver","Flechettes"],"picked":"Cloak And Dagger+1","floor":19},{"not_picked":["Setup","All Out Attack"],"picked":"Adrenaline","floor":20},{"not_picked":["Well Laid Plans","Finesse"],"picked":"Terror+1","floor":23},{"not_picked":["Dagger Throw","Deadly Poison"],"picked":"Backflip","floor":24},{"not_picked":["Leg Sweep","Prepared"],"picked":"Bandage Up+1","floor":28},{"not_picked":["PiercingWail","Doppelganger"],"picked":"Skewer","floor":29},{"not_picked":["Tactician","Deflect"],"picked":"Poisoned Stab","floor":31},{"not_picked":["Glass Knife","Violence"],"picked":"Storm of Steel","floor":33},{"not_picked":["Prepared","Blade Dance"],"picked":"Poisoned Stab","floor":35},{"not_picked":["Slice+1","Impatience+1"],"picked":"Outmaneuver","floor":37},{"not_picked":["Thinking Ahead","Forethought"],"picked":"Trip","floor":38},{"not_picked":["Swift Strike","Deep Breath"],"picked":"Bandage Up","floor":38},{"not_picked":["Prepared+1","Deflect"],"picked":"Calculated Gamble","floor":41},{"not_picked":["Dagger Spray","Blade Dance"],"picked":"Flying Knee+1","floor":42},{"not_picked":["Secret Technique","Eviscerate+1"],"picked":"Leg Sweep+1","floor":45},{"not_picked":["Backflip+1","Blade Dance"],"picked":"Predator","floor":46},{"not_picked":["PiercingWail+1","Accuracy"],"picked":"Blade Dance+1","floor":48}],"player_experience":253381,"relics_obtained":[{"floor":9,"key":"Meat on the Bone"},{"floor":23,"key":"Regal Pillow"},{"floor":26,"key":"Darkstone Periapt"},{"floor":28,"key":"Thread and Needle"},{"floor":43,"key":"Blood Vial"}],"event_choices":[{"cards_removed":["PanicButton"],"damage_healed":0,"gold_gain":0,"player_choice":"Offered Uncommon","damage_taken":0,"max_hp_gain":0,"max_hp_loss":0,"event_name":"Bonfire Elementals","floor":5,"gold_loss":0},{"damage_healed":0,"gold_gain":0,"player_choice":"Read","damage_taken":0,"max_hp_gain":0,"max_hp_loss":0,"event_name":"The Library","floor":21,"gold_loss":0,"cards_obtained":["Backflip"]},{"damage_healed":0,"gold_gain":0,"player_choice":"Joined the Cult","damage_taken":6,"max_hp_gain":0,"max_hp_loss":0,"event_name":"Nest","floor":30,"gold_loss":0,"cards_obtained":["RitualDagger"]},{"damage_healed":0,"gold_gain":0,"player_choice":"Memory 2","damage_taken":5,"max_hp_gain":0,"max_hp_loss":0,"event_name":"SensoryStone","floor":38,"gold_loss":0},{"damage_healed":0,"gold_gain":0,"player_choice":"Rummage","damage_taken":0,"relics_obtained":["WarpedTongs"],"max_hp_gain":0,"max_hp_loss":0,"event_name":"Accursed Blacksmith","floor":39,"gold_loss":0,"cards_obtained":["Pain"]},{"damage_healed":0,"gold_gain":0,"player_choice":"Trade","damage_taken":0,"relics_obtained":["NlothsMask"],"max_hp_gain":0,"max_hp_loss":0,"event_name":"FaceTrader","floor":44,"gold_loss":0},{"damage_healed":0,"gold_gain":0,"player_choice":"0 cards matched","damage_taken":0,"max_hp_gain":0,"max_hp_loss":0,"event_name":"Match and Keep!","floor":47,"gold_loss":0,"cards_obtained":[]}],"is_beta":false,"boss_relics":[{"not_picked":["Snecko Eye","Tiny House"],"picked":"Sozu"},{"not_picked":["Runic Dome","Coffee Dripper"],"picked":"Cursed Key"}],"items_purged_floors":[3],"is_endless":false,"potions_floor_spawned":[4,7,12,14,18,23,29,31,35,41,45,46],"killed_by":"Time Eater","ascension_level":0}