{"gold_per_floor":[110,40,53,53,53,53,81,81,81,93,105,132,132,150,150,254,254,265,315,332,29,29,61,61,77,77,77,409,409,409,422,422,422],"floor_reached":33,"playtime":1912,"items_purged":[],"score":423,"play_id":"f701e9d1-89a3-4b87-acfc-733bb0374ad9","local_time":"20190317125321","is_ascension_mode":true,"campfire_choices":[{"data":"Streamline","floor":6.0,"key":"SMITH"},{"data":"Zap","floor":8.0,"key":"SMITH"},{"data":"Leap","floor":13.0,"key":"SMITH"},{"data":"Melter","floor":15,"key":"SMITH"},{"floor":24,"key":"REST"},{"floor":29,"key":"DIG"},{"floor":32,"key":"REST"}],"neow_cost":"NONE","seed_source_timestamp":162599988969929,"circlet_count":0,"master_deck":["Strike_B","Strike_B","Strike_B","Defend_B","Defend_B","Defend_B","Defend_B","Zap+1","Dualcast","Defragment+1","Echo Form","Streamline+1","Leap+1","Gash","Defragment","Steam","Melter+1","Core Surge","Steam Power+1","Hologram","BootSequence"],"special_seed":0,"relics":["Cracked Core","NeowsBlessing","Mango","Orichalcum","Bottled Tornado","Philosopher\u0027s Stone","Shovel","Bronze Scales","Singing Bowl","Old Coin","Ancient Tea Set","Nilry\u0027s Codex"],"potions_floor_usage":[23,28,28,33],"damage_taken":[{"damage":0.0,"enemies":"Small Slimes","floor":1.0,"turns":1.0},{"damage":0.0,"enemies":"Jaw Worm","floor":3.0,"turns":1.0},{"damage":0.0,"enemies":"Gremlin Nob","floor":7.0,"turns":1.0},{"damage":0.0,"enemies":"Cultist","floor":10.0,"turns":2.0},{"damage":1.0,"enemies":"3 Louse","floor":11.0,"turns":2.0},{"damage":8.0,"enemies":"3 Sentries","floor":12.0,"turns":5.0},{"damage":14,"enemies":"Exordium Thugs","floor":14,"turns":4},{"damage":11,"enemies":"The Guardian","floor":16,"turns":9},{"damage":8,"enemies":"Shell Parasite","floor":18,"turns":5},{"damage":0,"enemies":"Spheric Guardian","floor":20,"turns":2},{"damage":45,"enemies":"Slavers","floor":23,"turns":5},{"damage":10,"enemies":"Shelled Parasite and Fungi","floor":25,"turns":4},{"damage":29,"enemies":"Gremlin Leader","floor":28,"turns":8},{"damage":8,"enemies":"Centurion and Healer","floor":31,"turns":4},{"damage":65,"enemies":"Automaton","floor":33,"turns":6}],"seed_played":"-4584147179573230831","potions_obtained":[{"floor":1.0,"key":"GamblersBrew"},{"floor":10.0,"key":"Energy Potion"},{"floor":12.0,"key":"FairyPotion"},{"floor":14,"key":"Explosive Potion"},{"floor":18,"key":"FocusPotion"},{"floor":20,"key":"Dexterity Potion"},{"floor":23,"key":"Energy Potion"}],"is_trial":false,"path_per_floor":["M","$","M","?","?","R","E","R","T","M","M","E","R","M","R","B",null,"M","?","M","$","$","E","R","M","T","?","E","R","?","M","R","B"],"character_chosen":"DEFECT","items_purchased":["Echo Form","Shovel"],"campfire_rested":2,"item_purchase_floors":[2,21],"current_hp_per_floor":[75,75,75,68,68,68,82,82,82,82,81,73,73,59,59,48,79,71,71,71,71,71,26,52,42,42,71,44,44,28,22,49,0],"gold":422,"neow_bonus":"THREE_ENEMY_KILL","is_prod":false,"is_daily":false,"chose_seed":false,"campfire_upgraded":4,"win_rate":0,"timestamp":1552816401,"path_taken":["M","$","M","?","?","R","E","R","T","?","M","E","R","M","R","BOSS","M","?","M","?","$","E","R","M","T","?","E","R","?","M","R","BOSS"],"build_version":"2019-01-23","purchased_purges":0,"victory":false,"max_hp_per_floor":[75,75,75,75,75,75,89,89,89,89,89,89,89,89,89,89,89,89,89,89,89,89,89,89,89,89,89,91,91,91,93,93,93],"card_choices":[{"not_picked":["Compile Driver","Hologram"],"picked":"Defragment","floor":1.0},{"not_picked":["BootSequence","Compile Driver"],"picked":"Streamline","floor":3.0},{"not_picked":["Darkness","Barrage"],"picked":"Leap","floor":7.0},{"not_picked":["Conserve Battery","Turbo"],"picked":"Gash","floor":10.0},{"not_picked":["Aggregate","Cold Snap"],"picked":"Defragment","floor":11.0},{"not_picked":["Force Field","All For One"],"picked":"Steam","floor":12.0},{"not_picked":["Steam","Storm"],"picked":"Melter","floor":14},{"not_picked":["Fission","Biased Cognition"],"picked":"Core Surge","floor":16},{"not_picked":["Redo","Beam Cell+1"],"picked":"Steam Power+1","floor":18},{"not_picked":["Steam","Streamline"],"picked":"Hologram","floor":20},{"not_picked":["Go for the Eyes","Rebound"],"picked":"BootSequence","floor":23},{"not_picked":["Darkness","Blizzard","Ball Lightning"],"picked":"SKIP","floor":25},{"not_picked":["Rainbow","Compile Driver","Stack"],"picked":"Singing Bowl","floor":28},{"not_picked":["Rebound","Rip and Tear+1","Gash"],"picked":"Singing Bowl","floor":31}],"player_experience":336378,"relics_obtained":[{"floor":7.0,"key":"Mango"},{"floor":9.0,"key":"Orichalcum"},{"floor":12.0,"key":"Bottled Tornado"},{"floor":23,"key":"Bronze Scales"},{"floor":26,"key":"Singing Bowl"},{"floor":28,"key":"Old Coin"},{"floor":29,"key":"Ancient Tea Set"},{"floor":30,"key":"Nilry\u0027s Codex"}],"event_choices":[{"cards_removed":["Strike_B"],"damage_healed":0.0,"max_hp_gain":0.0,"max_hp_loss":0.0,"gold_gain":0.0,"event_name":"Golden Wing","player_choice":"Card Removal","floor":4.0,"gold_loss":0.0,"damage_taken":7.0},{"damage_healed":0.0,"max_hp_gain":0.0,"max_hp_loss":0.0,"gold_gain":0.0,"event_name":"Upgrade Shrine","player_choice":"Upgraded","floor":5.0,"gold_loss":0.0,"damage_taken":0.0,"cards_upgraded":["Defragment"]},{"damage_healed":0,"gold_gain":100,"player_choice":"Bet on Murderer","damage_taken":0,"max_hp_gain":0,"max_hp_loss":0,"event_name":"The Joust","floor":19,"gold_loss":50},{"damage_healed":29,"gold_gain":0,"player_choice":"Heal","damage_taken":0,"max_hp_gain":0,"max_hp_loss":0,"event_name":"The Library","floor":27,"gold_loss":0},{"damage_healed":0,"gold_gain":0,"player_choice":"Obtained Book","damage_taken":16,"max_hp_gain":0,"max_hp_loss":0,"event_name":"Cursed Tome","floor":30,"gold_loss":0}],"is_beta":false,"boss_relics":[{"not_picked":["Astrolabe","Coffee Dripper"],"picked":"Philosopher\u0027s Stone"}],"items_purged_floors":[],"is_endless":false,"potions_floor_spawned":[1,10,12,14,18,20,23],"killed_by":"Automaton","ascension_level":5}