{"gold_per_floor":[116,127,127,137,147,147,159,171,197,211,244,244,303,313,313,313],"floor_reached":16,"playtime":1624,"items_purged":[],"score":106,"play_id":"2cded43a-c403-474c-8cb3-febed4ee84af","local_time":"20181128201709","is_ascension_mode":false,"campfire_choices":[{"data":"Outmaneuver","floor":6,"key":"SMITH"},{"data":"Dodge and Roll","floor":12,"key":"SMITH"},{"floor":15,"key":"REST"}],"neow_cost":"NONE","seed_source_timestamp":1248137024482234,"circlet_count":0,"master_deck":["Defend_G","Defend_G","Defend_G","Defend_G","Defend_G","Strike_G","Strike_G","Strike_G","Strike_G","Strike_G","Survivor","Neutralize","Expertise","Leg Sweep","Predator","Outmaneuver+1","Dodge and Roll+1","Flying Knee","Deflect","Dodge and Roll","Outmaneuver"],"relics":["Ring of the Snake","NeowsBlessing","Happy Flower","Gremlin Horn","Juzu Bracelet"],"potions_floor_usage":[10,11,13,16],"damage_taken":[{"damage":0,"enemies":"Cultist","floor":1,"turns":1},{"damage":0,"enemies":"Small Slimes","floor":2,"turns":1},{"damage":0,"enemies":"Jaw Worm","floor":4,"turns":1},{"damage":4,"enemies":"Exordium Wildlife","floor":5,"turns":7},{"damage":6,"enemies":"2 Fungi Beasts","floor":7,"turns":4},{"damage":12,"enemies":"3 Louse","floor":8,"turns":8},{"damage":9,"enemies":"Exordium Thugs","floor":10,"turns":9},{"damage":13,"enemies":"Lagavulin","floor":11,"turns":8},{"damage":17,"enemies":"Gremlin Nob","floor":13,"turns":5},{"damage":0,"enemies":"Lots of Slimes","floor":14,"turns":3},{"damage":44,"enemies":"Slime Boss","floor":16,"turns":10}],"seed_played":"-7093807096318349240","potions_obtained":[{"floor":1,"key":"PowerPotion"},{"floor":2,"key":"PowerPotion"},{"floor":5,"key":"FearPotion"},{"floor":14,"key":"Swift Potion"}],"is_trial":false,"path_per_floor":["M","M","?","M","M","R","M","M","T","M","E","R","?","M","R","B"],"character_chosen":"THE_SILENT","items_purchased":[],"campfire_rested":1,"item_purchase_floors":[],"current_hp_per_floor":[70,70,70,70,66,66,60,48,48,39,26,26,9,9,30,0],"gold":313,"neow_bonus":"THREE_ENEMY_KILL","is_prod":false,"is_daily":false,"chose_seed":false,"campfire_upgraded":2,"win_rate":0.0,"timestamp":1543465029,"path_taken":["M","M","?","M","M","R","M","M","T","M","E","R","?","M","R","BOSS"],"build_version":"2018-11-15","purchased_purges":0,"victory":false,"max_hp_per_floor":[70,70,70,70,70,70,70,70,70,70,70,70,70,70,70,70],"card_choices":[{"not_picked":["Riddle With Holes","Terror"],"picked":"Expertise","floor":1},{"not_picked":["PiercingWail","Tactician"],"picked":"Leg Sweep","floor":2},{"not_picked":["Deadly Poison","Slice"],"picked":"Predator","floor":4},{"not_picked":["Sucker Punch","Terror"],"picked":"Outmaneuver","floor":5},{"not_picked":["PiercingWail","Dagger Throw","Malaise"],"picked":"SKIP","floor":7},{"not_picked":["Riddle With Holes","PiercingWail"],"picked":"Dodge and Roll","floor":8},{"not_picked":["Quick Slash","Sucker Punch"],"picked":"Flying Knee","floor":10},{"not_picked":["Distraction","Reflex"],"picked":"Deflect","floor":11},{"not_picked":["Deflect","Deadly Poison"],"picked":"Dodge and Roll","floor":13},{"not_picked":["Sucker Punch","Slice"],"picked":"Outmaneuver","floor":14}],"player_experience":43139,"relics_obtained":[{"floor":9,"key":"Happy Flower"},{"floor":11,"key":"Gremlin Horn"},{"floor":13,"key":"Juzu Bracelet"}],"event_choices":[{"damage_healed":0,"gold_gain":0,"player_choice":"Ignored","damage_taken":0,"max_hp_gain":0,"max_hp_loss":0,"event_name":"Liars Game","floor":3,"gold_loss":0},{"damage_healed":0,"gold_gain":0,"player_choice":"Searched \u00272\u0027 times","damage_taken":0,"max_hp_gain":0,"max_hp_loss":0,"event_name":"Dead Adventurer","floor":13,"gold_loss":0}],"is_beta":false,"boss_relics":[],"items_purged_floors":[],"is_endless":false,"potions_floor_spawned":[1,2,5,14],"killed_by":"Slime Boss","ascension_level":0}