{"gold_per_floor":[366,366,48,7,23,23,33,63,63,92,123,135,172,200,212,224],"floor_reached":16,"playtime":724,"items_purged":[],"score":215,"play_id":"8c4758c4-6bc3-467e-b896-a0068c5d536c","local_time":"20190605145305","is_ascension_mode":true,"campfire_choices":[{"floor":6.0,"key":"REST"},{"data":"Armaments","floor":12.0,"key":"SMITH"},{"floor":15.0,"key":"REST"}],"neow_cost":"PERCENT_DAMAGE","seed_source_timestamp":1798504486449985,"circlet_count":0,"master_deck":["AscendersBane","Strike_R","Strike_R+1","Strike_R","Strike_R","Strike_R","Defend_R","Defend_R","Defend_R+1","Defend_R","Bash","Twin Strike","Inflame","Demon Form","Combust","Armaments+1"],"special_seed":0,"relics":["Burning Blood","Paper Frog","Incense Burner","The Courier","MawBank","Happy Flower"],"potions_floor_usage":[16],"damage_taken":[{"damage":5.0,"enemies":"2 Louse","floor":1.0,"turns":3.0},{"damage":0.0,"enemies":"Small Slimes","floor":5.0,"turns":3.0},{"damage":0.0,"enemies":"Jaw Worm","floor":7.0,"turns":3.0},{"damage":35.0,"enemies":"Gremlin Nob","floor":8.0,"turns":4.0},{"damage":30.0,"enemies":"Lagavulin","floor":10.0,"turns":6.0},{"damage":7.0,"enemies":"Exordium Wildlife","floor":11.0,"turns":3.0},{"damage":7.0,"enemies":"Looter","floor":14.0,"turns":3.0},{"damage":49,"enemies":"The Guardian","floor":16,"turns":4}],"seed_played":"621243956057581110","potions_obtained":[{"floor":7.0,"key":"Regen Potion"},{"floor":8.0,"key":"EssenceOfSteel"},{"floor":10.0,"key":"Strength Potion"}],"is_trial":false,"path_per_floor":["M","?","$","?","M","R","M","E","T","E","M","R","T","M","R","B"],"character_chosen":"IRONCLAD","items_purchased":["Inflame","Paper Frog"],"campfire_rested":2,"item_purchase_floors":[3,3],"current_hp_per_floor":[51,28,28,28,34,56,62,33,33,21,20,20,20,19,41,0],"gold":224,"neow_bonus":"TWO_FIFTY_GOLD","is_prod":false,"is_daily":false,"chose_seed":false,"campfire_upgraded":1,"win_rate":0,"timestamp":1559739185,"path_taken":["M","?","$","?","M","R","?","E","T","E","M","R","?","M","R","BOSS"],"build_version":"2019-01-23","purchased_purges":0,"victory":false,"max_hp_per_floor":[75,75,75,75,75,75,75,75,75,75,75,75,75,75,75,75],"card_choices":[{"not_picked":["Thunderclap","Clash"],"picked":"Twin Strike","floor":1.0},{"not_picked":["Iron Wave","Burning Pact"],"picked":"Demon Form","floor":5.0},{"not_picked":["Body Slam","Dual Wield"],"picked":"Combust","floor":7.0},{"not_picked":["Feel No Pain","Perfected Strike","Wild Strike"],"picked":"SKIP","floor":8.0},{"not_picked":["Thunderclap","Pommel Strike","Fire Breathing"],"picked":"SKIP","floor":10.0},{"not_picked":["Body Slam","Pommel Strike"],"picked":"Armaments","floor":11.0},{"not_picked":["True Grit","Twin Strike","Wild Strike"],"picked":"SKIP","floor":14.0}],"player_experience":807352,"relics_obtained":[{"floor":8.0,"key":"Incense Burner"},{"floor":9.0,"key":"The Courier"},{"floor":10.0,"key":"MawBank"},{"floor":13.0,"key":"Happy Flower"}],"event_choices":[{"damage_healed":0.0,"max_hp_gain":0.0,"max_hp_loss":0.0,"gold_gain":0.0,"event_name":"Shining Light","player_choice":"Entered Light","floor":2.0,"gold_loss":0.0,"damage_taken":23.0,"cards_upgraded":["Defend_R","Strike_R"]},{"damage_healed":0.0,"max_hp_gain":0.0,"max_hp_loss":0.0,"gold_gain":0.0,"event_name":"World of Goop","player_choice":"Left Gold","floor":4.0,"gold_loss":41.0,"damage_taken":0.0}],"is_beta":false,"boss_relics":[],"items_purged_floors":[],"is_endless":false,"potions_floor_spawned":[7,8,10],"killed_by":"The Guardian","ascension_level":19}