{"gold_per_floor":[118,138,153,153,168,203,218,218,295,295,312,640,655,687,687,783,783,799,562,572,572,484,518,518,545,594,613,613,632,659,678,678,773,773,790,808,27,127,142,142,174,174,200,200],"floor_reached":44,"playtime":4981,"items_purged":["Defend_B","Strike_B"],"score":622,"play_id":"59a347e8-9287-4fce-b183-442915c38b98","local_time":"20190121005741","is_ascension_mode":true,"campfire_choices":[{"data":"Rainbow","floor":8,"key":"SMITH"},{"data":"Dualcast","floor":10,"key":"SMITH"},{"data":"Hello World","floor":15,"key":"SMITH"},{"data":"Genetic Algorithm","floor":24,"key":"SMITH"},{"floor":28,"key":"REST"},{"floor":32,"key":"REST"},{"data":"Rainbow","floor":40,"key":"SMITH"}],"neow_cost":"NONE","seed_source_timestamp":260813772266748,"circlet_count":0,"master_deck":["Strike_B","Strike_B","Defend_B","Defend_B","Defend_B","Zap","Dualcast+1","Self Repair","Ball Lightning","Rainbow+1","Good Instincts","Steam","Reinforced Body","Leap","Machine Learning","Consume","Hello World+1","Coolheaded","Seek","Genetic Algorithm+1","Loop","Dramatic Entrance","Auto Shields+1","Capacitor+1","Chaos","Self Repair+1","Cold Snap+1","Conserve Battery","Thunder Strike","Chaos","Heatsinks","Capacitor","Static Discharge","Rainbow+1","Conserve Battery","Compile Driver","Static Discharge+1","Compile Driver"],"relics":["Cracked Core","Bronze Scales","Bottled Tornado","Ornamental Fan","Old Coin","Strawberry","Nuclear Battery","MutagenicStrength","Peace Pipe","The Courier","Question Card","Lantern","Smiling Mask","Inserter","Blood Vial","Toxic Egg 2","Ancient Tea Set","Pocketwatch","Blue Candle","Dream Catcher"],"potions_floor_usage":[12,12,16,23,30,31,44],"damage_taken":[{"damage":0,"enemies":"2 Louse","floor":1,"turns":1},{"damage":1,"enemies":"Cultist","floor":2,"turns":4},{"damage":9,"enemies":"Jaw Worm","floor":3,"turns":3},{"damage":1,"enemies":"3 Louse","floor":5,"turns":3},{"damage":13,"enemies":"Lagavulin","floor":6,"turns":6},{"damage":7,"enemies":"Red Slaver","floor":7,"turns":3},{"damage":5,"enemies":"Large Slime","floor":11,"turns":4},{"damage":9,"enemies":"Gremlin Nob","floor":12,"turns":4},{"damage":6,"enemies":"Looter","floor":13,"turns":3},{"damage":9,"enemies":"Lagavulin","floor":14,"turns":6},{"damage":24,"enemies":"Hexaghost","floor":16,"turns":10},{"damage":11,"enemies":"3 Byrds","floor":18,"turns":2},{"damage":5,"enemies":"Shell Parasite","floor":20,"turns":6},{"damage":22,"enemies":"Slavers","floor":23,"turns":5},{"damage":27,"enemies":"Book of Stabbing","floor":25,"turns":5},{"damage":11,"enemies":"Snake Plant","floor":27,"turns":4},{"damage":5,"enemies":"Chosen and Byrds","floor":29,"turns":6},{"damage":63,"enemies":"Slavers","floor":30,"turns":6},{"damage":4,"enemies":"Cultist and Chosen","floor":31,"turns":6},{"damage":5,"enemies":"Automaton","floor":33,"turns":14},{"damage":14,"enemies":"3 Shapes","floor":35,"turns":5},{"damage":8,"enemies":"Orb Walker","floor":36,"turns":5},{"damage":8,"enemies":"Mind Bloom Boss Battle","floor":38,"turns":6},{"damage":35,"enemies":"Jaw Worm Horde","floor":39,"turns":5},{"damage":44,"enemies":"Nemesis","floor":41,"turns":7},{"damage":65,"enemies":"Giant Head","floor":44,"turns":9}],"seed_played":"-6061864326800151659","potions_obtained":[{"floor":1,"key":"EssenceOfSteel"},{"floor":3,"key":"LiquidBronze"},{"floor":7,"key":"EssenceOfSteel"},{"floor":11,"key":"Energy Potion"},{"floor":14,"key":"Dexterity Potion"},{"floor":16,"key":"Weak Potion"},{"floor":18,"key":"Block Potion"},{"floor":25,"key":"Strength Potion"},{"floor":30,"key":"Block Potion"}],"is_trial":false,"path_per_floor":["M","M","M","?","M","E","M","R","T","R","M","E","M","E","R","B",null,"M","$","M","?","?","E","R","E","T","M","R","M","E","M","R","B",null,"M","M","$","?","M","R","E","?","T","E"],"character_chosen":"DEFECT","items_purchased":["Loop","Dramatic Entrance","Heatsinks","Capacitor","Static Discharge","Rainbow","Blood Vial","Conserve Battery","Toxic Egg 2","Ancient Tea Set"],"campfire_rested":2,"item_purchase_floors":[19,19,37,37,37,37,37,37,37,37],"current_hp_per_floor":[75,75,73,73,72,66,59,59,59,59,54,52,53,58,58,41,82,78,78,80,80,80,65,65,45,45,41,65,67,11,24,48,60,82,82,82,82,82,64,64,29,29,29,0],"gold":200,"neow_bonus":"RANDOM_COMMON_RELIC","is_prod":false,"is_daily":false,"chose_seed":false,"campfire_upgraded":5,"win_rate":0,"timestamp":1548021461,"path_taken":["M","M","M","?","M","E","?","R","T","R","M","E","M","E","R","BOSS","M","$","M","?","?","E","R","E","T","M","R","?","E","M","R","BOSS","M","M","$","?","M","R","E","?","T","E"],"build_version":"2019-01-17v2","purchased_purges":2,"victory":false,"max_hp_per_floor":[75,75,75,75,75,75,75,75,75,75,75,75,75,82,82,82,82,82,82,82,82,82,82,82,82,82,82,82,82,82,82,82,82,82,82,82,82,82,82,82,82,82,82,82],"card_choices":[{"not_picked":["Static Discharge","Stack"],"picked":"Self Repair","floor":1},{"not_picked":["Beam Cell","Glacier"],"picked":"Ball Lightning","floor":2},{"not_picked":["Skim","Redo","Streamline"],"picked":"SKIP","floor":3},{"not_picked":["Hologram","Streamline"],"picked":"Steam","floor":5},{"not_picked":["Stack","Cold Snap"],"picked":"Reinforced Body","floor":6},{"not_picked":["Gash","Go for the Eyes"],"picked":"Leap","floor":7},{"not_picked":["Gash","Cold Snap"],"picked":"Machine Learning","floor":11},{"not_picked":["Leap","Compile Driver"],"picked":"Consume","floor":12},{"not_picked":["Recycle","Redo"],"picked":"Hello World","floor":13},{"not_picked":["Scrape","Rebound"],"picked":"Coolheaded","floor":14},{"not_picked":["Multi-Cast","Echo Form"],"picked":"Seek","floor":16},{"not_picked":["Blizzard","Skim"],"picked":"Genetic Algorithm","floor":18},{"not_picked":["Coolheaded","Reprogram+1","Reinforced Body"],"picked":"SKIP","floor":20},{"not_picked":["Leap","Gash"],"picked":"Auto Shields+1","floor":23},{"not_picked":["Thunder Strike","Coolheaded+1"],"picked":"Capacitor+1","floor":25},{"not_picked":["Steam","Gash","Static Discharge"],"picked":"Chaos","floor":27},{"not_picked":["Reinforced Body","Steam Power","Recycle+1"],"picked":"Self Repair+1","floor":29},{"not_picked":["Undo","Fission","Reinforced Body"],"picked":"Cold Snap+1","floor":30},{"not_picked":["Turbo","Ball Lightning","Cold Snap"],"picked":"Conserve Battery","floor":31},{"not_picked":["Biased Cognition","Machine Learning","Seek"],"picked":"Thunder Strike","floor":33},{"not_picked":["Hologram","Cold Snap+1","Leap","Streamline+1"],"picked":"SKIP","floor":35},{"not_picked":["Ball Lightning+1","Leap+1","Glacier+1"],"picked":"Chaos","floor":36},{"not_picked":["Hologram+1","Barrage","Sweeping Beam"],"picked":"Compile Driver","floor":38},{"not_picked":["Steam+1","Conserve Battery+1","Sweeping Beam+1"],"picked":"Static Discharge+1","floor":39},{"not_picked":["Sweeping Beam+1","Streamline","Hologram+1"],"picked":"Compile Driver","floor":41}],"player_experience":97246,"relics_obtained":[{"floor":6,"key":"Bottled Tornado"},{"floor":9,"key":"Ornamental Fan"},{"floor":12,"key":"Old Coin"},{"floor":14,"key":"Strawberry"},{"floor":23,"key":"The Courier"},{"floor":25,"key":"Question Card"},{"floor":26,"key":"Lantern"},{"floor":30,"key":"Smiling Mask"},{"floor":38,"key":"Pocketwatch"},{"floor":41,"key":"Blue Candle"},{"floor":43,"key":"Dream Catcher"}],"event_choices":[{"damage_healed":0,"gold_gain":0,"player_choice":"2 cards matched","damage_taken":0,"max_hp_gain":0,"max_hp_loss":0,"event_name":"Match and Keep!","floor":4,"gold_loss":0,"cards_obtained":["Rainbow","Good Instincts"]},{"damage_healed":0,"gold_gain":0,"player_choice":"Inject Mutagens","damage_taken":0,"relics_obtained":["MutagenicStrength"],"max_hp_gain":0,"max_hp_loss":0,"event_name":"Drug Dealer","floor":21,"gold_loss":0},{"damage_healed":0,"gold_gain":0,"player_choice":"Paid Gold","damage_taken":0,"relics_obtained":["Peace Pipe"],"max_hp_gain":0,"max_hp_loss":0,"event_name":"WeMeetAgain","floor":22,"gold_loss":88},{"damage_healed":0,"gold_gain":0,"player_choice":"Fight","damage_taken":0,"max_hp_gain":0,"max_hp_loss":0,"event_name":"MindBloom","floor":38,"gold_loss":0},{"cards_removed":["Strike_B"],"damage_healed":0,"gold_gain":0,"player_choice":"Purged","damage_taken":0,"max_hp_gain":0,"max_hp_loss":0,"event_name":"Purifier","floor":42,"gold_loss":0}],"is_beta":false,"boss_relics":[{"not_picked":["Snecko Eye","Astrolabe"],"picked":"Nuclear Battery"},{"not_picked":["Runic Pyramid","Pandora\u0027s Box"],"picked":"Inserter"}],"items_purged_floors":[19,37],"is_endless":false,"potions_floor_spawned":[1,3,7,11,14,16,18,25,30],"killed_by":"Giant Head","ascension_level":2}