{"gold_per_floor":[109,184,194,119,119,119,152,152,152,165,191,191,208,208,208,208],"floor_reached":16,"playtime":590,"items_purged":[],"score":253,"play_id":"d91174d3-1dcf-4b10-aa37-90003ccda549","local_time":"20190309225134","is_ascension_mode":true,"campfire_choices":[{"data":"Bash","floor":6,"key":"SMITH"},{"data":"Battle Trance","floor":8,"key":"SMITH"},{"floor":12,"key":"DIG"},{"floor":15,"key":"DIG"}],"neow_cost":"NONE","seed_source_timestamp":1845044829007330,"circlet_count":0,"master_deck":["AscendersBane","Strike_R","Strike_R","Strike_R","Strike_R","Defend_R+1","Defend_R","Defend_R","Defend_R+1","Bash+1","Reckless Charge","Battle Trance+1","Headbutt"],"relics":["Burning Blood","NeowsBlessing","Vajra","Letter Opener","Shovel","Sundial","Question Card","Smiling Mask"],"potions_floor_usage":[11,11,11,16,16],"damage_taken":[{"damage":0,"enemies":"2 Louse","floor":1,"turns":1},{"damage":0,"enemies":"Jaw Worm","floor":3,"turns":1},{"damage":0,"enemies":"Lagavulin","floor":7,"turns":2},{"damage":1,"enemies":"Small Slimes","floor":10,"turns":4},{"damage":8,"enemies":"Gremlin Nob","floor":11,"turns":3},{"damage":3,"enemies":"3 Louse","floor":13,"turns":3},{"damage":46,"enemies":"Slime Boss","floor":16,"turns":10}],"seed_played":"8434667164790083544","potions_obtained":[{"floor":1,"key":"Block Potion"},{"floor":10,"key":"EntropicBrew"},{"floor":13,"key":"Block Potion"}],"is_trial":false,"path_per_floor":["M","?","M","?","?","R","E","R","T","M","E","R","M","?","R","B"],"character_chosen":"IRONCLAD","items_purchased":[],"campfire_rested":0,"item_purchase_floors":[],"current_hp_per_floor":[74,63,69,69,46,46,52,52,52,57,55,55,58,40,40,0],"gold":208,"neow_bonus":"THREE_ENEMY_KILL","is_prod":false,"is_daily":false,"chose_seed":false,"campfire_upgraded":2,"win_rate":0,"timestamp":1552161094,"path_taken":["M","?","M","?","?","R","E","R","T","M","E","R","M","?","R","BOSS"],"build_version":"2019-01-23","purchased_purges":0,"victory":false,"max_hp_per_floor":[75,75,75,75,75,75,75,75,75,75,75,75,75,75,75,75],"card_choices":[{"not_picked":["Combust","Heavy Blade","Flex"],"picked":"SKIP","floor":1},{"not_picked":["Cleave","Sword Boomerang"],"picked":"Reckless Charge","floor":3},{"not_picked":["Perfected Strike","Dark Embrace"],"picked":"Battle Trance","floor":7},{"not_picked":["Havoc","Warcry","Bloodletting"],"picked":"SKIP","floor":10},{"not_picked":["Warcry","Searing Blow","Entrench"],"picked":"SKIP","floor":11},{"not_picked":["Seeing Red","Feel No Pain"],"picked":"Headbutt","floor":13}],"player_experience":269123,"relics_obtained":[{"floor":7,"key":"Vajra"},{"floor":9,"key":"Letter Opener"},{"floor":11,"key":"Shovel"},{"floor":12,"key":"Sundial"},{"floor":15,"key":"Smiling Mask"}],"event_choices":[{"damage_healed":0,"gold_gain":75,"player_choice":"Gather Gold","damage_taken":11,"max_hp_gain":0,"max_hp_loss":0,"event_name":"World of Goop","floor":2,"gold_loss":0},{"cards_removed":["Strike_R"],"damage_healed":0,"gold_gain":0,"player_choice":"Card Removal","damage_taken":0,"max_hp_gain":0,"max_hp_loss":0,"event_name":"The Cleric","floor":4,"gold_loss":75},{"damage_healed":0,"gold_gain":0,"player_choice":"Entered Light","damage_taken":23,"max_hp_gain":0,"max_hp_loss":0,"event_name":"Shining Light","floor":5,"gold_loss":0,"cards_upgraded":["Defend_R","Defend_R"]},{"damage_healed":0,"gold_gain":0,"player_choice":"Success","damage_taken":18,"relics_obtained":["Question Card"],"max_hp_gain":0,"max_hp_loss":0,"event_name":"Scrap Ooze","floor":14,"gold_loss":0}],"is_beta":false,"boss_relics":[],"items_purged_floors":[],"is_endless":false,"potions_floor_spawned":[1,10,13],"killed_by":"Slime Boss","ascension_level":18}