{"gold_per_floor":[112,122,197,75,75,100,120,130,130,130,150,150,184,195,195,292,292,310,328,328,338,338,371,371,32,32,58,13,26,26,45,45,149,149,168,216,232,249,46,46,75,75,125,160,160,171,171,471,471,471],"floor_reached":51,"playtime":4384,"items_purged":["Strike_R","Strike_R"],"score":1006,"play_id":"19e59a03-d200-4279-bb83-fe2b7a45eaf9","local_time":"20190118191933","is_ascension_mode":true,"campfire_choices":[{"data":"Bash","floor":10.0,"key":"SMITH"},{"data":"Inflame","floor":12.0,"key":"SMITH"},{"data":"Pommel Strike","floor":15.0,"key":"SMITH"},{"data":"Reaper","floor":24.0,"key":"SMITH"},{"data":"Limit Break","floor":32,"key":"SMITH"},{"floor":40,"key":"REST"},{"floor":42,"key":"REST"},{"floor":49,"key":"REST"}],"neow_cost":"NONE","seed_source_timestamp":0,"circlet_count":0,"master_deck":["Strike_R+1","Strike_R+1","Strike_R+1","Defend_R+1","Defend_R+1","Defend_R+1","Defend_R+1","Bash+1","Evolve+1","Sentinel+1","Pommel Strike+1","Flame Barrier+1","Iron Wave+1","Flame Barrier+1","Inflame+1","Dropkick+1","Iron Wave+1","Offering+1","Shrug It Off+1","Body Slam+1","Intimidate+1","Reaper+1","Clash+1","Clash+1","Havoc+1","Shrug It Off+1","Limit Break+1","Clothesline+1","Burning Pact+1","Metallicize+1","Demon Form+1","Rage+1","Burning Pact+1","Headbutt+1","Body Slam+1","Clash+1","Rage+1"],"special_seed":0,"relics":["Burning Blood","NeowsBlessing","Happy Flower","Sundial","Prayer Wheel","Philosopher\u0027s Stone","Strawberry","Bottled Tornado","Bottled Flame","Regal Pillow","Mark of Pain","Champion Belt","Brimstone","Omamori","Pen Nib","Oddly Smooth Stone","Mercury Hourglass","Mark of the Bloom"],"potions_floor_usage":[31,33,36,37,50],"damage_taken":[{"damage":0.0,"enemies":"Jaw Worm","floor":1.0,"turns":1.0},{"damage":0.0,"enemies":"Small Slimes","floor":2.0,"turns":1.0},{"damage":0.0,"enemies":"3 Sentries","floor":6.0,"turns":1.0},{"damage":3.0,"enemies":"2 Louse","floor":7.0,"turns":3.0},{"damage":6.0,"enemies":"2 Fungi Beasts","floor":8.0,"turns":4.0},{"damage":7.0,"enemies":"Blue Slaver","floor":11.0,"turns":5.0},{"damage":11.0,"enemies":"Lagavulin","floor":13.0,"turns":6.0},{"damage":14.0,"enemies":"3 Louse","floor":14.0,"turns":3.0},{"damage":19.0,"enemies":"The Guardian","floor":16.0,"turns":8.0},{"damage":17.0,"enemies":"3 Byrds","floor":18.0,"turns":6.0},{"damage":6.0,"enemies":"Chosen","floor":19.0,"turns":3.0},{"damage":6.0,"enemies":"Snecko","floor":21.0,"turns":4.0},{"damage":22.0,"enemies":"Book of Stabbing","floor":23.0,"turns":5.0},{"damage":16.0,"enemies":"Sentry and Sphere","floor":29.0,"turns":5.0},{"damage":20,"enemies":"Cultist and Chosen","floor":31,"turns":6},{"damage":74,"enemies":"Automaton","floor":33,"turns":10},{"damage":18,"enemies":"Orb Walker","floor":35,"turns":3},{"damage":51,"enemies":"2 Orb Walkers","floor":36,"turns":5},{"damage":10,"enemies":"3 Shapes","floor":37,"turns":6},{"damage":38,"enemies":"Jaw Worm Horde","floor":38,"turns":6},{"damage":26,"enemies":"Nemesis","floor":41,"turns":5},{"damage":16,"enemies":"Giant Head","floor":44,"turns":6},{"damage":12,"enemies":"Maw","floor":46,"turns":5},{"damage":38,"enemies":"Awakened One","floor":50,"turns":6}],"seed_played":"2999328174131943167","potions_obtained":[{"floor":2.0,"key":"SkillPotion"},{"floor":6.0,"key":"FearPotion"},{"floor":13.0,"key":"Weak Potion"},{"floor":16.0,"key":"Regen Potion"},{"floor":19.0,"key":"SkillPotion"},{"floor":21.0,"key":"EssenceOfSteel"},{"floor":29.0,"key":"Fire Potion"},{"floor":35,"key":"Ancient Potion"},{"floor":36,"key":"Swift Potion"},{"floor":46,"key":"LiquidBronze"}],"is_trial":false,"path_per_floor":["M","M","?","$","?","E","M","M","T","R","M","R","E","M","R","B",null,"M","M","?","M","?","E","R","$","T","T","$","M","?","M","R","B",null,"M","?","M","M","$","R","E","R","T","E","?","M","?","?","R","B",null],"character_chosen":"IRONCLAD","items_purchased":["Pommel Strike","Bottled Tornado","Shrug It Off","Brimstone"],"campfire_rested":3,"item_purchase_floors":[4,25,28,39],"current_hp_per_floor":[78,80,69,69,69,75,78,78,78,78,77,77,72,64,64,51,73,62,62,62,72,57,48,48,48,48,48,48,60,60,66,66,22,75,63,29,39,7,7,49,29,71,71,78,78,72,72,72,72,34],"gold":471,"neow_bonus":"THREE_ENEMY_KILL","is_prod":false,"is_daily":false,"chose_seed":false,"campfire_upgraded":5,"win_rate":0,"timestamp":1547828373,"path_taken":["M","M","?","?","?","E","M","M","T","R","M","R","E","M","R","BOSS","M","M","?","M","?","E","R","$","T","?","?","M","?","M","R","BOSS","M","?","M","M","$","R","E","R","T","E","?","?","?","?","R","BOSS"],"build_version":"2019-01-17v2","purchased_purges":2,"victory":true,"max_hp_per_floor":[80,80,80,80,80,80,80,80,80,80,80,80,80,80,80,80,80,80,80,80,80,85,92,92,92,92,92,92,92,92,92,92,92,92,92,92,92,92,92,92,92,92,92,92,92,92,92,92,92,92],"card_choices":[{"not_picked":["Flex","Thunderclap"],"picked":"Evolve","floor":1.0},{"not_picked":["Blood for Blood","Armaments"],"picked":"Sentinel","floor":2.0},{"not_picked":["Juggernaut","Dual Wield"],"picked":"Flame Barrier","floor":6.0},{"not_picked":["Whirlwind","Evolve"],"picked":"Iron Wave","floor":7.0},{"not_picked":["Thunderclap","Rage"],"picked":"Flame Barrier","floor":8.0},{"not_picked":["True Grit","Blood for Blood"],"picked":"Inflame","floor":11.0},{"not_picked":["Hemokinesis","Flex","Sever Soul"],"picked":"SKIP","floor":13.0},{"not_picked":["Havoc","Bloodletting"],"picked":"Dropkick","floor":14.0},{"not_picked":["Sword Boomerang","Blood for Blood"],"picked":"Iron Wave","floor":14.0},{"not_picked":["Exhume","Limit Break"],"picked":"Offering","floor":16.0},{"not_picked":["Combust","Clothesline+1"],"picked":"Shrug It Off+1","floor":18.0},{"not_picked":["True Grit","Heavy Blade"],"picked":"Body Slam","floor":18.0},{"not_picked":["Wild Strike","Clash"],"picked":"Intimidate+1","floor":19.0},{"not_picked":["Heavy Blade+1","Perfected Strike","True Grit+1"],"picked":"SKIP","floor":19.0},{"not_picked":["Dual Wield","Rampage"],"picked":"Clash","floor":21.0},{"not_picked":["Combust","True Grit"],"picked":"Clash+1","floor":21.0},{"not_picked":["Searing Blow","Perfected Strike+1"],"picked":"Havoc","floor":23.0},{"not_picked":["Wild Strike","Twin Strike"],"picked":"Limit Break","floor":29.0},{"not_picked":["Perfected Strike","Warcry"],"picked":"Clothesline","floor":29.0},{"not_picked":["Pommel Strike","True Grit+1"],"picked":"Burning Pact","floor":31},{"not_picked":["Sentinel","Flame Barrier"],"picked":"Metallicize+1","floor":31},{"not_picked":["Brutality","Fiend Fire"],"picked":"Demon Form","floor":33},{"not_picked":["Anger","Reckless Charge+1"],"picked":"Rage","floor":35},{"not_picked":["Rupture+1","Infernal Blade"],"picked":"Burning Pact+1","floor":35},{"not_picked":["True Grit","Burning Pact"],"picked":"Headbutt","floor":36},{"not_picked":["Sever Soul+1","Perfected Strike","Anger"],"picked":"SKIP","floor":37},{"not_picked":["Second Wind","Cleave+1","Flex+1"],"picked":"SKIP","floor":37},{"not_picked":["Blood for Blood","Shockwave"],"picked":"Body Slam+1","floor":38},{"not_picked":["Hemokinesis","Cleave","Searing Blow"],"picked":"SKIP","floor":38},{"not_picked":["Evolve","Perfected Strike+1","Clash"],"picked":"SKIP","floor":41},{"not_picked":["Hemokinesis","Shrug It Off"],"picked":"Juggernaut","floor":44},{"not_picked":["Sword Boomerang+1","Headbutt"],"picked":"Clash","floor":46},{"not_picked":["Feel No Pain+1","Sword Boomerang+1"],"picked":"Rage+1","floor":46}],"player_experience":45783,"relics_obtained":[{"floor":6.0,"key":"Happy Flower"},{"floor":9.0,"key":"Sundial"},{"floor":13.0,"key":"Prayer Wheel"},{"floor":23.0,"key":"Strawberry"},{"floor":26.0,"key":"Bottled Flame"},{"floor":27.0,"key":"Regal Pillow"},{"floor":36,"key":"Champion Belt"},{"floor":41,"key":"Omamori"},{"floor":43,"key":"Pen Nib"},{"floor":44,"key":"Oddly Smooth Stone"}],"event_choices":[{"damage_healed":0.0,"max_hp_gain":0.0,"max_hp_loss":0.0,"gold_gain":75.0,"event_name":"World of Goop","player_choice":"Gather Gold","floor":3.0,"gold_loss":0.0,"damage_taken":11.0},{"damage_healed":0.0,"max_hp_gain":0.0,"max_hp_loss":0.0,"gold_gain":0.0,"event_name":"Golden Idol","player_choice":"Ignored","floor":5.0,"gold_loss":0.0,"damage_taken":0.0},{"damage_healed":0.0,"max_hp_gain":0.0,"max_hp_loss":0.0,"gold_gain":0.0,"event_name":"The Library","player_choice":"Read","floor":20.0,"gold_loss":0.0,"damage_taken":0.0,"cards_obtained":["Reaper"]},{"damage_healed":0.0,"max_hp_gain":5.0,"max_hp_loss":0.0,"gold_gain":0.0,"event_name":"Forgotten Altar","player_choice":"Shed Blood","floor":22.0,"gold_loss":0.0,"damage_taken":20.0},{"damage_healed":0.0,"max_hp_gain":0.0,"max_hp_loss":0.0,"gold_gain":0.0,"event_name":"Back to Basics","player_choice":"Simplicity","floor":30.0,"gold_loss":0.0,"damage_taken":0.0,"cards_upgraded":["Strike_R","Strike_R","Strike_R","Defend_R","Defend_R","Defend_R","Defend_R"]},{"damage_healed":0,"gold_gain":0,"player_choice":"Fight","damage_taken":0,"max_hp_gain":0,"max_hp_loss":0,"event_name":"Mysterious Sphere","floor":36,"gold_loss":0},{"cards_removed":["Juggernaut"],"damage_healed":0,"gold_gain":0,"player_choice":"Gave Card","damage_taken":0,"relics_obtained":["Mercury Hourglass"],"max_hp_gain":0,"max_hp_loss":0,"event_name":"WeMeetAgain","floor":45,"gold_loss":0},{"damage_healed":0,"gold_gain":0,"player_choice":"Upgrade","damage_taken":0,"relics_obtained":["Mark of the Bloom"],"max_hp_gain":0,"max_hp_loss":0,"event_name":"MindBloom","floor":47,"gold_loss":0,"cards_upgraded":["Evolve","Sentinel","Flame Barrier","Iron Wave","Flame Barrier","Dropkick","Iron Wave","Offering","Body Slam","Clash","Havoc","Shrug It Off","Clothesline","Burning Pact","Demon Form","Rage","Headbutt","Clash"]},{"damage_healed":0,"gold_gain":300,"player_choice":"Gold","damage_taken":0,"max_hp_gain":0,"max_hp_loss":0,"event_name":"Wheel of Change","floor":48,"gold_loss":0}],"is_beta":false,"boss_relics":[{"not_picked":["Runic Cube","Fusion Hammer"],"picked":"Philosopher\u0027s Stone"},{"not_picked":["Snecko Eye","Velvet Choker"],"picked":"Mark of Pain"}],"items_purged_floors":[4,25],"is_endless":false,"potions_floor_spawned":[2,6,13,14,16,19,21,29,35,36,46],"ascension_level":6}