{"gold_per_floor":[112,112,37,37,51,85,85,116,170,170,187,187,137,156,156,156],"floor_reached":16,"playtime":1539,"items_purged":["Defend_G"],"score":108,"play_id":"4013aa13-d251-4263-8602-dc627f3883e5","local_time":"20181128175320","is_ascension_mode":false,"campfire_choices":[{"floor":10,"key":"REST"},{"data":"Dodge and Roll","floor":12,"key":"SMITH"},{"data":"Survivor","floor":15,"key":"SMITH"}],"neow_cost":"NONE","seed_source_timestamp":1239592766553454,"circlet_count":0,"master_deck":["Defend_G","Defend_G","Strike_G","Strike_G","Strike_G","Strike_G","Strike_G","Survivor+1","Neutralize","Acrobatics","Dodge and Roll+1","Deflect+1","Catalyst+1"],"relics":["Velvet Choker","Oddly Smooth Stone","Toxic Egg 2","Bronze Scales"],"potions_floor_usage":[8,16,16],"damage_taken":[{"damage":0,"enemies":"2 Louse","floor":1,"turns":3},{"damage":1,"enemies":"Cultist","floor":5,"turns":4},{"damage":28,"enemies":"3 Sentries","floor":6,"turns":15},{"damage":21,"enemies":"Lagavulin","floor":8,"turns":9},{"damage":3,"enemies":"Small Slimes","floor":11,"turns":3},{"damage":0,"enemies":"3 Louse","floor":14,"turns":3},{"damage":38,"enemies":"Slime Boss","floor":16,"turns":10}],"seed_played":"-2263100261762233561","potions_obtained":[{"floor":6,"key":"FearPotion"},{"floor":11,"key":"GhostInAJar"},{"floor":14,"key":"Explosive Potion"}],"is_trial":false,"path_per_floor":["M","?","$","?","M","E","?","E","T","R","M","R","?","M","R","B"],"character_chosen":"THE_SILENT","items_purchased":[],"campfire_rested":1,"item_purchase_floors":[],"current_hp_per_floor":[70,70,70,75,74,46,39,18,18,40,37,37,37,37,37,0],"gold":156,"neow_bonus":"BOSS_RELIC","is_prod":false,"is_daily":false,"chose_seed":false,"campfire_upgraded":2,"win_rate":0.0,"timestamp":1543456400,"path_taken":["M","?","?","?","M","E","?","E","T","R","M","R","?","M","R","BOSS"],"build_version":"2018-11-15","purchased_purges":1,"victory":false,"max_hp_per_floor":[70,70,70,75,75,75,75,75,75,75,75,75,75,75,75,75],"card_choices":[{"not_picked":["Eviscerate","Sucker Punch"],"picked":"Acrobatics","floor":1},{"not_picked":["Dagger Spray","Bane"],"picked":"Dodge and Roll","floor":5},{"not_picked":["Slice","Choke","Acrobatics"],"picked":"SKIP","floor":6},{"not_picked":["PiercingWail","Riddle With Holes","Prepared"],"picked":"SKIP","floor":8},{"not_picked":["Finisher","PiercingWail+1"],"picked":"Deflect+1","floor":11},{"not_picked":["Underhanded Strike","Venomology+1"],"picked":"Catalyst+1","floor":14}],"player_experience":41539,"relics_obtained":[{"floor":6,"key":"Oddly Smooth Stone"},{"floor":8,"key":"Toxic Egg 2"},{"floor":9,"key":"Bronze Scales"}],"event_choices":[{"damage_healed":0,"gold_gain":0,"player_choice":"Bought 0 Potions","damage_taken":0,"max_hp_gain":0,"max_hp_loss":0,"event_name":"The Woman in Blue","floor":2,"gold_loss":0},{"damage_healed":0,"gold_gain":0,"player_choice":"Donut","damage_taken":0,"max_hp_gain":5,"max_hp_loss":0,"event_name":"Big Fish","floor":4,"gold_loss":0},{"cards_removed":["Defend_G"],"damage_healed":0,"gold_gain":0,"player_choice":"Card Removal","damage_taken":7,"max_hp_gain":0,"max_hp_loss":0,"event_name":"Golden Wing","floor":7,"gold_loss":0},{"cards_removed":["Defend_G"],"damage_healed":0,"gold_gain":0,"player_choice":"Card Removal","damage_taken":0,"max_hp_gain":0,"max_hp_loss":0,"event_name":"The Cleric","floor":13,"gold_loss":50}],"is_beta":false,"boss_relics":[],"items_purged_floors":[3],"is_endless":false,"potions_floor_spawned":[6,11,14],"killed_by":"Slime Boss","ascension_level":0}