{"gold_per_floor":[119,138,59,159,171,171,184,184,184,209,209,227,237,237],"floor_reached":14,"playtime":604,"items_purged":[],"score":120,"play_id":"19ca7bb2-32e0-4b5d-902b-93b27d9b0d6f","local_time":"20190107121831","is_ascension_mode":true,"campfire_choices":[{"data":"Crippling Poison","floor":6,"key":"SMITH"},{"data":"Caltrops","floor":8,"key":"SMITH"},{"floor":11,"key":"REST"}],"neow_cost":"NONE","seed_source_timestamp":117160554861248,"circlet_count":0,"master_deck":["Defend_G","Defend_G","Defend_G","Defend_G","Defend_G","Strike_G","Strike_G","Strike_G","Strike_G","Strike_G","Survivor","Neutralize","Crippling Poison+1","Backflip","Acrobatics","Caltrops+1","Dash","Backflip","Catalyst"],"relics":["Ring of the Snake","Strawberry"],"potions_floor_usage":[10,13,14],"damage_taken":[{"damage":0,"enemies":"Small Slimes","floor":1,"turns":4},{"damage":3,"enemies":"Cultist","floor":2,"turns":5},{"damage":3,"enemies":"2 Louse","floor":5,"turns":4},{"damage":16,"enemies":"Lots of Slimes","floor":7,"turns":3},{"damage":35,"enemies":"Lagavulin","floor":10,"turns":11},{"damage":3,"enemies":"Looter","floor":12,"turns":3},{"damage":15,"enemies":"2 Fungi Beasts","floor":13,"turns":4},{"damage":26,"enemies":"3 Sentries","floor":14,"turns":10}],"seed_played":"-5870553150825671016","potions_obtained":[{"floor":7,"key":"Ancient Potion"},{"floor":12,"key":"LiquidBronze"},{"floor":13,"key":"SpeedPotion"}],"is_trial":false,"path_per_floor":["M","M","$","?","M","R","M","R","T","E","R","M","M","E"],"character_chosen":"THE_SILENT","items_purchased":["Caltrops"],"campfire_rested":1,"item_purchase_floors":[3],"current_hp_per_floor":[63,60,60,60,57,57,41,41,41,13,36,33,18,0],"gold":237,"neow_bonus":"THREE_CARDS","is_prod":false,"is_daily":false,"chose_seed":false,"campfire_upgraded":2,"win_rate":0,"timestamp":1546892311,"path_taken":["M","M","$","?","?","R","M","R","T","E","R","M","M","E"],"build_version":"2019-01-03v4","purchased_purges":0,"victory":false,"max_hp_per_floor":[70,70,70,70,70,70,70,70,70,77,77,77,77,77],"card_choices":[{"not_picked":["Bane","Deadly Poison"],"picked":"Crippling Poison","floor":0},{"not_picked":["Outmaneuver","Slice"],"picked":"Backflip","floor":1},{"not_picked":["Setup","Flying Knee"],"picked":"Acrobatics","floor":2},{"not_picked":["Distraction","Outmaneuver"],"picked":"Dash","floor":5},{"not_picked":["Reflex","Dagger Spray"],"picked":"Backflip","floor":7},{"not_picked":["Reflex","Blade Dance","Quick Slash"],"picked":"SKIP","floor":10},{"not_picked":["Prepared","Sucker Punch"],"picked":"Catalyst","floor":12},{"not_picked":["Accuracy","Venomology","Setup"],"picked":"SKIP","floor":13}],"player_experience":289166,"relics_obtained":[{"floor":10,"key":"Strawberry"}],"event_choices":[{"damage_healed":0,"gold_gain":100,"player_choice":"Pray","damage_taken":0,"max_hp_gain":0,"max_hp_loss":0,"event_name":"Golden Shrine","floor":4,"gold_loss":0}],"is_beta":false,"boss_relics":[],"items_purged_floors":[],"is_endless":false,"potions_floor_spawned":[7,12,13],"killed_by":"3 Sentries","ascension_level":6}