{"gold_per_floor":[111,20,30,46,66,99,116,116,116,116,136,136,136,153,153,249,249,269,15,15,35,61,61,61,61,61,76,76,76,86,86,86,86],"floor_reached":33,"playtime":2853,"items_purged":[],"score":272,"play_id":"76a3f48b-65bb-42e4-a407-cf4107446a7e","local_time":"20190616213657","is_ascension_mode":false,"campfire_choices":[{"data":"Coolheaded","floor":8,"key":"SMITH"},{"floor":10,"key":"REST"},{"floor":15,"key":"REST"},{"floor":23,"key":"REST"},{"floor":25,"key":"REST"},{"floor":28,"key":"REST"},{"floor":32,"key":"REST"}],"neow_cost":"NONE","seed_source_timestamp":31570399776000,"circlet_count":0,"master_deck":["Strike_B","Strike_B","Strike_B","Strike_B","Defend_B","Defend_B","Defend_B","Defend_B","Zap+1","Dualcast","Coolheaded+1","Loop","Conserve Battery","Hologram","Genetic Algorithm","Glacier","Rebound+1","Glacier+1","Chaos","White Noise","Leap","Stack","Rainbow","Darkness+1","Sweeping Beam","Sunder","Double Energy","Blizzard","Turbo","Rip and Tear","Go for the Eyes","Go for the Eyes+1","Writhe","Blizzard","Reprogram","Decay","Stack+1"],"relics":["Cracked Core","Dream Catcher","Peace Pipe","Mummified Hand","Nuclear Battery","Strawberry","Red Mask","Juzu Bracelet","Prayer Wheel"],"potions_floor_usage":[6,7,16,16,33],"damage_taken":[{"damage":0,"enemies":"Cultist","floor":1,"turns":3},{"damage":0,"enemies":"Small Slimes","floor":3,"turns":3},{"damage":0,"enemies":"Jaw Worm","floor":4,"turns":4},{"damage":1,"enemies":"2 Fungi Beasts","floor":5,"turns":4},{"damage":6,"enemies":"Lagavulin","floor":6,"turns":15},{"damage":6,"enemies":"Large Slime","floor":7,"turns":10},{"damage":1,"enemies":"Looter","floor":11,"turns":4},{"damage":2,"enemies":"3 Louse","floor":14,"turns":6},{"damage":32,"enemies":"Hexaghost","floor":16,"turns":14},{"damage":12,"enemies":"Spheric Guardian","floor":18,"turns":7},{"damage":17,"enemies":"Chosen","floor":21,"turns":7},{"damage":50,"enemies":"Masked Bandits","floor":22,"turns":9},{"damage":13,"enemies":"Snake Plant","floor":27,"turns":6},{"damage":16,"enemies":"Centurion and Healer","floor":30,"turns":8},{"damage":80,"enemies":"Automaton","floor":33,"turns":12}],"seed_played":"8701407170244265108","potions_obtained":[{"floor":3,"key":"Dexterity Potion"},{"floor":4,"key":"Strength Potion"},{"floor":5,"key":"Regen Potion"},{"floor":7,"key":"Energy Potion"},{"floor":18,"key":"SmokeBomb"},{"floor":30,"key":"Dexterity Potion"}],"is_trial":false,"path_per_floor":["M","$","M","M","M","E","M","R","T","R","M","?","?","M","R","B",null,"M","$","?","M","?","R","?","R","T","M","R","?","M","?","R","B"],"character_chosen":"DEFECT","items_purchased":["Loop","Conserve Battery","Sweeping Beam","Sunder","Strawberry"],"campfire_rested":6,"item_purchase_floors":[2,2,19,19,19],"current_hp_per_floor":[75,75,75,75,74,68,74,74,74,75,74,59,52,50,72,40,75,63,70,70,53,3,27,27,51,51,38,62,62,46,46,70,0],"gold":86,"neow_bonus":"UPGRADE_CARD","is_prod":false,"is_daily":false,"chose_seed":false,"campfire_upgraded":1,"win_rate":0.0,"timestamp":1560717417,"path_taken":["M","?","M","M","M","E","M","R","T","R","M","?","?","M","R","BOSS","M","$","?","M","?","R","?","R","T","M","R","?","M","?","R","BOSS"],"build_version":"2019-01-23","purchased_purges":0,"victory":false,"max_hp_per_floor":[75,75,75,75,75,75,75,75,75,75,75,75,75,75,75,75,75,75,82,82,82,82,82,82,82,82,82,82,82,82,82,82,82],"card_choices":[{"not_picked":["FTL","Go for the Eyes"],"picked":"Coolheaded","floor":1},{"not_picked":["Tempest","Barrage"],"picked":"Hologram","floor":3},{"not_picked":["Barrage","Storm"],"picked":"Genetic Algorithm","floor":4},{"not_picked":["Conserve Battery","Coolheaded"],"picked":"Glacier","floor":5},{"not_picked":["Steam","Streamline"],"picked":"Rebound","floor":6},{"not_picked":["Steam","Turbo"],"picked":"Glacier","floor":7},{"not_picked":["Cold Snap","Tempest"],"picked":"Chaos","floor":10},{"not_picked":["Barrage","Core Surge"],"picked":"White Noise","floor":11},{"not_picked":["Hologram","Coolheaded"],"picked":"Leap","floor":14},{"not_picked":["Fusion","Undo"],"picked":"Stack","floor":15},{"not_picked":["Thunder Strike","Fission"],"picked":"Rainbow","floor":16},{"not_picked":["Cold Snap","Heatsinks"],"picked":"Darkness+1","floor":18},{"not_picked":["Coolheaded","Redo"],"picked":"Double Energy","floor":21},{"not_picked":["Chaos","Fusion"],"picked":"Blizzard","floor":22},{"not_picked":["Genetic Algorithm","Tempest"],"picked":"Turbo","floor":23},{"not_picked":["Compile Driver","Turbo+1"],"picked":"Rip and Tear","floor":25},{"not_picked":["Barrage","Loop+1"],"picked":"Go for the Eyes","floor":27},{"not_picked":["Sweeping Beam","Coolheaded"],"picked":"Go for the Eyes+1","floor":28},{"not_picked":["Undo+1","Steam"],"picked":"Blizzard","floor":30},{"not_picked":["Barrage+1","Beam Cell"],"picked":"Reprogram","floor":30},{"not_picked":["Melter","Cold Snap"],"picked":"Stack+1","floor":32}],"player_experience":83426,"relics_obtained":[{"floor":6,"key":"Dream Catcher"},{"floor":9,"key":"Peace Pipe"},{"floor":22,"key":"Red Mask"},{"floor":26,"key":"Juzu Bracelet"}],"event_choices":[{"damage_healed":0,"gold_gain":0,"player_choice":"Entered Light","damage_taken":15,"max_hp_gain":0,"max_hp_loss":0,"event_name":"Shining Light","floor":12,"gold_loss":0,"cards_upgraded":["Glacier","Rebound"]},{"damage_healed":0,"gold_gain":0,"player_choice":"Success","damage_taken":7,"relics_obtained":["Mummified Hand"],"max_hp_gain":0,"max_hp_loss":0,"event_name":"Scrap Ooze","floor":13,"gold_loss":0},{"damage_healed":0,"gold_gain":0,"player_choice":"Ignored","damage_taken":0,"max_hp_gain":0,"max_hp_loss":0,"event_name":"Ghosts","floor":20,"gold_loss":0},{"damage_healed":0,"gold_gain":0,"player_choice":"Fought Bandits","damage_taken":0,"max_hp_gain":0,"max_hp_loss":0,"event_name":"Masked Bandits","floor":22,"gold_loss":0},{"damage_healed":0,"gold_gain":0,"player_choice":"Ignored","damage_taken":0,"max_hp_gain":0,"max_hp_loss":0,"event_name":"Beggar","floor":24,"gold_loss":0},{"damage_healed":0,"gold_gain":0,"player_choice":"Opened","damage_taken":0,"relics_obtained":["Prayer Wheel"],"max_hp_gain":0,"max_hp_loss":0,"event_name":"The Mausoleum","floor":29,"gold_loss":0,"cards_obtained":["Writhe"]},{"damage_healed":0,"gold_gain":0,"player_choice":"Smashed Altar","damage_taken":0,"max_hp_gain":0,"max_hp_loss":0,"event_name":"Forgotten Altar","floor":31,"gold_loss":0,"cards_obtained":["Decay"]}],"is_beta":false,"boss_relics":[{"not_picked":["Eternal Feather","Lizard Tail"],"picked":"Nuclear Battery"}],"items_purged_floors":[],"is_endless":false,"potions_floor_spawned":[3,4,5,7,18,30],"killed_by":"Automaton","ascension_level":0}