{"gold_per_floor":[209,209,220,145,155,188,188,203,203,203,229,242,242,254,254,354,354,366,380,10,20,34,66,66,82,82,107,32,32,43,57,57,152,152,171,182,16,36,36,36,64,64,64,95,115,132,167,182,182,182,182,182,32,67,67],"floor_reached":56,"playtime":6218,"items_purged":["Strike_B","Strike_B","Strike_B","Strike_B"],"score":1696,"play_id":"0478a3eb-2d2f-4734-b621-62a230b54253","local_time":"20190319215413","is_ascension_mode":true,"campfire_choices":[{"data":"Glacier","floor":7.0,"key":"SMITH"},{"data":"Leap","floor":10.0,"key":"SMITH"},{"data":"Zap","floor":13.0,"key":"SMITH"},{"data":"Lockon","floor":15.0,"key":"SMITH"},{"data":"Defragment","floor":24,"key":"SMITH"},{"data":"Defragment","floor":29,"key":"SMITH"},{"floor":32,"key":"REST"},{"floor":40,"key":"RECALL"},{"data":"White Noise","floor":42,"key":"SMITH"},{"floor":49,"key":"DIG"},{"floor":52,"key":"DIG"}],"neow_cost":"NONE","seed_source_timestamp":0,"circlet_count":0,"master_deck":["Defend_B+1","Defend_B","Defend_B","Defend_B","Zap+1","Dualcast+1","Ball Lightning","Leap+1","Steam","Glacier+1","Genetic Algorithm+1","Sunder","Hologram","Lockon+1","Reboot","Defragment+1","Hello World","Coolheaded","Defragment+1","Leap","Storm+1","White Noise+1","Leap+1","Capacitor+1","Capacitor+1","Defragment+1","Seek","Coolheaded+1","Reinforced Body+1","Self Repair+1","Glacier","Injury","Loop+1","Self Repair+1","Blizzard","BootSequence+1"],"special_seed":0,"relics":["Cracked Core","Dream Catcher","PreservedInsect","Dodecahedron","Runic Pyramid","War Paint","Frozen Egg 2","Blue Candle","Cursed Key","Mummified Hand","Singing Bowl","Shovel","Ornamental Fan","Emotion Chip","Symbiotic Virus","Bottled Flame"],"potions_floor_usage":[23,23,23,31,33,44,45,50,55,55,55],"damage_taken":[{"damage":9.0,"enemies":"Jaw Worm","floor":1.0,"turns":4.0},{"damage":1.0,"enemies":"Cultist","floor":3.0,"turns":3.0},{"damage":0.0,"enemies":"Small Slimes","floor":5.0,"turns":2.0},{"damage":19.0,"enemies":"Lagavulin","floor":6.0,"turns":5.0},{"damage":1.0,"enemies":"Looter","floor":8.0,"turns":3.0},{"damage":1.0,"enemies":"Gremlin Nob","floor":11.0,"turns":4.0},{"damage":0.0,"enemies":"Blue Slaver","floor":12.0,"turns":4.0},{"damage":0.0,"enemies":"Large Slime","floor":14.0,"turns":5.0},{"damage":16.0,"enemies":"The Guardian","floor":16.0,"turns":10.0},{"damage":7.0,"enemies":"Shell Parasite","floor":18.0,"turns":6.0},{"damage":0.0,"enemies":"Chosen","floor":19.0,"turns":5.0},{"damage":0.0,"enemies":"Snecko","floor":21.0,"turns":6.0},{"damage":12.0,"enemies":"Centurion and Healer","floor":22.0,"turns":11.0},{"damage":0,"enemies":"Gremlin Leader","floor":23,"turns":6},{"damage":8,"enemies":"Snake Plant","floor":25,"turns":4},{"damage":0,"enemies":"Book of Stabbing","floor":27,"turns":4},{"damage":7,"enemies":"Sentry and Sphere","floor":30,"turns":5},{"damage":23,"enemies":"3 Cultists","floor":31,"turns":6},{"damage":23,"enemies":"Collector","floor":33,"turns":6},{"damage":0,"enemies":"3 Shapes","floor":35,"turns":3},{"damage":0,"enemies":"3 Darklings","floor":36,"turns":6},{"damage":0,"enemies":"Maw","floor":38,"turns":4},{"damage":0,"enemies":"Nemesis","floor":41,"turns":7},{"damage":0,"enemies":"Reptomancer","floor":44,"turns":5},{"damage":0,"enemies":"Writhing Mass","floor":45,"turns":3},{"damage":1,"enemies":"Sphere and 2 Shapes","floor":46,"turns":3},{"damage":10,"enemies":"Giant Head","floor":47,"turns":6},{"damage":0,"enemies":"Spire Growth","floor":48,"turns":5},{"damage":25,"enemies":"Awakened One","floor":50,"turns":8},{"damage":0,"enemies":"Shield and Spear","floor":54,"turns":5},{"damage":36,"enemies":"The Heart","floor":55,"turns":6}],"seed_played":"-2480763662465866109","potions_obtained":[{"floor":5.0,"key":"FocusPotion"},{"floor":8.0,"key":"EssenceOfSteel"},{"floor":11.0,"key":"LiquidBronze"},{"floor":14.0,"key":"Ancient Potion"},{"floor":18.0,"key":"Swift Potion"},{"floor":21.0,"key":"Fire Potion"},{"floor":23,"key":"Block Potion"},{"floor":25,"key":"Weak Potion"},{"floor":27,"key":"FearPotion"},{"floor":31,"key":"Dexterity Potion"},{"floor":35,"key":"LiquidBronze"},{"floor":38,"key":"GamblersBrew"},{"floor":45,"key":"Fire Potion"},{"floor":48,"key":"FearPotion"},{"floor":54,"key":"FocusPotion"}],"is_trial":false,"path_per_floor":["M","?","M","$","M","E","R","M","T","R","E","M","R","M","R","B",null,"M","M","$","M","M","E","R","M","T","E","$","R","M","M","R","B",null,"M","M","$","M","?","R","E","R","T","E","M","M","E","M","R","B",null,"R","$","E","B",null],"character_chosen":"DEFECT","items_purchased":["War Paint","Coolheaded","Defragment","Capacitor+1","Self Repair+1"],"campfire_rested":1,"item_purchase_floors":[20,20,20,28,37],"current_hp_per_floor":[59,59,58,58,58,39,39,38,38,38,37,37,37,37,37,21,62,55,55,55,55,43,43,43,35,35,35,35,35,28,5,27,4,57,57,57,57,67,67,67,75,75,75,75,77,77,77,77,77,72,76,76,76,79,63],"gold":67,"neow_bonus":"HUNDRED_GOLD","is_prod":false,"is_daily":false,"chose_seed":false,"campfire_upgraded":7,"win_rate":0,"timestamp":1553021653,"path_taken":["M","?","M","$","M","E","R","M","T","R","E","M","R","M","R","BOSS","M","?","$","?","?","E","R","M","T","E","$","R","M","M","R","BOSS","M","M","$","M","?","R","E","R","T","E","M","M","E","M","R","BOSS","R","$","E","BOSS"],"build_version":"2019-01-23","purchased_purges":4,"victory":true,"max_hp_per_floor":[75,75,75,75,75,75,75,75,75,75,75,75,75,75,75,75,75,75,75,75,75,75,75,75,75,75,75,75,75,75,75,75,75,75,75,75,75,75,75,75,75,75,75,75,77,77,77,77,77,77,77,77,77,79,79],"card_choices":[{"not_picked":["Redo","Go for the Eyes"],"picked":"Ball Lightning","floor":1.0},{"not_picked":["Compile Driver","Go for the Eyes"],"picked":"Leap","floor":3.0},{"not_picked":["Barrage","Hologram"],"picked":"Steam","floor":5.0},{"not_picked":["Reinforced Body","Skim"],"picked":"Glacier","floor":6.0},{"not_picked":["FTL","Gash"],"picked":"Genetic Algorithm","floor":8.0},{"not_picked":["Chaos","All For One"],"picked":"Sunder","floor":11.0},{"not_picked":["Cold Snap","Go for the Eyes"],"picked":"Hologram","floor":12.0},{"not_picked":["Rebound","Rip and Tear"],"picked":"Lockon","floor":14.0},{"not_picked":["Multi-Cast","Fission"],"picked":"Reboot","floor":16.0},{"not_picked":["Compile Driver","Turbo"],"picked":"Defragment","floor":18.0},{"not_picked":["Redo+1","Blizzard"],"picked":"Hello World","floor":19.0},{"not_picked":["Stack","Compile Driver+1"],"picked":"Leap","floor":21.0},{"not_picked":["Turbo","Leap"],"picked":"Cold Snap","floor":22.0},{"not_picked":["Auto Shields","Heatsinks+1"],"picked":"Storm","floor":23},{"not_picked":["Aggregate","Redo"],"picked":"White Noise","floor":25},{"not_picked":["Stack","Chill+1"],"picked":"Leap+1","floor":27},{"not_picked":["Barrage","Leap"],"picked":"Capacitor+1","floor":30},{"not_picked":["Turbo","Redo"],"picked":"Defragment+1","floor":31},{"not_picked":["Core Surge","Rainbow"],"picked":"Seek","floor":33},{"not_picked":["Stack","Beam Cell"],"picked":"Coolheaded+1","floor":35},{"not_picked":["Steam","Static Discharge+1"],"picked":"Reinforced Body+1","floor":36},{"not_picked":["Recycle","Ball Lightning"],"picked":"Glacier","floor":38},{"not_picked":["Redo+1","Leap+1","Lockon+1"],"picked":"SKIP","floor":41},{"not_picked":["FTL+1","Gash+1"],"picked":"Loop+1","floor":44},{"not_picked":["Gash+1","Aggregate+1","Sweeping Beam+1"],"picked":"Singing Bowl","floor":45},{"not_picked":["Skim+1","Conserve Battery+1"],"picked":"Self Repair+1","floor":46},{"not_picked":["Compile Driver","Go for the Eyes"],"picked":"Blizzard","floor":47},{"not_picked":["Stack","Coolheaded"],"picked":"BootSequence+1","floor":48},{"not_picked":["Beam Cell+1","Force Field","Go for the Eyes+1"],"picked":"Singing Bowl","floor":54}],"player_experience":355957,"relics_obtained":[{"floor":6.0,"key":"Dream Catcher"},{"floor":9.0,"key":"PreservedInsect"},{"floor":11.0,"key":"Dodecahedron"},{"floor":23,"key":"Frozen Egg 2"},{"floor":27,"key":"Blue Candle"},{"floor":41,"key":"Mummified Hand"},{"floor":43,"key":"Singing Bowl"},{"floor":44,"key":"Shovel"},{"floor":47,"key":"Ornamental Fan"},{"floor":49,"key":"Emotion Chip"},{"floor":52,"key":"Symbiotic Virus"},{"floor":54,"key":"Bottled Flame"}],"event_choices":[{"damage_healed":0.0,"max_hp_gain":0.0,"max_hp_loss":0.0,"gold_gain":0.0,"event_name":"Accursed Blacksmith","player_choice":"Forge","floor":2.0,"gold_loss":0.0,"damage_taken":0.0,"cards_upgraded":["Dualcast"]},{"cards_removed":["Cold Snap"],"damage_healed":0,"gold_gain":0,"player_choice":"Removed Attack","damage_taken":0,"max_hp_gain":0,"max_hp_loss":0,"event_name":"Falling","floor":39,"gold_loss":0}],"is_beta":false,"boss_relics":[{"not_picked":["Velvet Choker","White Beast Statue"],"picked":"Runic Pyramid"},{"not_picked":["Calling Bell","Black Star"],"picked":"Cursed Key"}],"items_purged_floors":[4,20,37,53],"is_endless":false,"potions_floor_spawned":[5,8,11,14,18,21,23,25,27,31,35,38,45,48,54],"ascension_level":6}