{"gold_per_floor":[110,110,33,33,33,33,52,52,129,129,145,178,178,188,188,188],"floor_reached":16,"playtime":523,"items_purged":[],"score":137,"play_id":"e1b7df6f-b4b0-4c3a-ac74-092f8ac22e96","local_time":"20190120001203","is_ascension_mode":true,"campfire_choices":[{"data":"Noxious Fumes","floor":6,"key":"SMITH"},{"data":"Corpse Explosion","floor":10,"key":"SMITH"},{"data":"Leg Sweep","floor":15,"key":"SMITH"}],"neow_cost":"TEN_PERCENT_HP_LOSS","seed_source_timestamp":997074985784535,"circlet_count":0,"master_deck":["Defend_G","Defend_G","Defend_G","Defend_G","Strike_G","Survivor","Neutralize","Corpse Explosion+1","Noxious Fumes+1","Poisoned Stab","Deadly Poison","Leg Sweep+1","Escape Plan"],"relics":["Ring of the Snake","Centennial Puzzle","Bag of Marbles"],"potions_floor_usage":[12,12,16],"damage_taken":[{"damage":8,"enemies":"Small Slimes","floor":1,"turns":6},{"damage":2,"enemies":"2 Louse","floor":7,"turns":2},{"damage":1,"enemies":"Cultist","floor":11,"turns":3},{"damage":2,"enemies":"3 Sentries","floor":12,"turns":2},{"damage":0,"enemies":"Large Slime","floor":14,"turns":4},{"damage":48,"enemies":"Slime Boss","floor":16,"turns":10}],"seed_played":"-478020143219476016","potions_obtained":[{"floor":7,"key":"Dexterity Potion"},{"floor":8,"key":"Energy Potion"},{"floor":8,"key":"Fire Potion"},{"floor":14,"key":"Energy Potion"}],"is_trial":false,"path_per_floor":["M","?","$","?","?","R","M","?","T","R","M","E","?","M","R","B"],"character_chosen":"THE_SILENT","items_purchased":["Noxious Fumes"],"campfire_rested":0,"item_purchase_floors":[3],"current_hp_per_floor":[55,55,55,52,52,52,50,50,50,50,49,47,47,47,47,0],"gold":188,"neow_bonus":"REMOVE_TWO","is_prod":false,"is_daily":false,"chose_seed":false,"campfire_upgraded":3,"win_rate":0,"timestamp":1547971923,"path_taken":["M","?","$","?","?","R","?","?","T","R","?","E","?","M","R","BOSS"],"build_version":"2019-01-17v2","purchased_purges":0,"victory":false,"max_hp_per_floor":[63,63,63,63,63,63,63,63,63,63,63,63,63,63,63,63],"card_choices":[{"not_picked":["Dodge and Roll","Blade Dance","PiercingWail"],"picked":"SKIP","floor":1},{"not_picked":["Endless Agony","Tactician"],"picked":"Deadly Poison","floor":7},{"not_picked":["Choke","Outmaneuver","Cloak And Dagger"],"picked":"SKIP","floor":11},{"not_picked":["Endless Agony","Underhanded Strike"],"picked":"Leg Sweep","floor":12},{"not_picked":["Deflect","Deadly Poison"],"picked":"Escape Plan","floor":14}],"player_experience":374246,"relics_obtained":[{"floor":12,"key":"Bag of Marbles"}],"event_choices":[{"damage_healed":0,"gold_gain":0,"cards_transformed":["Strike_G"],"player_choice":"Change","damage_taken":0,"max_hp_gain":0,"max_hp_loss":0,"event_name":"Living Wall","floor":2,"gold_loss":0,"cards_obtained":["Corpse Explosion"]},{"damage_healed":0,"gold_gain":0,"player_choice":"Success","damage_taken":3,"relics_obtained":["Centennial Puzzle"],"max_hp_gain":0,"max_hp_loss":0,"event_name":"Scrap Ooze","floor":4,"gold_loss":0},{"damage_healed":0,"gold_gain":0,"cards_transformed":["Strike_G"],"player_choice":"Transformed","damage_taken":0,"max_hp_gain":0,"max_hp_loss":0,"event_name":"Transmorgrifier","floor":5,"gold_loss":0,"cards_obtained":["Poisoned Stab"]},{"damage_healed":0,"gold_gain":0,"player_choice":"Got Potions","damage_taken":0,"max_hp_gain":0,"max_hp_loss":0,"event_name":"Lab","floor":8,"gold_loss":0},{"cards_removed":["Strike_G"],"damage_healed":0,"gold_gain":0,"player_choice":"Card Removal","damage_taken":0,"max_hp_gain":0,"max_hp_loss":0,"event_name":"Wheel of Change","floor":13,"gold_loss":0}],"is_beta":false,"boss_relics":[],"items_purged_floors":[],"is_endless":false,"potions_floor_spawned":[7,11,14],"killed_by":"Slime Boss","ascension_level":8}