{"gold_per_floor":[113,34,50,50,61,61,78,96,152,227,227,227,253,109,109,183,233,244,278,278,267,267,283,104,104],"floor_reached":25,"playtime":1130,"items_purged":["Strike_G","Strike_G"],"score":315,"play_id":"c2098276-fee9-4bec-835b-fa53354b2270","local_time":"20190512003652","is_ascension_mode":true,"campfire_choices":[{"data":"Noxious Fumes","floor":6,"key":"SMITH"},{"floor":11,"key":"REST"},{"data":"Noxious Fumes","floor":15,"key":"SMITH"}],"neow_cost":"NONE","seed_source_timestamp":1922720627054514,"circlet_count":0,"master_deck":["AscendersBane","Defend_G","Defend_G","Defend_G","Defend_G","Defend_G","Strike_G","Strike_G","Strike_G","Survivor","Neutralize+1","Blind","Blur","Noxious Fumes+1","Backflip","Crippling Poison","PiercingWail","Noxious Fumes+1","Malaise","Footwork","Blur","Backstab","Writhe","Noxious Fumes"],"relics":["Ring of the Snake","Tiny Chest","Odd Mushroom","Tiny House","Red Mask","Letter Opener","Orichalcum"],"potions_floor_usage":[7,13,18,19],"damage_taken":[{"damage":9,"enemies":"Jaw Worm","floor":1,"turns":7},{"damage":3,"enemies":"Small Slimes","floor":3,"turns":5},{"damage":4,"enemies":"2 Louse","floor":5,"turns":4},{"damage":21,"enemies":"Exordium Wildlife","floor":7,"turns":5},{"damage":0,"enemies":"Red Slaver","floor":8,"turns":5},{"damage":5,"enemies":"The Mushroom Lair","floor":13,"turns":5},{"damage":10,"enemies":"Hexaghost","floor":16,"turns":10},{"damage":8,"enemies":"3 Byrds","floor":18,"turns":4},{"damage":45,"enemies":"Masked Bandits","floor":19,"turns":4},{"damage":16,"enemies":"2 Thieves","floor":21,"turns":4},{"damage":1,"enemies":"Centurion and Healer","floor":23,"turns":8},{"damage":8,"enemies":"Snecko","floor":25,"turns":6}],"seed_played":"-3073358379566532394","potions_obtained":[{"floor":1,"key":"Fire Potion"},{"floor":8,"key":"Regen Potion"},{"floor":16,"key":"AttackPotion"},{"floor":17,"key":"Energy Potion"}],"is_trial":false,"path_per_floor":["M","$","M","?","M","R","M","M","T","?","R","?","?","$","R","B",null,"M","?","T","M","?","M","$","M"],"character_chosen":"THE_SILENT","items_purchased":["Noxious Fumes","Noxious Fumes","Noxious Fumes"],"campfire_rested":1,"item_purchase_floors":[2,14,24],"current_hp_per_floor":[54,54,51,51,47,47,26,26,26,15,36,59,68,68,68,58,72,64,19,19,3,3,2,2,0],"gold":104,"neow_bonus":"RANDOM_COLORLESS","is_prod":false,"is_daily":false,"chose_seed":false,"campfire_upgraded":2,"win_rate":0,"timestamp":1557646612,"path_taken":["M","$","M","?","M","R","M","M","T","?","R","?","?","$","R","BOSS","M","?","?","?","?","M","$","M"],"build_version":"2019-01-23","purchased_purges":2,"victory":false,"max_hp_per_floor":[70,70,70,70,70,70,70,70,70,70,70,70,70,70,70,70,75,75,75,75,75,75,75,75,75],"card_choices":[{"not_picked":["Deadly Poison","Distraction"],"picked":"Blur","floor":1},{"not_picked":["Bane","Poisoned Stab"],"picked":"Backflip","floor":3},{"not_picked":["Flechettes","Prepared","Deflect"],"picked":"SKIP","floor":5},{"not_picked":["Cloak And Dagger","Bane","Deadly Poison"],"picked":"SKIP","floor":7},{"not_picked":["Dodge and Roll","Concentrate"],"picked":"Crippling Poison","floor":8},{"not_picked":["Underhanded Strike","A Thousand Cuts"],"picked":"PiercingWail","floor":13},{"not_picked":["Storm of Steel","Phantasmal Killer"],"picked":"Malaise","floor":16},{"not_picked":["Caltrops","Choke"],"picked":"Footwork","floor":17},{"not_picked":["Acrobatics","Riddle With Holes"],"picked":"Blur","floor":18},{"not_picked":["Flying Knee","PiercingWail"],"picked":"Backstab","floor":19},{"not_picked":["Dodge and Roll","Finisher","Slice"],"picked":"SKIP","floor":21},{"not_picked":["Calculated Gamble","Setup+1","Caltrops"],"picked":"SKIP","floor":23}],"player_experience":567045,"relics_obtained":[{"floor":9,"key":"Tiny Chest"},{"floor":13,"key":"Odd Mushroom"},{"floor":19,"key":"Red Mask"},{"floor":20,"key":"Letter Opener"}],"event_choices":[{"damage_healed":0,"gold_gain":0,"player_choice":"Ignored","damage_taken":0,"max_hp_gain":0,"max_hp_loss":0,"event_name":"Liars Game","floor":4,"gold_loss":0},{"damage_healed":0,"gold_gain":75,"player_choice":"Gather Gold","damage_taken":11,"max_hp_gain":0,"max_hp_loss":0,"event_name":"World of Goop","floor":10,"gold_loss":0},{"damage_healed":23,"gold_gain":0,"player_choice":"Banana","damage_taken":0,"max_hp_gain":0,"max_hp_loss":0,"event_name":"Big Fish","floor":12,"gold_loss":0},{"damage_healed":0,"gold_gain":0,"player_choice":"Fought Mushrooms","damage_taken":0,"max_hp_gain":0,"max_hp_loss":0,"event_name":"Mushrooms","floor":13,"gold_loss":0},{"damage_healed":0,"gold_gain":0,"player_choice":"Fought Bandits","damage_taken":0,"max_hp_gain":0,"max_hp_loss":0,"event_name":"Masked Bandits","floor":19,"gold_loss":0},{"damage_healed":0,"gold_gain":0,"player_choice":"Opened","damage_taken":0,"relics_obtained":["Orichalcum"],"max_hp_gain":0,"max_hp_loss":0,"event_name":"The Mausoleum","floor":22,"gold_loss":0,"cards_obtained":["Writhe"]}],"is_beta":false,"boss_relics":[{"not_picked":["HoveringKite","Eternal Feather"],"picked":"Tiny House"}],"items_purged_floors":[14,24],"is_endless":false,"potions_floor_spawned":[1,8,16],"killed_by":"Snecko","ascension_level":13}