{"gold_per_floor":[113,131,206,206,225,225,254,254,254,254,254,23,56,69,69,147,147,166,166,166,185,29,54,54,66,66,66,66,84,101,118,118,194,194,212,212,312,19,31,31],"floor_reached":40,"playtime":4542,"items_purged":["Strike_R","Strike_R","Regret"],"score":903,"play_id":"5dce9ec7-4491-49be-8d2f-65f8002a0008","local_time":"20190610111608","is_ascension_mode":true,"campfire_choices":[{"data":"Bash","floor":6.0,"key":"SMITH"},{"data":"Anger","floor":8.0,"key":"SMITH"},{"floor":10.0,"key":"REST"},{"floor":15.0,"key":"REST"},{"floor":28,"key":"REST"},{"data":"Heavy Blade","floor":32,"key":"SMITH"}],"neow_cost":"NONE","seed_source_timestamp":0,"circlet_count":0,"master_deck":["AscendersBane","Defend_R","Defend_R","Defend_R","Defend_R","Bash+1","Hemokinesis+1","Anger+1","Corruption+1","Shrug It Off+1","Warcry+1","Battle Trance+1","Barricade+1","Shrug It Off+1","Heavy Blade+1","Shrug It Off+1","Bite","Bite","Bite","Bite","Bite","Disarm+1","RitualDagger","Sentinel+1","Headbutt","Demon Form+1","Feed","Decay","Injury","Finesse+1","Pummel","Body Slam"],"special_seed":0,"relics":["Burning Blood","WingedGreaves","Frozen Egg 2","Toxic Egg 2","Self Forming Clay","Runic Pyramid","Shuriken","Juzu Bracelet","Calling Bell","Art of War","Pear","Torii","Charon\u0027s Ashes","Oddly Smooth Stone"],"potions_floor_usage":[23,33,33],"damage_taken":[{"damage":12.0,"enemies":"Cultist","floor":1.0,"turns":4.0},{"damage":8.0,"enemies":"Small Slimes","floor":2.0,"turns":3.0},{"damage":2.0,"enemies":"2 Louse","floor":5.0,"turns":3.0},{"damage":24.0,"enemies":"Lagavulin","floor":7.0,"turns":5.0},{"damage":10.0,"enemies":"Gremlin Nob","floor":13.0,"turns":3.0},{"damage":7.0,"enemies":"Gremlin Gang","floor":14.0,"turns":2.0},{"damage":35.0,"enemies":"Slime Boss","floor":16.0,"turns":8.0},{"damage":2.0,"enemies":"Spheric Guardian","floor":18.0,"turns":4.0},{"damage":14.0,"enemies":"2 Thieves","floor":21.0,"turns":4.0},{"damage":39,"enemies":"Gremlin Leader","floor":23,"turns":6},{"damage":36,"enemies":"Snake Plant","floor":25,"turns":7},{"damage":2,"enemies":"Cultist and Chosen","floor":29,"turns":8},{"damage":31,"enemies":"Shelled Parasite and Fungi","floor":30,"turns":5},{"damage":5,"enemies":"Snake Plant","floor":31,"turns":7},{"damage":56,"enemies":"Automaton","floor":33,"turns":8},{"damage":11,"enemies":"3 Shapes","floor":35,"turns":6},{"damage":11,"enemies":"Mind Bloom Boss Battle","floor":37,"turns":6},{"damage":25,"enemies":"Orb Walker","floor":39,"turns":3},{"damage":69,"enemies":"Giant Head","floor":40,"turns":6}],"seed_played":"-3300999679342429875","potions_obtained":[{"floor":0.0,"key":"Explosive Potion"},{"floor":0.0,"key":"Strength Potion"},{"floor":14.0,"key":"Explosive Potion"},{"floor":16.0,"key":"GamblersBrew"},{"floor":18.0,"key":"Poison Potion"},{"floor":25,"key":"SteroidPotion"},{"floor":30,"key":"Swift Potion"},{"floor":37,"key":"Strength Potion"}],"is_trial":false,"path_per_floor":["M","M","?","?","M","R","E","R","T","R","?","$","E","M","R","B",null,"M","?","?","M","$","E","?","M","T","?","R","M","M","M","R","B",null,"M","?","?","$","M","E"],"character_chosen":"IRONCLAD","items_purchased":["Corruption+1","Shrug It Off+1","Fire Potion","Shrug It Off+1","Oddly Smooth Stone"],"campfire_rested":3,"item_purchase_floors":[12,12,12,22,38],"current_hp_per_floor":[62,60,49,49,53,53,35,35,35,57,31,31,27,26,48,19,61,65,65,65,57,57,24,24,20,20,14,29,52,41,52,52,24,55,59,59,64,64,55,0],"gold":31,"neow_bonus":"THREE_SMALL_POTIONS","is_prod":false,"is_daily":false,"chose_seed":false,"campfire_upgraded":3,"win_rate":0,"timestamp":1560158168,"path_taken":["M","M","?","?","M","R","E","R","T","R","?","$","E","M","R","BOSS","M","?","?","M","$","E","?","M","T","?","R","M","M","M","R","BOSS","M","?","?","?","M","E"],"build_version":"2019-01-23","purchased_purges":3,"victory":false,"max_hp_per_floor":[75,75,75,75,75,75,75,75,75,75,75,75,75,75,75,75,75,75,75,75,75,75,75,52,52,52,52,52,52,52,52,52,52,62,65,65,65,65,68,68],"card_choices":[{"not_picked":["Dropkick","Thunderclap"],"picked":"Hemokinesis","floor":1.0},{"not_picked":["Intimidate","Warcry","True Grit"],"picked":"SKIP","floor":2.0},{"not_picked":["Warcry","Sentinel","Sever Soul"],"picked":"SKIP","floor":5.0},{"not_picked":["Carnage","Seeing Red"],"picked":"Anger","floor":7.0},{"not_picked":["Clash","Heavy Blade"],"picked":"Warcry+1","floor":13.0},{"not_picked":["Sword Boomerang","Berserk+1"],"picked":"Battle Trance+1","floor":14.0},{"not_picked":["Reaper","Juggernaut+1"],"picked":"Barricade+1","floor":16.0},{"not_picked":["Fire Breathing+1","Warcry+1"],"picked":"Shrug It Off+1","floor":18.0},{"not_picked":["Sword Boomerang","Havoc+1"],"picked":"Heavy Blade","floor":21.0},{"not_picked":["Uppercut","Anger","Heavy Blade"],"picked":"SKIP","floor":23},{"not_picked":["Corruption+1","Carnage"],"picked":"Disarm+1","floor":25},{"not_picked":["Anger","Burning Pact+1"],"picked":"Sentinel+1","floor":29},{"not_picked":["Iron Wave","Flex+1"],"picked":"Headbutt","floor":30},{"not_picked":["Heavy Blade","Sword Boomerang"],"picked":"Demon Form+1","floor":31},{"not_picked":["Reaper","Immolate"],"picked":"Feed","floor":33},{"not_picked":["Intimidate+1","Warcry+1","Heavy Blade+1"],"picked":"SKIP","floor":35},{"not_picked":["Metamorphosis+1","Magnetism+1"],"picked":"Finesse+1","floor":36},{"not_picked":["Anger","Cleave"],"picked":"Pummel","floor":37},{"not_picked":["Uppercut","Twin Strike"],"picked":"Body Slam","floor":39}],"player_experience":848980,"relics_obtained":[{"floor":7.0,"key":"WingedGreaves"},{"floor":9.0,"key":"Frozen Egg 2"},{"floor":13.0,"key":"Self Forming Clay"},{"floor":23,"key":"Juzu Bracelet"},{"floor":34,"key":"Art of War"},{"floor":34,"key":"Pear"},{"floor":34,"key":"Torii"},{"floor":37,"key":"Charon\u0027s Ashes"}],"event_choices":[{"damage_healed":0.0,"max_hp_gain":0.0,"max_hp_loss":0.0,"gold_gain":75.0,"event_name":"World of Goop","player_choice":"Gather Gold","floor":3.0,"gold_loss":0.0,"damage_taken":11.0},{"damage_healed":0.0,"max_hp_gain":0.0,"max_hp_loss":0.0,"gold_gain":0.0,"event_name":"Living Wall","player_choice":"Grow","floor":4.0,"gold_loss":0.0,"damage_taken":0.0,"cards_upgraded":["Hemokinesis"]},{"damage_healed":0.0,"max_hp_gain":0.0,"max_hp_loss":0.0,"gold_gain":0.0,"event_name":"Scrap Ooze","player_choice":"Success","floor":11.0,"gold_loss":0.0,"damage_taken":26.0,"relics_obtained":["Toxic Egg 2"]},{"damage_healed":0.0,"max_hp_gain":0.0,"max_hp_loss":0.0,"gold_gain":0.0,"event_name":"The Mausoleum","player_choice":"Opened","floor":19.0,"gold_loss":0.0,"damage_taken":0.0,"relics_obtained":["Shuriken"],"cards_obtained":["Writhe"]},{"cards_removed":["Writhe"],"damage_healed":0.0,"max_hp_gain":0.0,"max_hp_loss":0.0,"gold_gain":0.0,"event_name":"Wheel of Change","player_choice":"Card Removal","floor":20.0,"gold_loss":0.0,"damage_taken":0.0},{"damage_healed":0,"gold_gain":0,"player_choice":"Became a vampire","damage_taken":0,"max_hp_gain":0,"max_hp_loss":23,"event_name":"Vampires","floor":24,"gold_loss":0,"cards_obtained":["Bite","Bite","Bite","Bite","Bite"]},{"damage_healed":0,"gold_gain":0,"player_choice":"Joined the Cult","damage_taken":6,"max_hp_gain":0,"max_hp_loss":0,"event_name":"Nest","floor":27,"gold_loss":0,"cards_obtained":["RitualDagger"]},{"damage_healed":0,"gold_gain":0,"player_choice":"Memory 1","damage_taken":0,"max_hp_gain":0,"max_hp_loss":0,"event_name":"SensoryStone","floor":36,"gold_loss":0},{"damage_healed":0,"gold_gain":0,"player_choice":"Fight","damage_taken":0,"max_hp_gain":0,"max_hp_loss":0,"event_name":"MindBloom","floor":37,"gold_loss":0}],"is_beta":false,"boss_relics":[{"not_picked":["Philosopher\u0027s Stone","Cursed Key"],"picked":"Runic Pyramid"},{"not_picked":["White Beast Statue","Eternal Feather"],"picked":"Calling Bell"}],"items_purged_floors":[12,22,38],"is_endless":false,"potions_floor_spawned":[1,14,16,18,25,30,37],"killed_by":"Giant Head","ascension_level":20}