{"gold_per_floor":[369,386,386,404,404,404,435,227,252,271,271,304,304,316,316,419,419,439,449,462,475,475,491,520,530,582,595,595,611,25,44,44,148,148,167,185,33,43,55,89,109,120,143,160,160,174,193,204,204,204],"floor_reached":51,"playtime":10834,"items_purged":["Regret","Defend_R"],"score":772,"play_id":"6a7caf31-08d5-43a4-b693-b8f3e1055397","local_time":"20190112170022","is_ascension_mode":false,"campfire_choices":[{"data":"Body Slam","floor":6.0,"key":"SMITH"},{"data":"Discovery","floor":11,"key":"SMITH"},{"data":"Iron Wave","floor":15,"key":"SMITH"},{"data":"Body Slam","floor":28,"key":"SMITH"},{"data":"Pommel Strike","floor":32,"key":"SMITH"},{"floor":49,"key":"REST"}],"neow_cost":"TEN_PERCENT_HP_LOSS","seed_source_timestamp":0,"circlet_count":0,"master_deck":["Strike_R","Strike_R","Strike_R","Strike_R","Defend_R","Defend_R","Defend_R","Bash","Iron Wave+1","Body Slam+1","Shrug It Off","Rage","Shrug It Off","Discovery+1","Pommel Strike+1","Shrug It Off","Offering","Body Slam+1","Seeing Red+1","Anger+1","Shrug It Off","Clash","Ghostly Armor","Iron Wave","Clash+1","Thunderclap+1","Thunderclap+1","Entrench+1","Iron Wave+1","Body Slam+1","Iron Wave+1"],"special_seed":0,"relics":["Burning Blood","Boot","Ancient Tea Set","Juzu Bracelet","Meat on the Bone","Philosopher\u0027s Stone","Matryoshka","Lantern","Regal Pillow","Vajra","Bag of Preparation","Anchor","TheAbacus","Fusion Hammer","Bag of Marbles","Bronze Scales","PreservedInsect","Pen Nib","Spirit Poop"],"potions_floor_usage":[7,7,12,20,24,29,41,50],"damage_taken":[{"damage":0.0,"enemies":"Small Slimes","floor":1.0,"turns":3.0},{"damage":1.0,"enemies":"Jaw Worm","floor":2.0,"turns":3.0},{"damage":0.0,"enemies":"2 Louse","floor":4.0,"turns":3.0},{"damage":23,"enemies":"Lagavulin","floor":7,"turns":8},{"damage":2,"enemies":"Exordium Thugs","floor":10,"turns":6},{"damage":19,"enemies":"Gremlin Nob","floor":12,"turns":4},{"damage":0,"enemies":"Red Slaver","floor":14,"turns":3},{"damage":42,"enemies":"Hexaghost","floor":16,"turns":12},{"damage":1,"enemies":"Shell Parasite","floor":18,"turns":4},{"damage":12,"enemies":"3 Byrds","floor":19,"turns":4},{"damage":12,"enemies":"Centurion and Healer","floor":20,"turns":6},{"damage":10,"enemies":"Chosen and Byrds","floor":21,"turns":6},{"damage":6,"enemies":"3 Cultists","floor":23,"turns":4},{"damage":21,"enemies":"Slavers","floor":24,"turns":6},{"damage":31,"enemies":"Cultist and Chosen","floor":25,"turns":6},{"damage":1,"enemies":"Centurion and Healer","floor":27,"turns":5},{"damage":0,"enemies":"Snecko","floor":29,"turns":2},{"damage":6,"enemies":"Shelled Parasite and Fungi","floor":31,"turns":2},{"damage":41,"enemies":"Automaton","floor":33,"turns":7},{"damage":1,"enemies":"Orb Walker","floor":35,"turns":2},{"damage":4,"enemies":"3 Darklings","floor":36,"turns":4},{"damage":0,"enemies":"Sphere and 2 Shapes","floor":38,"turns":1},{"damage":3,"enemies":"Jaw Worm Horde","floor":39,"turns":3},{"damage":26,"enemies":"Nemesis","floor":40,"turns":3},{"damage":13,"enemies":"Maw","floor":41,"turns":6},{"damage":0,"enemies":"Writhing Mass","floor":42,"turns":3},{"damage":0,"enemies":"Transient","floor":44,"turns":5},{"damage":17,"enemies":"4 Shapes","floor":46,"turns":6},{"damage":0,"enemies":"Maw","floor":47,"turns":2},{"damage":0,"enemies":"3 Darklings","floor":48,"turns":1},{"damage":47,"enemies":"Donu and Deca","floor":50,"turns":8}],"seed_played":"4766756407101442116","potions_obtained":[{"floor":2.0,"key":"Dexterity Potion"},{"floor":4.0,"key":"SkillPotion"},{"floor":7,"key":"Energy Potion"},{"floor":10,"key":"Regen Potion"},{"floor":19,"key":"Block Potion"},{"floor":20,"key":"SkillPotion"},{"floor":21,"key":"PowerPotion"},{"floor":27,"key":"Swift Potion"},{"floor":31,"key":"SteroidPotion"},{"floor":33,"key":"BloodPotion"},{"floor":35,"key":"FearPotion"},{"floor":40,"key":"SkillPotion"},{"floor":41,"key":"Dexterity Potion"},{"floor":44,"key":"Weak Potion"},{"floor":47,"key":"Explosive Potion"}],"is_trial":false,"path_per_floor":["M","M","?","M","?","R","E","$","T","M","R","E","?","M","R","B",null,"M","M","M","M","?","M","E","M","T","M","R","M","$","M","R","B",null,"M","M","$","M","M","E","M","M","T","M","?","M","M","M","R","B",null],"character_chosen":"IRONCLAD","items_purchased":["Shrug It Off","Discovery","Bag of Preparation","Anchor","TheAbacus","Bag of Marbles"],"campfire_rested":1,"item_purchase_floors":[8,8,30,30,30,37],"current_hp_per_floor":[72,72,72,72,72,72,55,55,55,59,59,58,51,57,57,33,72,72,66,60,56,56,56,53,40,40,45,45,51,51,51,51,28,72,72,72,72,72,72,52,45,51,51,57,57,46,52,58,69,40],"gold":204,"neow_bonus":"TWO_FIFTY_GOLD","is_prod":false,"is_daily":false,"chose_seed":false,"campfire_upgraded":5,"win_rate":0.0,"timestamp":1547305222,"path_taken":["M","M","?","M","?","R","E","$","T","M","R","E","?","M","R","BOSS","M","M","M","M","?","M","E","M","T","M","R","M","$","M","R","BOSS","M","M","$","M","M","E","M","M","T","M","?","M","M","M","R","BOSS"],"build_version":"2019-01-10","purchased_purges":2,"victory":true,"max_hp_per_floor":[72,72,72,72,72,72,72,72,72,72,72,72,72,72,72,72,72,72,72,72,72,72,72,72,72,72,72,72,72,72,72,72,72,72,72,72,72,72,72,72,72,72,72,72,69,69,69,69,69,69],"card_choices":[{"not_picked":["Heavy Blade","Rage"],"picked":"Iron Wave","floor":1.0},{"not_picked":["Infernal Blade","Flame Barrier"],"picked":"Body Slam","floor":2.0},{"not_picked":["Rampage","Intimidate"],"picked":"Shrug It Off","floor":4.0},{"not_picked":["Fiend Fire","Warcry"],"picked":"Rage","floor":7},{"not_picked":["Entrench","Sword Boomerang"],"picked":"Pommel Strike","floor":10},{"not_picked":["Reckless Charge","Corruption","Blood for Blood"],"picked":"SKIP","floor":12},{"not_picked":["Sword Boomerang","Twin Strike"],"picked":"Shrug It Off","floor":14},{"not_picked":["Barricade","Fiend Fire"],"picked":"Offering","floor":16},{"not_picked":["Fire Breathing","Warcry"],"picked":"Body Slam","floor":18},{"not_picked":["Reckless Charge","Heavy Blade+1"],"picked":"Seeing Red+1","floor":19},{"not_picked":["Burning Pact","Pommel Strike"],"picked":"Anger+1","floor":20},{"not_picked":["Blood for Blood","True Grit"],"picked":"Shrug It Off","floor":21},{"not_picked":["Rupture","Warcry+1"],"picked":"Clash","floor":23},{"not_picked":["Flame Barrier","Feel No Pain+1"],"picked":"Ghostly Armor","floor":24},{"not_picked":["Body Slam","Disarm"],"picked":"Iron Wave","floor":25},{"not_picked":["Flex","Hemokinesis","Body Slam"],"picked":"SKIP","floor":27},{"not_picked":["Iron Wave","Dual Wield"],"picked":"Clash+1","floor":29},{"not_picked":["Infernal Blade","Body Slam"],"picked":"Thunderclap+1","floor":31},{"not_picked":["Carnage+1","Searing Blow"],"picked":"Thunderclap+1","floor":35},{"not_picked":["Perfected Strike","Twin Strike","Hemokinesis"],"picked":"SKIP","floor":36},{"not_picked":["Combust","Armaments+1"],"picked":"Entrench+1","floor":38},{"not_picked":["Heavy Blade","Berserk","Armaments"],"picked":"SKIP","floor":39},{"not_picked":["Power Through","Anger","Entrench"],"picked":"SKIP","floor":40},{"not_picked":["Pummel+1","Hemokinesis+1","Thunderclap"],"picked":"SKIP","floor":41},{"not_picked":["Heavy Blade+1","Uppercut"],"picked":"Iron Wave+1","floor":42},{"not_picked":["Infernal Blade","Thunderclap","Perfected Strike+1"],"picked":"SKIP","floor":44},{"not_picked":["Seeing Red+1","Feed"],"picked":"Body Slam+1","floor":46},{"not_picked":["Warcry","Body Slam+1"],"picked":"Iron Wave+1","floor":47},{"not_picked":["Armaments","Anger+1","Sword Boomerang+1"],"picked":"SKIP","floor":48}],"player_experience":7230,"relics_obtained":[{"floor":7,"key":"Ancient Tea Set"},{"floor":9,"key":"Juzu Bracelet"},{"floor":12,"key":"Meat on the Bone"},{"floor":24,"key":"Lantern"},{"floor":26,"key":"Regal Pillow"},{"floor":26,"key":"Vajra"},{"floor":40,"key":"Bronze Scales"},{"floor":43,"key":"PreservedInsect"},{"floor":43,"key":"Pen Nib"}],"event_choices":[{"damage_healed":0.0,"max_hp_gain":0.0,"max_hp_loss":0.0,"gold_gain":0.0,"event_name":"Liars Game","player_choice":"Ignored","floor":3.0,"gold_loss":0.0,"damage_taken":0.0},{"damage_healed":0.0,"max_hp_gain":0.0,"max_hp_loss":0.0,"gold_gain":0.0,"event_name":"Big Fish","player_choice":"Box","floor":5.0,"gold_loss":0.0,"damage_taken":0.0,"relics_obtained":["Boot"],"cards_obtained":["Regret"]},{"cards_removed":["Strike_R"],"damage_healed":0,"gold_gain":0,"player_choice":"Card Removal","damage_taken":7,"max_hp_gain":0,"max_hp_loss":0,"event_name":"Golden Wing","floor":13,"gold_loss":0},{"damage_healed":0,"gold_gain":0,"player_choice":"Gave Potion","damage_taken":0,"relics_obtained":["Matryoshka"],"max_hp_gain":0,"max_hp_loss":0,"event_name":"WeMeetAgain","floor":22,"gold_loss":0},{"cards_removed":["Parasite"],"damage_healed":0,"gold_gain":0,"player_choice":"Offered Curse","damage_taken":0,"relics_obtained":["Spirit Poop"],"max_hp_gain":0,"max_hp_loss":0,"event_name":"Bonfire Elementals","floor":45,"gold_loss":0}],"is_beta":false,"boss_relics":[{"not_picked":["Snecko Eye","Runic Dome"],"picked":"Philosopher\u0027s Stone"},{"not_picked":["Tiny House","White Beast Statue"],"picked":"Fusion Hammer"}],"items_purged_floors":[8,30],"is_endless":false,"potions_floor_spawned":[2,4,7,10,19,20,21,27,31,33,35,40,41,44,46,47],"ascension_level":0}