{"gold_per_floor":[110,110,110,110,37,37,66,66,90,104,121,141,141,159,159,259,259,271,288,68,68,79,79,99,99,99,115,65,65],"floor_reached":29,"playtime":914,"items_purged":["Strike_G"],"score":360,"play_id":"080d66d7-b8e7-4225-a8ba-e0bea60ec2b2","local_time":"20190330221401","is_ascension_mode":true,"campfire_choices":[{"data":"Noxious Fumes","floor":6,"key":"SMITH"},{"floor":8,"key":"REST"},{"floor":13,"key":"REST"},{"floor":15,"key":"REST"},{"floor":23,"key":"REST"},{"floor":25,"key":"REST"}],"neow_cost":"PERCENT_DAMAGE","seed_source_timestamp":1521678808920395,"circlet_count":0,"master_deck":["AscendersBane","Defend_G","Defend_G","Defend_G","Defend_G","Defend_G","Strike_G","Strike_G","Strike_G","Survivor","Neutralize","Riddle With Holes","Noxious Fumes+1","Deadly Poison","Crippling Poison","Envenom","Cloak And Dagger","Infinite Blades","Backflip","Blade Dance","Accuracy","Terror","Catalyst","Cloak And Dagger"],"relics":["Ring of the Snake","Unceasing Top","Girya","Bronze Scales","Vajra","Cursed Key"],"potions_floor_usage":[7,16,24,24,24],"damage_taken":[{"damage":4,"enemies":"Small Slimes","floor":1,"turns":4},{"damage":32,"enemies":"Lagavulin","floor":7,"turns":8},{"damage":0,"enemies":"2 Louse","floor":10,"turns":3},{"damage":4,"enemies":"Jaw Worm","floor":11,"turns":3},{"damage":3,"enemies":"Blue Slaver","floor":12,"turns":4},{"damage":21,"enemies":"Lots of Slimes","floor":14,"turns":3},{"damage":27,"enemies":"The Guardian","floor":16,"turns":9},{"damage":0,"enemies":"Chosen","floor":18,"turns":4},{"damage":20,"enemies":"2 Thieves","floor":19,"turns":4},{"damage":33,"enemies":"Shelled Parasite and Fungi","floor":22,"turns":6},{"damage":17,"enemies":"Centurion and Healer","floor":24,"turns":4},{"damage":26,"enemies":"Sentry and Sphere","floor":27,"turns":5},{"damage":6,"enemies":"Snecko","floor":29,"turns":3}],"seed_played":"-3753237165407804899","potions_obtained":[{"floor":1,"key":"Weak Potion"},{"floor":11,"key":"SteroidPotion"},{"floor":22,"key":"EntropicBrew"}],"is_trial":false,"path_per_floor":["M","?","?","?","$","R","E","R","T","M","M","M","R","M","R","B",null,"M","M","$","?","M","R","M","R","T","M","?","M"],"character_chosen":"THE_SILENT","items_purchased":["Noxious Fumes","Backflip","Blade Dance","Accuracy"],"campfire_rested":5,"item_purchase_floors":[5,20,20,20],"current_hp_per_floor":[41,41,34,34,34,34,2,23,23,23,19,16,37,16,37,10,55,55,35,35,35,2,23,6,27,27,1,1,0],"gold":65,"neow_bonus":"ONE_RARE_RELIC","is_prod":false,"is_daily":false,"chose_seed":false,"campfire_upgraded":1,"win_rate":0,"timestamp":1554009241,"path_taken":["M","?","?","?","?","R","E","R","T","?","?","M","R","M","R","BOSS","M","M","$","?","M","R","M","R","T","M","?","M"],"build_version":"2019-01-23","purchased_purges":1,"victory":false,"max_hp_per_floor":[70,70,70,70,70,70,70,70,70,70,70,70,70,70,70,70,70,70,70,70,70,70,70,70,70,70,70,70,70],"card_choices":[{"not_picked":["Expertise","All Out Attack","Poisoned Stab"],"picked":"SKIP","floor":1},{"not_picked":["Outmaneuver","Blade Dance","Dodge and Roll"],"picked":"SKIP","floor":7},{"not_picked":["Calculated Gamble","Acrobatics"],"picked":"Deadly Poison","floor":10},{"not_picked":["Blade Dance","Reflex","Deflect"],"picked":"SKIP","floor":11},{"not_picked":["Doppelganger","Riddle With Holes"],"picked":"Crippling Poison","floor":12},{"not_picked":["Skewer","Sucker Punch","Dodge and Roll"],"picked":"SKIP","floor":14},{"not_picked":["Phantasmal Killer","Venomology"],"picked":"Envenom","floor":16},{"not_picked":["Dodge and Roll","Riddle With Holes"],"picked":"Cloak And Dagger","floor":18},{"not_picked":["Deflect","Bane"],"picked":"Infinite Blades","floor":19},{"not_picked":["Sucker Punch+1","Prepared"],"picked":"Terror","floor":22},{"not_picked":["Bane","Quick Slash"],"picked":"Catalyst","floor":24},{"not_picked":["Quick Slash+1","Deadly Poison"],"picked":"Cloak And Dagger","floor":27}],"player_experience":546096,"relics_obtained":[{"floor":7,"key":"Bronze Scales"},{"floor":9,"key":"Vajra"}],"event_choices":[{"damage_healed":0,"gold_gain":0,"cards_transformed":["Strike_G"],"player_choice":"Change","damage_taken":0,"max_hp_gain":0,"max_hp_loss":0,"event_name":"Living Wall","floor":2,"gold_loss":0,"cards_obtained":["Riddle With Holes"]},{"damage_healed":0,"gold_gain":0,"player_choice":"Success","damage_taken":7,"relics_obtained":["Girya"],"max_hp_gain":0,"max_hp_loss":0,"event_name":"Scrap Ooze","floor":3,"gold_loss":0},{"damage_healed":0,"gold_gain":0,"player_choice":"Ignored","damage_taken":0,"max_hp_gain":0,"max_hp_loss":0,"event_name":"Liars Game","floor":4,"gold_loss":0},{"damage_healed":0,"gold_gain":0,"player_choice":"Ignored","damage_taken":0,"max_hp_gain":0,"max_hp_loss":0,"event_name":"Ghosts","floor":21,"gold_loss":0},{"damage_healed":0,"gold_gain":0,"player_choice":"Bet on Murderer","damage_taken":0,"max_hp_gain":0,"max_hp_loss":0,"event_name":"The Joust","floor":28,"gold_loss":50}],"is_beta":false,"boss_relics":[{"not_picked":["Runic Dome","White Beast Statue"],"picked":"Cursed Key"}],"items_purged_floors":[20],"is_endless":false,"potions_floor_spawned":[1,11,22],"killed_by":"Snecko","ascension_level":12}