{"gold_per_floor":[117,117,131,131,150,184,196,196,196,196,211,38,38,58,58,134,184,197,34,34,50,50,50,63,94,94,94,94,94],"floor_reached":29,"playtime":1774,"items_purged":["Strike_R"],"score":450,"play_id":"971f7ecc-4b3e-4116-af34-256c2022f744","local_time":"20190206151657","is_ascension_mode":true,"campfire_choices":[{"data":"Bash","floor":8,"key":"SMITH"},{"floor":13,"key":"REST"},{"data":"Corruption","floor":15,"key":"SMITH"},{"floor":23,"key":"REST"},{"floor":27,"key":"REST"}],"neow_cost":"NONE","seed_source_timestamp":189147115282833,"circlet_count":0,"master_deck":["AscendersBane","Strike_R+1","Strike_R+1","Strike_R","Strike_R","Defend_R","Defend_R+1","Defend_R","Defend_R","Bash+1","Reckless Charge+1","Pommel Strike+1","Ghostly Armor","Pommel Strike","Clash","Corruption+1","Shrug It Off","Clash","Impervious","Feel No Pain","Anger+1","Sentinel","Flame Barrier"],"relics":["Burning Blood","NeowsBlessing","Pantograph","Shuriken","Tiny House","Potion Belt","Whetstone","Question Card"],"potions_floor_usage":[6,11,16,24,25,29],"damage_taken":[{"damage":0,"enemies":"2 Louse","floor":1,"turns":1},{"damage":0,"enemies":"Small Slimes","floor":3,"turns":1},{"damage":0,"enemies":"Cultist","floor":5,"turns":1},{"damage":27,"enemies":"Lagavulin","floor":6,"turns":6},{"damage":6,"enemies":"2 Fungi Beasts","floor":7,"turns":3},{"damage":12,"enemies":"Exordium Thugs","floor":11,"turns":4},{"damage":9,"enemies":"Lots of Slimes","floor":14,"turns":4},{"damage":45,"enemies":"Hexaghost","floor":16,"turns":7},{"damage":11,"enemies":"Shell Parasite","floor":18,"turns":4},{"damage":16,"enemies":"Spheric Guardian","floor":21,"turns":6},{"damage":34,"enemies":"Shelled Parasite and Fungi","floor":24,"turns":5},{"damage":38,"enemies":"Gremlin Leader","floor":25,"turns":7},{"damage":63,"enemies":"Book of Stabbing","floor":29,"turns":6}],"seed_played":"6328097668790123469","potions_obtained":[{"floor":4,"key":"Ancient Potion"},{"floor":4,"key":"FairyPotion"},{"floor":5,"key":"Energy Potion"},{"floor":7,"key":"SkillPotion"},{"floor":11,"key":"SteroidPotion"},{"floor":14,"key":"SkillPotion"},{"floor":17,"key":"PowerPotion"},{"floor":21,"key":"Block Potion"},{"floor":25,"key":"GamblersBrew"}],"is_trial":false,"path_per_floor":["M","?","M","?","M","E","M","R","T","?","M","$","R","M","R","B",null,"M","$","?","M","$","R","M","E","T","R","$","E"],"character_chosen":"IRONCLAD","items_purchased":["Corruption","Shrug It Off","Potion Belt"],"campfire_rested":3,"item_purchase_floors":[12,12,19],"current_hp_per_floor":[74,51,57,57,63,42,42,42,42,38,32,32,54,51,51,36,70,65,65,65,55,55,79,51,19,19,43,43,0],"gold":94,"neow_bonus":"THREE_ENEMY_KILL","is_prod":false,"is_daily":false,"chose_seed":false,"campfire_upgraded":2,"win_rate":0,"timestamp":1549462617,"path_taken":["M","?","M","?","?","E","M","R","T","?","M","?","R","?","R","BOSS","M","?","?","?","?","R","M","E","T","R","?","E"],"build_version":"2019-01-23","purchased_purges":1,"victory":false,"max_hp_per_floor":[75,75,75,75,75,75,75,75,75,75,75,75,75,75,75,75,80,80,80,80,80,80,80,80,80,80,80,80,80],"card_choices":[{"not_picked":["Flex","Heavy Blade"],"picked":"Reckless Charge","floor":1},{"not_picked":["Havoc","Cleave"],"picked":"Pommel Strike","floor":3},{"not_picked":["Double Tap","True Grit"],"picked":"Ghostly Armor","floor":5},{"not_picked":["Body Slam","Clash","Intimidate"],"picked":"SKIP","floor":6},{"not_picked":["Burning Pact","Entrench"],"picked":"Pommel Strike","floor":7},{"not_picked":["Spot Weakness","Warcry"],"picked":"Clash","floor":11},{"not_picked":["Reaper","Armaments"],"picked":"Clash","floor":14},{"not_picked":["Offering","Dark Embrace"],"picked":"Impervious","floor":16},{"not_picked":["Flex","Searing Blow"],"picked":"Feel No Pain","floor":18},{"not_picked":["Rupture+1","Pommel Strike"],"picked":"Anger+1","floor":21},{"not_picked":["Iron Wave","Evolve"],"picked":"Sentinel","floor":24},{"not_picked":["Twin Strike+1","Armaments"],"picked":"Flame Barrier","floor":25}],"player_experience":187043,"relics_obtained":[{"floor":6,"key":"Pantograph"},{"floor":9,"key":"Shuriken"},{"floor":25,"key":"Whetstone"},{"floor":26,"key":"Question Card"}],"event_choices":[{"damage_healed":0,"gold_gain":0,"player_choice":"Entered Light","damage_taken":23,"max_hp_gain":0,"max_hp_loss":0,"event_name":"Shining Light","floor":2,"gold_loss":0,"cards_upgraded":["Strike_R","Strike_R"]},{"damage_healed":0,"gold_gain":0,"player_choice":"Got Potions","damage_taken":0,"max_hp_gain":0,"max_hp_loss":0,"event_name":"Lab","floor":4,"gold_loss":0},{"damage_healed":0,"gold_gain":0,"player_choice":"Bought 0 Potions","damage_taken":0,"max_hp_gain":0,"max_hp_loss":0,"event_name":"The Woman in Blue","floor":10,"gold_loss":0},{"damage_healed":0,"gold_gain":0,"player_choice":"Ignored","damage_taken":0,"max_hp_gain":0,"max_hp_loss":0,"event_name":"Beggar","floor":20,"gold_loss":0}],"is_beta":false,"boss_relics":[{"not_picked":["Lizard Tail","Astrolabe"],"picked":"Tiny House"}],"items_purged_floors":[12],"is_endless":false,"potions_floor_spawned":[5,7,11,14,21,25],"killed_by":"Book of Stabbing","ascension_level":17}