{"gold_per_floor":[116,116,41,41,41,41,70,138,138,188,256,268,268,294,294,294],"floor_reached":16,"playtime":909,"items_purged":["Strike_G"],"score":140,"play_id":"0a9e1681-1849-4c5c-ad8d-ecd7d6675336","local_time":"20190102200930","is_ascension_mode":true,"campfire_choices":[{"data":"Neutralize","floor":6,"key":"SMITH"},{"floor":13,"key":"REST"},{"floor":15,"key":"REST"}],"neow_cost":"TEN_PERCENT_HP_LOSS","seed_source_timestamp":1082592428206161,"circlet_count":0,"master_deck":["Defend_G","Defend_G","Defend_G","Defend_G","Defend_G","Strike_G","Strike_G","Strike_G","Survivor","Neutralize+1","Outmaneuver","Dagger Spray","Leg Sweep","Predator","Backflip","Deadly Poison","Acrobatics"],"relics":["Ring of the Snake","Bird Faced Urn","SsserpentHead","Ornamental Fan","Tingsha"],"potions_floor_usage":[12,14,16],"damage_taken":[{"damage":4,"enemies":"Small Slimes","floor":1,"turns":5},{"damage":45,"enemies":"3 Sentries","floor":7,"turns":11},{"damage":0,"enemies":"2 Louse","floor":8,"turns":3},{"damage":2,"enemies":"Cultist","floor":11,"turns":4},{"damage":6,"enemies":"3 Louse","floor":12,"turns":4},{"damage":21,"enemies":"Gremlin Nob","floor":14,"turns":4},{"damage":24,"enemies":"Hexaghost","floor":16,"turns":11}],"seed_played":"1294189009400047497","potions_obtained":[{"floor":7,"key":"LiquidBronze"},{"floor":10,"key":"SneckoOil"},{"floor":10,"key":"SteroidPotion"}],"is_trial":false,"path_per_floor":["M","?","$","?","$","R","E","M","T","?","M","M","R","E","R","B"],"character_chosen":"THE_SILENT","items_purchased":[],"campfire_rested":2,"item_purchase_floors":[],"current_hp_per_floor":[59,59,59,59,59,59,14,14,14,14,12,6,24,3,21,0],"gold":294,"neow_bonus":"ONE_RARE_RELIC","is_prod":false,"is_daily":false,"chose_seed":false,"campfire_upgraded":1,"win_rate":0,"timestamp":1546488570,"path_taken":["M","?","$","?","$","R","E","?","T","?","?","M","R","E","R","BOSS"],"build_version":"2018-12-20","purchased_purges":1,"victory":false,"max_hp_per_floor":[63,63,63,63,63,63,63,63,63,63,63,63,63,63,63,63],"card_choices":[{"not_picked":["Acrobatics","Dagger Spray"],"picked":"Outmaneuver","floor":1},{"not_picked":["Bane","Terror"],"picked":"Leg Sweep","floor":7},{"not_picked":["Dagger Spray","Deflect"],"picked":"Predator","floor":8},{"not_picked":["Blade Dance","Quick Slash"],"picked":"Backflip","floor":11},{"not_picked":["Backflip","Grand Finale"],"picked":"Deadly Poison","floor":12},{"not_picked":["Flying Knee","Night Terror"],"picked":"Acrobatics","floor":14}],"player_experience":258126,"relics_obtained":[{"floor":7,"key":"Ornamental Fan"},{"floor":14,"key":"Tingsha"}],"event_choices":[{"damage_healed":0,"gold_gain":0,"cards_transformed":["Strike_G"],"player_choice":"Change","damage_taken":0,"max_hp_gain":0,"max_hp_loss":0,"event_name":"Living Wall","floor":2,"gold_loss":0,"cards_obtained":["Dagger Spray"]},{"damage_healed":0,"gold_gain":0,"player_choice":"Trade","damage_taken":0,"relics_obtained":["SsserpentHead"],"max_hp_gain":0,"max_hp_loss":0,"event_name":"FaceTrader","floor":4,"gold_loss":0},{"damage_healed":0,"gold_gain":0,"player_choice":"Got Potions","damage_taken":0,"max_hp_gain":0,"max_hp_loss":0,"event_name":"Lab","floor":10,"gold_loss":0}],"is_beta":false,"boss_relics":[],"items_purged_floors":[3],"is_endless":false,"potions_floor_spawned":[7],"killed_by":"Hexaghost","ascension_level":6}