{"gold_per_floor":[362,94,94,94,94,119,31,31,31,70,82,94,123,148,160,243,255,277,300,18,18],"floor_reached":21,"playtime":2538,"items_purged":["Strike_B","Defend_B"],"score":447,"play_id":"abb752aa-a5c8-4920-944c-f2d669339251","local_time":"20190603122002","is_ascension_mode":true,"campfire_choices":[{"data":"White Noise","floor":8.0,"key":"SMITH"},{"data":"Defragment","floor":11,"key":"SMITH"},{"floor":15,"key":"REST"}],"neow_cost":"PERCENT_DAMAGE","seed_source_timestamp":1615035385018070,"circlet_count":0,"master_deck":["AscendersBane","Strike_B","Strike_B","Defend_B","Defend_B","Defend_B","Zap","Dualcast","White Noise+1","Gash","Auto Shields+1","Leap+1","Fusion+1","Defragment+1","Conserve Battery+1","Skim+1","Echo Form","Self Repair","Capacitor","Steam+1"],"special_seed":0,"relics":["Cracked Core","Vajra","Toxic Egg 2","MawBank","Potion Belt","Black Star","Membership Card"],"potions_floor_usage":[10,21],"damage_taken":[{"damage":1.0,"enemies":"2 Louse","floor":1.0,"turns":2.0},{"damage":15.0,"enemies":"3 Sentries","floor":6.0,"turns":4.0},{"damage":10,"enemies":"Lagavulin","floor":10,"turns":7},{"damage":2,"enemies":"Jaw Worm","floor":13,"turns":4},{"damage":3,"enemies":"Small Slimes","floor":14,"turns":3},{"damage":0,"enemies":"The Guardian","floor":16,"turns":11},{"damage":27,"enemies":"Spheric Guardian","floor":18,"turns":6},{"damage":4,"enemies":"Chosen","floor":19,"turns":7},{"damage":46,"enemies":"3 Cultists","floor":21,"turns":5}],"seed_played":"-3222732513158128010","potions_obtained":[{"floor":1.0,"key":"SteroidPotion"},{"floor":12,"key":"FearPotion"},{"floor":12,"key":"SneckoOil"},{"floor":14,"key":"AttackPotion"},{"floor":19,"key":"Regen Potion"}],"is_trial":false,"path_per_floor":["M","$","?","T","?","E","$","R","T","E","R","?","M","M","R","B",null,"M","M","$","M"],"character_chosen":"DEFECT","items_purchased":["Gash","Vajra","Leap+1","Fusion+1","Membership Card","Steam+1"],"campfire_rested":1,"item_purchase_floors":[2,2,7,7,20,20],"current_hp_per_floor":[45,45,68,68,61,46,46,46,46,36,36,36,34,31,52,52,66,39,49,49,12],"gold":18,"neow_bonus":"TWO_FIFTY_GOLD","is_prod":false,"is_daily":false,"chose_seed":false,"campfire_upgraded":2,"win_rate":0,"timestamp":1559557202,"path_taken":["M","$","?","?","?","E","?","R","T","E","R","?","M","M","R","BOSS","M","M","$","?"],"build_version":"2019-01-23","purchased_purges":2,"victory":false,"max_hp_per_floor":[71,71,71,71,71,71,71,71,71,71,71,71,71,71,71,71,71,71,71,71,71],"card_choices":[{"not_picked":["Leap","Blizzard"],"picked":"White Noise","floor":1.0},{"not_picked":["Doom and Gloom","Cold Snap"],"picked":"Auto Shields","floor":6.0},{"not_picked":["Stack+1","Redo+1"],"picked":"Defragment","floor":10},{"not_picked":["Barrage","Turbo+1"],"picked":"Conserve Battery+1","floor":13},{"not_picked":["Ball Lightning","Stack+1"],"picked":"Skim+1","floor":14},{"not_picked":["Reboot+1","Machine Learning"],"picked":"Echo Form","floor":16},{"not_picked":["Redo+1","Conserve Battery+1"],"picked":"Self Repair","floor":18},{"not_picked":["Stack+1","Compile Driver"],"picked":"Capacitor","floor":19}],"player_experience":778837,"relics_obtained":[{"floor":6.0,"key":"Toxic Egg 2"},{"floor":9.0,"key":"MawBank"},{"floor":10,"key":"Potion Belt"}],"event_choices":[{"damage_healed":23.0,"max_hp_gain":0.0,"max_hp_loss":0.0,"gold_gain":0.0,"event_name":"Big Fish","player_choice":"Banana","floor":3.0,"gold_loss":0.0,"damage_taken":0.0},{"cards_removed":["Strike_B"],"damage_healed":0.0,"max_hp_gain":0.0,"max_hp_loss":0.0,"gold_gain":0.0,"event_name":"Golden Wing","player_choice":"Card Removal","floor":5.0,"gold_loss":0.0,"damage_taken":7.0},{"damage_healed":0,"gold_gain":0,"player_choice":"Got Potions","damage_taken":0,"max_hp_gain":0,"max_hp_loss":0,"event_name":"Lab","floor":12,"gold_loss":0}],"is_beta":false,"boss_relics":[{"not_picked":["Busted Crown","Velvet Choker"],"picked":"Black Star"}],"items_purged_floors":[2,20],"is_endless":false,"potions_floor_spawned":[1,14,19],"killed_by":"3 Cultists","ascension_level":18}