{"gold_per_floor":[210,230,243,74,92,121,121,138,161,86,86,112,128,144,144,144],"floor_reached":16,"playtime":2508,"items_purged":["Strike_R"],"score":211,"play_id":"800e80f9-0cd3-4dff-a77a-fe4080bed0b7","local_time":"20190207132024","is_ascension_mode":true,"campfire_choices":[{"floor":7.0,"key":"REST"},{"floor":15,"key":"REST"}],"neow_cost":"NONE","seed_source_timestamp":0,"circlet_count":0,"master_deck":["AscendersBane","Strike_R+1","Strike_R+1","Strike_R","Defend_R","Defend_R","Defend_R","Defend_R","Bash","Battle Trance","Headbutt","Anger","Brutality","Anger","Rampage"],"special_seed":0,"relics":["Burning Blood","Whetstone","FossilizedHelix","Lantern","Blood Vial"],"potions_floor_usage":[14,16,16],"damage_taken":[{"damage":7.0,"enemies":"Cultist","floor":1.0,"turns":5.0},{"damage":10.0,"enemies":"Small Slimes","floor":2.0,"turns":4.0},{"damage":9.0,"enemies":"Jaw Worm","floor":3.0,"turns":3.0},{"damage":14.0,"enemies":"3 Louse","floor":5.0,"turns":4.0},{"damage":40.0,"enemies":"Lagavulin","floor":6.0,"turns":5.0},{"damage":0.0,"enemies":"Blue Slaver","floor":8.0,"turns":3.0},{"damage":30.0,"enemies":"3 Sentries","floor":12.0,"turns":9.0},{"damage":9,"enemies":"Gremlin Gang","floor":13,"turns":4},{"damage":9,"enemies":"Lots of Slimes","floor":14,"turns":4},{"damage":38,"enemies":"The Guardian","floor":16,"turns":10}],"seed_played":"8607541387037121306","potions_obtained":[{"floor":1.0,"key":"AttackPotion"},{"floor":12.0,"key":"Weak Potion"},{"floor":13,"key":"EssenceOfSteel"},{"floor":14,"key":"EssenceOfSteel"}],"is_trial":false,"path_per_floor":["M","M","M","$","M","E","R","M","T","$","?","E","M","M","R","B"],"character_chosen":"IRONCLAD","items_purchased":["Whetstone"],"campfire_rested":2,"item_purchase_floors":[4],"current_hp_per_floor":[67,63,60,60,52,18,40,46,46,46,39,15,14,13,35,0],"gold":144,"neow_bonus":"HUNDRED_GOLD","is_prod":false,"is_daily":false,"chose_seed":false,"campfire_upgraded":0,"win_rate":0,"timestamp":1549542024,"path_taken":["M","?","M","$","M","E","R","?","T","$","?","E","M","M","R","BOSS"],"build_version":"2019-01-23","purchased_purges":1,"victory":false,"max_hp_per_floor":[75,75,75,75,75,75,75,75,75,75,75,75,75,75,75,75],"card_choices":[{"not_picked":["Pummel","Carnage","Havoc"],"picked":"SKIP","floor":1.0},{"not_picked":["Iron Wave","Pommel Strike"],"picked":"Battle Trance","floor":2.0},{"not_picked":["Second Wind","Clothesline"],"picked":"Headbutt","floor":3.0},{"not_picked":["Searing Blow","Armaments"],"picked":"Anger","floor":5.0},{"not_picked":["Body Slam","Wild Strike","Bludgeon"],"picked":"SKIP","floor":6.0},{"not_picked":["Hemokinesis","Warcry","Havoc"],"picked":"SKIP","floor":8.0},{"not_picked":["Flex","Clothesline"],"picked":"Brutality","floor":12.0},{"not_picked":["True Grit","Havoc"],"picked":"Anger","floor":13},{"not_picked":["Sentinel","Thunderclap"],"picked":"Rampage","floor":14}],"player_experience":193802,"relics_obtained":[{"floor":6.0,"key":"FossilizedHelix"},{"floor":9.0,"key":"Lantern"},{"floor":12.0,"key":"Blood Vial"}],"event_choices":[{"cards_removed":["Strike_R"],"damage_healed":0.0,"max_hp_gain":0.0,"max_hp_loss":0.0,"gold_gain":0.0,"event_name":"Golden Wing","player_choice":"Card Removal","floor":11.0,"gold_loss":0.0,"damage_taken":7.0}],"is_beta":false,"boss_relics":[],"items_purged_floors":[10],"is_endless":false,"potions_floor_spawned":[1,12,13,14],"killed_by":"The Guardian","ascension_level":17}