{"gold_per_floor":[119,27,45,10,30,30,30,50,125,157,157,171,171,201,201,297,297,307,307,12,29,29,29,63,63,63,94,110,110,110,110,110,210,210,230,330,330,346,346,346],"floor_reached":40,"playtime":3158,"items_purged":["Stack"],"score":833,"play_id":"60e69690-3126-49d3-b658-9f79092523ce","local_time":"20190426123200","is_ascension_mode":true,"campfire_choices":[{"data":"Defragment","floor":6.0,"key":"SMITH"},{"data":"Zap","floor":11.0,"key":"SMITH"},{"data":"Consume","floor":13.0,"key":"SMITH"},{"floor":15,"key":"REST"},{"data":"Biased Cognition","floor":23,"key":"SMITH"},{"data":"White Noise","floor":25,"key":"SMITH"},{"data":"Coolheaded","floor":32,"key":"SMITH"}],"neow_cost":"NONE","seed_source_timestamp":0,"circlet_count":0,"master_deck":["AscendersBane","Zap+1","Dualcast","Consume+1","Defragment+1","Hologram","Leap","Storm","Biased Cognition+1","Electrodynamics","Defragment","Force Field","Defragment","Hologram","Coolheaded","BootSequence","Leap","White Noise+1","Ghostly","Ghostly","Ghostly","Ghostly","Ghostly","Chill","Coolheaded+1","Pain","Heatsinks","Defragment","Self Repair","Coolheaded+1"],"special_seed":0,"relics":["Cracked Core","PreservedInsect","Kunai","Shuriken","Pen Nib","Pandora\u0027s Box","Orichalcum","Regal Pillow","Lantern","Juzu Bracelet","Pocketwatch","Orrery","StoneCalendar"],"potions_floor_usage":[16,16,40],"damage_taken":[{"damage":12.0,"enemies":"Small Slimes","floor":1.0,"turns":4.0},{"damage":6.0,"enemies":"2 Louse","floor":3.0,"turns":3.0},{"damage":0.0,"enemies":"Cultist","floor":5.0,"turns":4.0},{"damage":6.0,"enemies":"3 Louse","floor":8.0,"turns":3.0},{"damage":9.0,"enemies":"Gremlin Nob","floor":10.0,"turns":3.0},{"damage":23.0,"enemies":"Lots of Slimes","floor":12.0,"turns":4.0},{"damage":30.0,"enemies":"3 Sentries","floor":14.0,"turns":6.0},{"damage":10,"enemies":"The Guardian","floor":16,"turns":7},{"damage":4,"enemies":"Shell Parasite","floor":18,"turns":2},{"damage":10,"enemies":"3 Byrds","floor":21,"turns":4},{"damage":2,"enemies":"Book of Stabbing","floor":24,"turns":7},{"damage":0,"enemies":"Slavers","floor":27,"turns":5},{"damage":6,"enemies":"Snake Plant","floor":28,"turns":4},{"damage":7,"enemies":"Collector","floor":33,"turns":7},{"damage":25,"enemies":"3 Shapes","floor":35,"turns":4},{"damage":4,"enemies":"Mind Bloom Boss Battle","floor":36,"turns":6},{"damage":2,"enemies":"Orb Walker","floor":38,"turns":6},{"damage":16,"enemies":"Giant Head","floor":40,"turns":6}],"seed_played":"3109298296613441495","potions_obtained":[{"floor":0.0,"key":"Poison Potion"},{"floor":0.0,"key":"LiquidBronze"},{"floor":8.0,"key":"Regen Potion"},{"floor":12.0,"key":"Poison Potion"},{"floor":18,"key":"SpeedPotion"},{"floor":19,"key":"AttackPotion"}],"is_trial":false,"path_per_floor":["M","$","M","?","M","R","?","M","T","E","R","M","R","E","R","B",null,"M","?","$","M","?","R","E","R","T","E","M","?","?","?","R","B",null,"M","?","?","M","T","E"],"character_chosen":"DEFECT","items_purchased":["Defragment","Hologram","Orichalcum","White Noise"],"campfire_rested":1,"item_purchase_floors":[2,2,20,20],"current_hp_per_floor":[56,56,50,68,68,68,68,62,62,53,53,42,42,12,34,24,62,58,58,58,48,37,37,35,35,35,35,29,29,29,29,29,22,33,8,11,11,16,16,0],"gold":346,"neow_bonus":"THREE_SMALL_POTIONS","is_prod":false,"is_daily":false,"chose_seed":false,"campfire_upgraded":6,"win_rate":0,"timestamp":1556274720,"path_taken":["M","$","M","?","M","R","?","M","T","E","R","?","R","E","R","BOSS","M","?","$","?","?","R","E","R","T","E","M","?","?","?","R","BOSS","M","?","?","M","?","E"],"build_version":"2019-01-23","purchased_purges":1,"victory":false,"max_hp_per_floor":[75,75,75,75,75,75,75,75,75,75,75,75,75,75,75,75,75,75,75,75,75,37,37,37,37,37,37,37,37,37,37,37,37,37,37,37,37,37,37,37],"card_choices":[{"not_picked":["Reprogram","Auto Shields"],"picked":"Consume","floor":1.0},{"not_picked":["Auto Shields","Recycle"],"picked":"Leap","floor":3.0},{"not_picked":["Leap","Steam Power","Gash"],"picked":"SKIP","floor":5.0},{"not_picked":["Conserve Battery","Steam"],"picked":"Ball Lightning","floor":8.0},{"not_picked":["Ball Lightning","Recycle","Meteor Strike"],"picked":"SKIP","floor":10.0},{"not_picked":["Conserve Battery","Chaos"],"picked":"Storm","floor":12.0},{"not_picked":["Compile Driver","Streamline"],"picked":"Biased Cognition","floor":14},{"not_picked":["Amplify","Core Surge"],"picked":"Electrodynamics","floor":16},{"not_picked":["Beam Cell","Sweeping Beam+1"],"picked":"Leap","floor":18},{"not_picked":["Recycle","Compile Driver","Redo"],"picked":"SKIP","floor":21},{"not_picked":["BootSequence","Turbo"],"picked":"Chill","floor":24},{"not_picked":["Static Discharge+1","Doom and Gloom","Beam Cell"],"picked":"SKIP","floor":27},{"not_picked":["FTL+1","Chaos+1"],"picked":"Coolheaded","floor":28},{"not_picked":["Force Field","Gash+1"],"picked":"Defragment","floor":34},{"not_picked":["Chaos","Stack+1"],"picked":"Self Repair","floor":34},{"not_picked":["Sweeping Beam","Redo","Tempest"],"picked":"SKIP","floor":35},{"not_picked":["Steam+1","Ball Lightning+1"],"picked":"Coolheaded+1","floor":38}],"player_experience":520929,"relics_obtained":[{"floor":9.0,"key":"Kunai"},{"floor":10.0,"key":"Shuriken"},{"floor":14,"key":"Pen Nib"},{"floor":24,"key":"Regal Pillow"},{"floor":26,"key":"Lantern"},{"floor":27,"key":"Juzu Bracelet"},{"floor":36,"key":"StoneCalendar"}],"event_choices":[{"damage_healed":18.0,"max_hp_gain":0.0,"max_hp_loss":0.0,"gold_gain":0.0,"event_name":"The Cleric","player_choice":"Healed","floor":4.0,"gold_loss":35.0,"damage_taken":0.0},{"damage_healed":0.0,"max_hp_gain":0.0,"max_hp_loss":0.0,"gold_gain":0.0,"event_name":"WeMeetAgain","player_choice":"Gave Potion","floor":7.0,"gold_loss":0.0,"damage_taken":0.0,"relics_obtained":["PreservedInsect"]},{"damage_healed":0,"gold_gain":0,"player_choice":"Got Potions","damage_taken":0,"max_hp_gain":0,"max_hp_loss":0,"event_name":"Lab","floor":19,"gold_loss":0},{"damage_healed":0,"gold_gain":0,"player_choice":"Became a Ghost","damage_taken":0,"max_hp_gain":0,"max_hp_loss":38,"event_name":"Ghosts","floor":22,"gold_loss":0,"cards_obtained":["Ghostly","Ghostly","Ghostly","Ghostly","Ghostly"]},{"damage_healed":0,"gold_gain":0,"player_choice":"Opened","damage_taken":0,"relics_obtained":["Pocketwatch"],"max_hp_gain":0,"max_hp_loss":0,"event_name":"The Mausoleum","floor":29,"gold_loss":0,"cards_obtained":["Writhe"]},{"damage_healed":0,"gold_gain":0,"cards_transformed":["Writhe","Stack"],"player_choice":"Became Test Subject","damage_taken":0,"max_hp_gain":0,"max_hp_loss":0,"event_name":"Drug Dealer","floor":30,"gold_loss":0,"cards_obtained":["Pain","Heatsinks"]},{"damage_healed":0,"gold_gain":0,"player_choice":"Ignored","damage_taken":0,"max_hp_gain":0,"max_hp_loss":0,"event_name":"Vampires","floor":31,"gold_loss":0},{"damage_healed":0,"gold_gain":0,"player_choice":"Fight","damage_taken":0,"max_hp_gain":0,"max_hp_loss":0,"event_name":"MindBloom","floor":36,"gold_loss":0},{"cards_removed":["Ball Lightning"],"damage_healed":0,"gold_gain":0,"player_choice":"Removed Attack","damage_taken":0,"max_hp_gain":0,"max_hp_loss":0,"event_name":"Falling","floor":37,"gold_loss":0}],"is_beta":false,"boss_relics":[{"not_picked":["Runic Pyramid","Runic Dome"],"picked":"Pandora\u0027s Box"},{"not_picked":["Astrolabe","Tiny House"],"picked":"Orrery"}],"items_purged_floors":[20],"is_endless":false,"potions_floor_spawned":[3,8,12,14,18,36,38],"killed_by":"Giant Head","ascension_level":11}