{"gold_per_floor":[115,126,15,15,15,15,33,59,130,145,158,158,178,19,19,19],"floor_reached":16,"playtime":891,"items_purged":["Strike_R"],"score":194,"play_id":"6309d47f-f0d1-40c3-854a-42306ad2d403","local_time":"20190420020601","is_ascension_mode":true,"campfire_choices":[{"floor":6,"key":"REST"},{"data":"Reaper","floor":12,"key":"SMITH"},{"floor":15,"key":"REST"}],"neow_cost":"NONE","seed_source_timestamp":524615115384993,"circlet_count":0,"master_deck":["AscendersBane","Strike_R+1","Strike_R","Strike_R+1","Strike_R","Defend_R","Defend_R","Defend_R","Defend_R","Bash","Twin Strike","Shrug It Off","Clothesline","Anger","Reaper+1","True Grit+1","Armaments+1","Inflame"],"relics":["Burning Blood","Lantern","Art of War","Toxic Egg 2","Blue Candle"],"potions_floor_usage":[8],"damage_taken":[{"damage":5,"enemies":"2 Louse","floor":1,"turns":3},{"damage":6,"enemies":"Small Slimes","floor":2,"turns":4},{"damage":2,"enemies":"Jaw Worm","floor":7,"turns":3},{"damage":23,"enemies":"Gremlin Nob","floor":8,"turns":4},{"damage":10,"enemies":"Large Slime","floor":10,"turns":5},{"damage":22,"enemies":"Exordium Wildlife","floor":11,"turns":6},{"damage":19,"enemies":"Exordium Thugs","floor":13,"turns":4},{"damage":51,"enemies":"Hexaghost","floor":16,"turns":11}],"seed_played":"7696263294424198761","potions_obtained":[{"floor":1,"key":"SpeedPotion"},{"floor":13,"key":"Explosive Potion"}],"is_trial":false,"path_per_floor":["M","M","$","?","?","R","M","E","T","M","M","R","M","$","R","B"],"character_chosen":"IRONCLAD","items_purchased":["Shrug It Off","Clothesline","Inflame"],"campfire_rested":2,"item_purchase_floors":[3,3,14],"current_hp_per_floor":[69,69,69,46,20,42,46,29,29,29,20,20,17,17,39,0],"gold":19,"neow_bonus":"RANDOM_COMMON_RELIC","is_prod":false,"is_daily":false,"chose_seed":false,"campfire_upgraded":1,"win_rate":0,"timestamp":1555718761,"path_taken":["M","M","$","?","?","R","M","E","T","M","M","R","M","$","R","BOSS"],"build_version":"2019-01-23","purchased_purges":1,"victory":false,"max_hp_per_floor":[75,75,75,75,75,75,75,75,75,75,75,75,75,75,75,75],"card_choices":[{"not_picked":["Fire Breathing","Second Wind","Warcry"],"picked":"SKIP","floor":1},{"not_picked":["Flex","Pommel Strike"],"picked":"Twin Strike","floor":2},{"not_picked":["Whirlwind","Rupture"],"picked":"Anger","floor":7},{"not_picked":["Pommel Strike","Rupture"],"picked":"Reaper","floor":8},{"not_picked":["Headbutt","Anger"],"picked":"True Grit+1","floor":10},{"not_picked":["Headbutt","Sword Boomerang","Rupture"],"picked":"SKIP","floor":11},{"not_picked":["Headbutt","Clothesline"],"picked":"Armaments+1","floor":13}],"player_experience":483864,"relics_obtained":[{"floor":8,"key":"Toxic Egg 2"},{"floor":9,"key":"Blue Candle"}],"event_choices":[{"damage_healed":0,"gold_gain":0,"player_choice":"Entered Light","damage_taken":23,"max_hp_gain":0,"max_hp_loss":0,"event_name":"Shining Light","floor":4,"gold_loss":0,"cards_upgraded":["Strike_R","Strike_R"]},{"damage_healed":0,"gold_gain":0,"player_choice":"Success","damage_taken":26,"relics_obtained":["Art of War"],"max_hp_gain":0,"max_hp_loss":0,"event_name":"Scrap Ooze","floor":5,"gold_loss":0}],"is_beta":false,"boss_relics":[],"items_purged_floors":[14],"is_endless":false,"potions_floor_spawned":[1,13],"killed_by":"Hexaghost","ascension_level":18}