{"gold_per_floor":[118,118,137,137,87,120,120,195,222,334,346,372,401,442,454,567,629,660,686,177,191,246,246,246,246,246,246,257,270,290,305,305,305],"floor_reached":33,"playtime":3423,"items_purged":["Strike_G"],"score":282,"play_id":"d57d870d-f45c-423b-b68b-aaa30f22f629","local_time":"20181128002317","is_ascension_mode":false,"campfire_choices":[{"data":"Deflect","floor":7,"key":"SMITH"},{"floor":11,"key":"REST"},{"floor":15,"key":"REST"},{"data":"Secret Technique","floor":23,"key":"SMITH"},{"data":"Dodge and Roll","floor":25,"key":"SMITH"},{"data":"Blade Dance","floor":27,"key":"SMITH"},{"floor":32,"key":"REST"}],"neow_cost":"NONE","seed_source_timestamp":0,"circlet_count":0,"master_deck":["Defend_G","Defend_G","Defend_G","Defend_G","Strike_G+1","Strike_G+1","Strike_G","Survivor","Neutralize+1","Dodge and Roll","Deflect+1","Backflip","Blade Dance+1","Slice","Dodge and Roll+1","Corpse Explosion","Deflect","Terror","Blade Dance+1","Swift Strike","Secret Technique+1","Dagger Spray","Deflect","Infinite Blades","Dodge and Roll+1","Flying Knee"],"special_seed":0,"relics":["Ring of the Snake","Bronze Scales","Shuriken","Whetstone","MawBank","Happy Flower","Tiny House","MealTicket","Tiny Chest","Pear"],"potions_floor_usage":[16,19,30,30,33,33,33],"damage_taken":[{"damage":0,"enemies":"Small Slimes","floor":1,"turns":4},{"damage":0,"enemies":"Jaw Worm","floor":3,"turns":5},{"damage":43,"enemies":"Lagavulin","floor":6,"turns":11},{"damage":0,"enemies":"2 Louse","floor":12,"turns":2},{"damage":0,"enemies":"Lots of Slimes","floor":13,"turns":4},{"damage":14,"enemies":"3 Sentries","floor":14,"turns":10},{"damage":24,"enemies":"Slime Boss","floor":16,"turns":15},{"damage":14,"enemies":"Chosen","floor":18,"turns":7},{"damage":11,"enemies":"Spheric Guardian","floor":19,"turns":6},{"damage":14,"enemies":"Snecko","floor":21,"turns":5},{"damage":15,"enemies":"Shelled Parasite and Fungi","floor":28,"turns":5},{"damage":2,"enemies":"Centurion and Healer","floor":29,"turns":6},{"damage":16,"enemies":"Snecko","floor":30,"turns":6},{"damage":18,"enemies":"Snake Plant","floor":31,"turns":4},{"damage":47,"enemies":"Collector","floor":33,"turns":7}],"seed_played":"367768752654269867","potions_obtained":[{"floor":12,"key":"SteroidPotion"},{"floor":14,"key":"Ancient Potion"},{"floor":16,"key":"Energy Potion"},{"floor":17,"key":"Explosive Potion"},{"floor":28,"key":"Regen Potion"},{"floor":30,"key":"Fruit Juice"},{"floor":31,"key":"EssenceOfSteel"}],"is_trial":false,"path_per_floor":["M","?","M","T","?","E","R","?","T","?","R","M","M","E","R","B",null,"M","M","$","M","T","R","?","R","T","R","M","M","M","M","R","B"],"character_chosen":"THE_SILENT","items_purchased":["MealTicket","Swift Strike","Secret Technique"],"campfire_rested":3,"item_purchase_floors":[20,20,20],"current_hp_per_floor":[70,63,63,63,63,20,20,9,9,9,30,30,30,16,37,13,75,61,50,50,36,36,36,36,36,46,46,31,29,27,9,36,0],"gold":305,"neow_bonus":"RANDOM_COMMON_RELIC","is_prod":false,"is_daily":false,"chose_seed":false,"campfire_upgraded":4,"win_rate":0.0,"timestamp":1543393397,"path_taken":["M","?","M","?","?","E","R","?","T","?","R","M","M","E","R","BOSS","M","M","?","M","?","R","?","R","T","R","M","M","?","M","R","BOSS"],"build_version":"2018-11-15","purchased_purges":1,"victory":false,"max_hp_per_floor":[70,70,70,70,70,70,70,70,70,70,70,70,70,70,70,70,75,75,75,75,75,75,75,75,75,85,85,85,85,90,90,90,90],"card_choices":[{"not_picked":["Outmaneuver","Bane"],"picked":"Dodge and Roll","floor":1},{"not_picked":["Sucker Punch","Well Laid Plans"],"picked":"Deflect","floor":3},{"not_picked":["Flying Knee","Leg Sweep"],"picked":"Backflip","floor":6},{"not_picked":["Bane","Dagger Spray"],"picked":"Blade Dance","floor":12},{"not_picked":["Acrobatics","PiercingWail"],"picked":"Slice","floor":13},{"not_picked":["Deflect","Well Laid Plans"],"picked":"Dodge and Roll","floor":14},{"not_picked":["Unload","Envenom"],"picked":"Corpse Explosion","floor":16},{"not_picked":["Poisoned Stab","Bane"],"picked":"Deflect","floor":17},{"not_picked":["Burst","Riddle With Holes"],"picked":"Terror","floor":18},{"not_picked":["Expertise","Dagger Spray+1"],"picked":"Blade Dance","floor":19},{"not_picked":["PiercingWail","Poisoned Stab"],"picked":"Dagger Spray","floor":21},{"not_picked":["Poisoned Stab","Well Laid Plans"],"picked":"Deflect","floor":28},{"not_picked":["Flying Knee","Underhanded Strike"],"picked":"Infinite Blades","floor":29},{"not_picked":["Deadly Poison","Calculated Gamble"],"picked":"Dodge and Roll+1","floor":30},{"not_picked":["Quick Slash","Slice"],"picked":"Flying Knee","floor":31}],"player_experience":31595,"relics_obtained":[{"floor":4,"key":"Shuriken"},{"floor":6,"key":"Whetstone"},{"floor":9,"key":"MawBank"},{"floor":14,"key":"Happy Flower"},{"floor":22,"key":"Tiny Chest"},{"floor":26,"key":"Pear"}],"event_choices":[{"cards_removed":["Strike_G"],"damage_healed":0,"gold_gain":0,"player_choice":"Card Removal","damage_taken":7,"max_hp_gain":0,"max_hp_loss":0,"event_name":"Golden Wing","floor":2,"gold_loss":0},{"cards_removed":["Defend_G"],"damage_healed":0,"gold_gain":0,"player_choice":"Card Removal","damage_taken":0,"max_hp_gain":0,"max_hp_loss":0,"event_name":"The Cleric","floor":5,"gold_loss":50},{"damage_healed":0,"gold_gain":75,"player_choice":"Gather Gold","damage_taken":11,"max_hp_gain":0,"max_hp_loss":0,"event_name":"World of Goop","floor":8,"gold_loss":0},{"damage_healed":0,"gold_gain":100,"player_choice":"Pray","damage_taken":0,"max_hp_gain":0,"max_hp_loss":0,"event_name":"Golden Shrine","floor":10,"gold_loss":0},{"damage_healed":0,"gold_gain":0,"player_choice":"Forge","damage_taken":0,"max_hp_gain":0,"max_hp_loss":0,"event_name":"Accursed Blacksmith","floor":24,"gold_loss":0,"cards_upgraded":["Blade Dance"]}],"is_beta":false,"boss_relics":[{"not_picked":["Runic Dome","Ectoplasm"],"picked":"Tiny House"}],"items_purged_floors":[20],"is_endless":false,"potions_floor_spawned":[12,14,16,28,30,31],"killed_by":"Collector","ascension_level":0}