{"gold_per_floor":[118,135,149,22,33,60,120,135,135,169,169,199,112,125,125,230,230,247,261,22,35,35,65,76,76,155,185,200,210,223,250,250,351,351,381,410,4,0,15,46,120,20,96,96,196,210,210,230,230,230],"floor_reached":51,"playtime":6722,"items_purged":["Normality","Normality"],"score":978,"play_id":"7c7a0d00-a5f0-4fa8-9d59-7478ee2dce8e","local_time":"20190117193623","is_ascension_mode":true,"campfire_choices":[{"data":"Disarm","floor":11.0,"key":"SMITH"},{"floor":15.0,"key":"REST"},{"data":"Body Slam","floor":25.0,"key":"SMITH"},{"floor":32.0,"key":"REST"},{"floor":47,"key":"REST"},{"floor":49,"key":"REST"}],"neow_cost":"NONE","seed_source_timestamp":0,"circlet_count":0,"master_deck":["Strike_R","Strike_R","Strike_R","Strike_R","Strike_R","Defend_R","Defend_R","Defend_R+1","Defend_R","Bash+1","Metallicize","Metallicize","Shrug It Off+1","Corruption","Deep Breath","Clothesline","Body Slam+1","Evolve","Disarm+1","Juggernaut","Spot Weakness","Immolate","Decay","Sword Boomerang+1","Shrug It Off+1","Pommel Strike+1","Pummel","Exhume","Writhe","Shrug It Off+1","Metallicize+1","Flame Barrier","Intimidate+1","Warcry+1","Metallicize+1","Impatience","Warcry+1","Disarm"],"special_seed":0,"relics":["Burning Blood","Bird Faced Urn","War Paint","Bag of Marbles","Darkstone Periapt","Pocketwatch","Busted Crown","Self Forming Clay","Prayer Wheel","Frozen Egg 2","Strawberry","Regal Pillow","Calling Bell","MawBank","Dodecahedron","Mango","Bottled Lightning","Red Mask","Red Skull","Shuriken","Mummified Hand","Calipers"],"potions_floor_usage":[45,50],"damage_taken":[{"damage":3.0,"enemies":"2 Louse","floor":1.0,"turns":3.0},{"damage":8.0,"enemies":"Small Slimes","floor":2.0,"turns":4.0},{"damage":3.0,"enemies":"Cultist","floor":3.0,"turns":5.0},{"damage":4.0,"enemies":"2 Fungi Beasts","floor":5.0,"turns":5.0},{"damage":36.0,"enemies":"3 Sentries","floor":6.0,"turns":13.0},{"damage":7.0,"enemies":"Exordium Thugs","floor":8.0,"turns":6.0},{"damage":20.0,"enemies":"Lagavulin","floor":10.0,"turns":9.0},{"damage":27.0,"enemies":"Gremlin Nob","floor":12.0,"turns":4.0},{"damage":20.0,"enemies":"Large Slime","floor":14.0,"turns":9.0},{"damage":7.0,"enemies":"The Guardian","floor":16.0,"turns":13.0},{"damage":19.0,"enemies":"3 Byrds","floor":18.0,"turns":6.0},{"damage":9.0,"enemies":"Spheric Guardian","floor":19.0,"turns":4.0},{"damage":11.0,"enemies":"Snecko","floor":21.0,"turns":4.0},{"damage":16.0,"enemies":"Slavers","floor":23.0,"turns":5.0},{"damage":35.0,"enemies":"Chosen and Byrds","floor":24.0,"turns":5.0},{"damage":13.0,"enemies":"Book of Stabbing","floor":27.0,"turns":6.0},{"damage":4.0,"enemies":"Snake Plant","floor":28.0,"turns":4.0},{"damage":26.0,"enemies":"3 Cultists","floor":29.0,"turns":5.0},{"damage":10.0,"enemies":"Centurion and Healer","floor":30.0,"turns":5.0},{"damage":41.0,"enemies":"Slavers","floor":31.0,"turns":5.0},{"damage":48.0,"enemies":"Champ","floor":33.0,"turns":10.0},{"damage":15.0,"enemies":"3 Darklings","floor":35.0,"turns":7.0},{"damage":28.0,"enemies":"Orb Walker","floor":36.0,"turns":7.0},{"damage":10.0,"enemies":"Maw","floor":39.0,"turns":10.0},{"damage":105.0,"enemies":"Giant Head","floor":40.0,"turns":11.0},{"damage":8,"enemies":"Mind Bloom Boss Battle","floor":45,"turns":6},{"damage":6,"enemies":"3 Darklings","floor":46,"turns":6},{"damage":35,"enemies":"Jaw Worm Horde","floor":48,"turns":7},{"damage":92,"enemies":"Donu and Deca","floor":50,"turns":11}],"seed_played":"-6225677312209720918","potions_obtained":[{"floor":1.0,"key":"Strength Potion"},{"floor":3.0,"key":"BloodPotion"},{"floor":6.0,"key":"EssenceOfSteel"},{"floor":14.0,"key":"SkillPotion"},{"floor":18.0,"key":"FearPotion"},{"floor":19.0,"key":"SpeedPotion"},{"floor":29.0,"key":"Energy Potion"},{"floor":30.0,"key":"Ancient Potion"},{"floor":31.0,"key":"SkillPotion"},{"floor":35.0,"key":"AttackPotion"}],"is_trial":false,"path_per_floor":["M","M","M","$","M","E","?","M","T","E","R","E","?","M","R","B",null,"M","M","$","M","?","E","M","R","T","E","M","M","M","E","R","B",null,"M","M","$","?","M","E","T","$","T","?","?","M","R","M","R","B",null],"character_chosen":"IRONCLAD","items_purchased":["Corruption","Deep Breath","Self Forming Clay","Bottled Lightning","Metallicize+1","Flame Barrier"],"campfire_rested":4,"item_purchase_floors":[4,4,20,37,37,37],"current_hp_per_floor":[80,78,80,80,80,50,50,53,53,47,47,30,30,34,58,67,80,67,72,72,73,79,79,58,58,58,68,78,62,62,33,75,41,125,118,100,100,100,108,21,21,21,21,21,33,45,97,82,125,51],"gold":230,"neow_bonus":"UPGRADE_CARD","is_prod":false,"is_daily":false,"chose_seed":false,"campfire_upgraded":2,"win_rate":0,"timestamp":1547742983,"path_taken":["M","M","M","$","M","E","?","M","T","E","R","E","?","M","R","BOSS","M","M","$","M","?","E","M","R","T","E","M","M","M","E","R","BOSS","M","M","$","?","M","E","?","$","T","?","?","M","R","M","R","BOSS"],"build_version":"2019-01-10","purchased_purges":2,"victory":true,"max_hp_per_floor":[80,80,80,80,80,80,80,80,80,80,80,80,80,80,80,80,80,80,80,80,80,86,86,86,86,86,93,93,93,93,93,93,93,125,125,125,125,125,125,125,125,125,125,125,125,125,125,125,125,125],"card_choices":[{"not_picked":["Warcry","Rupture"],"picked":"Metallicize","floor":1.0},{"not_picked":["Anger","Headbutt"],"picked":"Metallicize","floor":2.0},{"not_picked":["Sentinel","Reckless Charge"],"picked":"Shrug It Off","floor":3.0},{"not_picked":["Seeing Red","Perfected Strike"],"picked":"Clothesline","floor":5.0},{"not_picked":["Power Through","Wild Strike"],"picked":"Body Slam","floor":6.0},{"not_picked":["Anger","Warcry"],"picked":"Evolve","floor":8.0},{"not_picked":["Corruption","Anger"],"picked":"Disarm","floor":10.0},{"not_picked":["Armaments","Hemokinesis"],"picked":"Juggernaut","floor":12.0},{"not_picked":["Rampage","Pommel Strike"],"picked":"Spot Weakness","floor":14.0},{"not_picked":["Juggernaut","Berserk"],"picked":"Immolate","floor":16.0},{"not_picked":["Sever Soul"],"picked":"SKIP","floor":18.0},{"not_picked":["Sever Soul"],"picked":"SKIP","floor":19.0},{"not_picked":["Flex"],"picked":"SKIP","floor":21.0},{"not_picked":["Combust"],"picked":"SKIP","floor":23.0},{"not_picked":[],"picked":"Sword Boomerang+1","floor":24.0},{"not_picked":["Wild Strike"],"picked":"SKIP","floor":24.0},{"not_picked":[],"picked":"Shrug It Off+1","floor":27.0},{"not_picked":["Whirlwind"],"picked":"SKIP","floor":28.0},{"not_picked":["Blood for Blood+1"],"picked":"SKIP","floor":28.0},{"not_picked":[],"picked":"Pommel Strike+1","floor":29.0},{"not_picked":["Seeing Red"],"picked":"SKIP","floor":29.0},{"not_picked":["Seeing Red"],"picked":"SKIP","floor":29.0},{"not_picked":[],"picked":"Pummel","floor":30.0},{"not_picked":["Warcry"],"picked":"SKIP","floor":30.0},{"not_picked":["Bloodletting"],"picked":"SKIP","floor":31.0},{"not_picked":[],"picked":"Exhume","floor":33.0},{"not_picked":[],"picked":"Shrug It Off+1","floor":35.0},{"not_picked":["Searing Blow+1"],"picked":"SKIP","floor":35.0},{"not_picked":["Havoc+1"],"picked":"SKIP","floor":36.0},{"not_picked":["Sword Boomerang+1"],"picked":"SKIP","floor":36.0},{"not_picked":[],"picked":"Intimidate+1","floor":39.0},{"not_picked":[],"picked":"Warcry+1","floor":39.0},{"not_picked":[],"picked":"Metallicize+1","floor":40.0},{"not_picked":[],"picked":"Impatience","floor":44.0},{"not_picked":[],"picked":"Warcry+1","floor":46},{"not_picked":["Twin Strike+1"],"picked":"SKIP","floor":46},{"not_picked":[],"picked":"Disarm","floor":48},{"not_picked":["Anger"],"picked":"SKIP","floor":48}],"player_experience":32106,"relics_obtained":[{"floor":6.0,"key":"Bird Faced Urn"},{"floor":9.0,"key":"War Paint"},{"floor":10.0,"key":"Bag of Marbles"},{"floor":12.0,"key":"Darkstone Periapt"},{"floor":23.0,"key":"Prayer Wheel"},{"floor":26.0,"key":"Frozen Egg 2"},{"floor":27.0,"key":"Strawberry"},{"floor":31.0,"key":"Regal Pillow"},{"floor":34.0,"key":"MawBank"},{"floor":34.0,"key":"Dodecahedron"},{"floor":34.0,"key":"Mango"},{"floor":40.0,"key":"Red Skull"},{"floor":41.0,"key":"Shuriken"},{"floor":43.0,"key":"Mummified Hand"},{"floor":45,"key":"Calipers"}],"event_choices":[{"damage_healed":0.0,"max_hp_gain":0.0,"max_hp_loss":0.0,"gold_gain":60.0,"event_name":"Golden Wing","player_choice":"Gained Gold","floor":7.0,"gold_loss":0.0,"damage_taken":0.0},{"damage_healed":0.0,"max_hp_gain":0.0,"max_hp_loss":0.0,"gold_gain":0.0,"event_name":"WeMeetAgain","player_choice":"Paid Gold","floor":13.0,"gold_loss":87.0,"damage_taken":0.0,"relics_obtained":["Pocketwatch"]},{"damage_healed":0.0,"max_hp_gain":0.0,"max_hp_loss":0.0,"gold_gain":0.0,"event_name":"Forgotten Altar","player_choice":"Smashed Altar","floor":22.0,"gold_loss":0.0,"damage_taken":0.0,"cards_obtained":["Decay"]},{"damage_healed":0.0,"max_hp_gain":0.0,"max_hp_loss":0.0,"gold_gain":0.0,"event_name":"Tomb of Lord Red Mask","player_choice":"Paid","floor":38.0,"gold_loss":4.0,"damage_taken":0.0,"relics_obtained":["Red Mask"]},{"damage_healed":0.0,"max_hp_gain":0.0,"max_hp_loss":0.0,"gold_gain":0.0,"event_name":"SensoryStone","player_choice":"Memory 1","floor":44.0,"gold_loss":0.0,"damage_taken":0.0},{"damage_healed":0,"gold_gain":0,"player_choice":"Fight","damage_taken":0,"max_hp_gain":0,"max_hp_loss":0,"event_name":"MindBloom","floor":45,"gold_loss":0}],"is_beta":false,"boss_relics":[{"not_picked":["Runic Pyramid","Ectoplasm"],"picked":"Busted Crown"},{"not_picked":["Tiny House","Snecko Eye"],"picked":"Calling Bell"}],"items_purged_floors":[37,42],"is_endless":false,"potions_floor_spawned":[1,3,6,14,18,19,29,30,31,35],"ascension_level":4}