{"gold_per_floor":[112,122,122,122,3,3,46,67,67,67,67,110,140,163,163,257,257,270,270,289,60,75,111,111,149,149,165,43,43,43,82,82,178,178,199,70,70,88,112,146,146,177,177,177,177,217,1,1,1,1],"floor_reached":51,"playtime":14267,"items_purged":["Strike_B","Strike_B","Strike_B"],"score":1355,"play_id":"9c51d245-b7b4-4669-8749-711a8c707abc","local_time":"20190530172013","is_ascension_mode":true,"campfire_choices":[{"data":"Coolheaded","floor":6,"key":"SMITH"},{"floor":11,"key":"REST"},{"data":"Rainbow","floor":15,"key":"SMITH"},{"data":"White Noise","floor":24,"key":"SMITH"},{"data":"Fusion","floor":29,"key":"SMITH"},{"floor":32,"key":"REST"},{"floor":41,"key":"REST"},{"data":"Static Discharge","floor":45,"key":"SMITH"},{"data":"Hologram","floor":49,"key":"SMITH"}],"neow_cost":"NONE","seed_source_timestamp":1275801446486969,"circlet_count":0,"master_deck":["AscendersBane","Strike_B","Defend_B","Defend_B","Defend_B","Defend_B","Zap","Dualcast","White Noise+1","Static Discharge+1","Coolheaded+1","Genetic Algorithm","Glacier","Cold Snap","Self Repair+1","Rainbow+1","Meteor Strike","Compile Driver","Glacier","Capacitor+1","Hologram+1","Recycle","Fusion+1","White Noise","Hello World+1","Undo","Reinforced Body+1","Creative AI+1","Skim","Consume+1","Blizzard+1","White Noise"],"relics":["Velvet Choker","Golden Idol","Kunai","Frozen Egg 2","Dead Branch","Pen Nib","Inserter","Smiling Mask","Mummified Hand","Meat on the Bone","Omamori","Philosopher\u0027s Stone","Bronze Scales","Juzu Bracelet","Pear","Emotion Chip","Bag of Preparation"],"potions_floor_usage":[12,23,35,40],"damage_taken":[{"damage":7,"enemies":"Small Slimes","floor":1,"turns":3},{"damage":2,"enemies":"Jaw Worm","floor":2,"turns":3},{"damage":31,"enemies":"3 Sentries","floor":7,"turns":7},{"damage":9,"enemies":"2 Louse","floor":8,"turns":4},{"damage":2,"enemies":"Gremlin Nob","floor":12,"turns":5},{"damage":3,"enemies":"Large Slime","floor":14,"turns":8},{"damage":11,"enemies":"The Guardian","floor":16,"turns":12},{"damage":0,"enemies":"Chosen","floor":18,"turns":7},{"damage":4,"enemies":"Spheric Guardian","floor":20,"turns":5},{"damage":29,"enemies":"Cultist and Chosen","floor":22,"turns":6},{"damage":5,"enemies":"Slavers","floor":23,"turns":7},{"damage":14,"enemies":"Gremlin Leader","floor":25,"turns":10},{"damage":10,"enemies":"Sentry and Sphere","floor":27,"turns":6},{"damage":39,"enemies":"Book of Stabbing","floor":31,"turns":9},{"damage":0,"enemies":"Collector","floor":33,"turns":11},{"damage":18,"enemies":"3 Shapes","floor":35,"turns":9},{"damage":0,"enemies":"3 Darklings","floor":38,"turns":7},{"damage":13,"enemies":"Writhing Mass","floor":39,"turns":8},{"damage":62,"enemies":"Giant Head","floor":40,"turns":11},{"damage":20,"enemies":"Nemesis","floor":42,"turns":9},{"damage":4,"enemies":"Giant Head","floor":46,"turns":10},{"damage":24,"enemies":"Time Eater","floor":50,"turns":8}],"seed_played":"4148869164771835630","potions_obtained":[{"floor":1,"key":"Poison Potion"},{"floor":12,"key":"SteroidPotion"},{"floor":16,"key":"Energy Potion"},{"floor":18,"key":"FocusPotion"},{"floor":27,"key":"GamblersBrew"},{"floor":38,"key":"PowerPotion"},{"floor":40,"key":"SpeedPotion"},{"floor":44,"key":"GamblersBrew"},{"floor":44,"key":"GamblersBrew"}],"is_trial":false,"path_per_floor":["M","M","?","?","$","R","E","M","T","?","R","E","?","M","R","B",null,"M","?","M","$","M","E","R","E","T","M","$","R","?","E","R","B",null,"M","$","?","M","M","E","R","E","T","?","R","E","$","?","R","B",null],"character_chosen":"DEFECT","items_purchased":["Coolheaded","Genetic Algorithm","Glacier","Capacitor+1","Hello World+1","Skim","Bag of Preparation","White Noise"],"campfire_rested":3,"item_purchase_floors":[5,5,21,21,28,36,47,47],"current_hp_per_floor":[57,55,38,61,61,61,30,21,21,21,42,40,40,47,47,46,65,71,71,71,71,52,57,57,53,53,53,53,53,53,36,57,67,70,62,62,62,71,68,28,49,51,61,61,61,67,67,71,71,57],"gold":1,"neow_bonus":"BOSS_RELIC","is_prod":false,"is_daily":false,"chose_seed":false,"campfire_upgraded":6,"win_rate":0,"timestamp":1559229613,"path_taken":["M","M","?","?","?","R","E","?","T","?","R","E","?","M","R","BOSS","M","?","?","$","M","E","R","E","T","M","$","R","?","E","R","BOSS","M","$","?","M","M","E","R","E","T","?","R","E","$","?","R","BOSS"],"build_version":"2019-01-23","purchased_purges":3,"victory":true,"max_hp_per_floor":[71,71,71,71,71,71,71,71,71,71,71,71,71,71,71,71,71,71,71,71,71,71,71,71,71,71,71,71,71,71,71,71,71,71,71,71,71,71,71,71,71,71,81,81,81,81,81,71,71,71],"card_choices":[{"not_picked":["Gash","Stack"],"picked":"White Noise","floor":1},{"not_picked":["Cold Snap","Go for the Eyes"],"picked":"Static Discharge","floor":2},{"not_picked":["Turbo","Redo"],"picked":"Glacier","floor":7},{"not_picked":["Ball Lightning","Hologram"],"picked":"Cold Snap","floor":8},{"not_picked":["Lockon","Loop+1"],"picked":"Self Repair+1","floor":12},{"not_picked":["Double Energy","Conserve Battery"],"picked":"Rainbow","floor":14},{"not_picked":["Reboot","Rainbow"],"picked":"Meteor Strike","floor":16},{"not_picked":["Cold Snap","Sunder","Chill"],"picked":"SKIP","floor":18},{"not_picked":["Tempest+1","Reprogram"],"picked":"Compile Driver","floor":20},{"not_picked":["Leap","Sweeping Beam"],"picked":"Hologram","floor":22},{"not_picked":["Capacitor+1","Barrage"],"picked":"Recycle","floor":23},{"not_picked":["Amplify","Machine Learning+1"],"picked":"Fusion","floor":25},{"not_picked":["Barrage+1","FTL"],"picked":"White Noise","floor":27},{"not_picked":["Scrape+1","Skim"],"picked":"Reinforced Body","floor":31},{"not_picked":["Seek","Rainbow"],"picked":"Creative AI+1","floor":33},{"not_picked":["Reprogram","Recycle+1","Steam+1"],"picked":"SKIP","floor":35},{"not_picked":["Leap","Redo","Hologram+1"],"picked":"SKIP","floor":38},{"not_picked":["Redo","Chaos","Conserve Battery"],"picked":"SKIP","floor":39},{"not_picked":["Stack","Barrage+1","Streamline+1"],"picked":"SKIP","floor":40},{"not_picked":["Hello World+1","Static Discharge+1"],"picked":"Consume+1","floor":42},{"not_picked":["Electrodynamics+1","Force Field"],"picked":"Blizzard+1","floor":46}],"player_experience":708659,"relics_obtained":[{"floor":7,"key":"Kunai"},{"floor":9,"key":"Frozen Egg 2"},{"floor":12,"key":"Dead Branch"},{"floor":23,"key":"Smiling Mask"},{"floor":25,"key":"Mummified Hand"},{"floor":26,"key":"Meat on the Bone"},{"floor":31,"key":"Omamori"},{"floor":40,"key":"Bronze Scales"},{"floor":42,"key":"Juzu Bracelet"},{"floor":43,"key":"Pear"},{"floor":46,"key":"Emotion Chip"}],"event_choices":[{"damage_healed":0,"gold_gain":0,"player_choice":"Take Damage","damage_taken":17,"relics_obtained":["Golden Idol"],"max_hp_gain":0,"max_hp_loss":0,"event_name":"Golden Idol","floor":3,"gold_loss":0},{"damage_healed":23,"gold_gain":0,"player_choice":"Banana","damage_taken":0,"max_hp_gain":0,"max_hp_loss":0,"event_name":"Big Fish","floor":4,"gold_loss":0},{"damage_healed":0,"gold_gain":0,"player_choice":"Ignored","damage_taken":0,"max_hp_gain":0,"max_hp_loss":0,"event_name":"Liars Game","floor":10,"gold_loss":0},{"damage_healed":0,"gold_gain":30,"player_choice":"Searched \u00272\u0027 times","damage_taken":0,"relics_obtained":["Pen Nib"],"max_hp_gain":0,"max_hp_loss":0,"event_name":"Dead Adventurer","floor":13,"gold_loss":0},{"damage_healed":0,"gold_gain":0,"player_choice":"Ignored","damage_taken":0,"max_hp_gain":0,"max_hp_loss":0,"event_name":"N\u0027loth","floor":19,"gold_loss":0},{"damage_healed":0,"gold_gain":0,"player_choice":"Read","damage_taken":0,"max_hp_gain":0,"max_hp_loss":0,"event_name":"The Library","floor":30,"gold_loss":0,"cards_obtained":["Undo"]},{"damage_healed":0,"gold_gain":0,"player_choice":"Forge","damage_taken":0,"max_hp_gain":0,"max_hp_loss":0,"event_name":"Accursed Blacksmith","floor":37,"gold_loss":0,"cards_upgraded":["Reinforced Body"]},{"damage_healed":0,"gold_gain":0,"player_choice":"Got Potions","damage_taken":0,"max_hp_gain":0,"max_hp_loss":0,"event_name":"Lab","floor":44,"gold_loss":0},{"damage_healed":71,"gold_gain":0,"player_choice":"Heal","damage_taken":0,"max_hp_gain":0,"max_hp_loss":10,"event_name":"The Moai Head","floor":48,"gold_loss":0}],"is_beta":false,"boss_relics":[{"not_picked":["Calling Bell","White Beast Statue"],"picked":"Inserter"},{"not_picked":["Black Star","Empty Cage"],"picked":"Philosopher\u0027s Stone"}],"items_purged_floors":[21,28,36],"is_endless":false,"potions_floor_spawned":[1,12,16,18,27,31,33,38,40,42],"ascension_level":14}