{"gold_per_floor":[116,116,116,133,145,145,158,172,218,228,241,241,254,254,254,356,356,369,349,368,21,33,33,63,63,63,63,63,63,83,101,101,101],"floor_reached":33,"playtime":2302,"items_purged":[],"score":263,"play_id":"4d687fe2-a290-4fee-abef-70d9cb3a37fd","local_time":"20190616204853","is_ascension_mode":false,"campfire_choices":[{"data":"Crippling Poison","floor":6,"key":"SMITH"},{"data":"Backstab","floor":12,"key":"SMITH"},{"floor":15,"key":"REST"},{"floor":23,"key":"REST"},{"floor":25,"key":"REST"},{"floor":28,"key":"REST"},{"floor":32,"key":"REST"}],"neow_cost":"NONE","seed_source_timestamp":29239976327900,"circlet_count":0,"master_deck":["Defend_G","Defend_G","Defend_G","Defend_G","Defend_G","Strike_G","Survivor","Neutralize","Finesse","Poisoned Stab","Bane","Crippling Poison+1","Sucker Punch","Backstab+1","Dagger Spray","All Out Attack","Catalyst","Neutralize","Corpse Explosion","Night Terror","Calculated Gamble+1","Flechettes+1","Masterful Stab+1","Escape Plan+1","Endless Agony","PiercingWail+1","Thinking Ahead","Madness","Endless Agony","Dagger Spray","Bullet Time","Caltrops","Prepared+1"],"relics":["Ring of the Snake","Oddly Smooth Stone","Astrolabe","Paper Crane","Dodecahedron"],"potions_floor_usage":[10,16,19,20,20,31],"damage_taken":[{"damage":2,"enemies":"Small Slimes","floor":1,"turns":4},{"damage":0,"enemies":"2 Louse","floor":4,"turns":3},{"damage":0,"enemies":"Cultist","floor":5,"turns":4},{"damage":3,"enemies":"Lots of Slimes","floor":7,"turns":2},{"damage":2,"enemies":"Blue Slaver","floor":8,"turns":3},{"damage":4,"enemies":"Exordium Thugs","floor":10,"turns":3},{"damage":1,"enemies":"Looter","floor":11,"turns":2},{"damage":4,"enemies":"Lots of Slimes","floor":13,"turns":2},{"damage":43,"enemies":"The Guardian","floor":16,"turns":12},{"damage":3,"enemies":"Shell Parasite","floor":18,"turns":5},{"damage":0,"enemies":"2 Thieves","floor":19,"turns":4},{"damage":15,"enemies":"Snake Plant","floor":20,"turns":4},{"damage":8,"enemies":"Snecko","floor":22,"turns":6},{"damage":54,"enemies":"Book of Stabbing","floor":24,"turns":8},{"damage":4,"enemies":"Centurion and Healer","floor":30,"turns":5},{"damage":11,"enemies":"Snake Plant","floor":31,"turns":4},{"damage":84,"enemies":"Champ","floor":33,"turns":16}],"seed_played":"793326186823493160","potions_obtained":[{"floor":5,"key":"Strength Potion"},{"floor":8,"key":"SkillPotion"},{"floor":10,"key":"GhostInAJar"},{"floor":16,"key":"GhostInAJar"},{"floor":18,"key":"Ancient Potion"},{"floor":30,"key":"EssenceOfSteel"}],"is_trial":false,"path_per_floor":["M","?","?","M","M","R","M","M","T","M","M","R","M","?","R","B",null,"M","M","M","$","M","R","E","R","T","?","R","?","M","M","R","B"],"character_chosen":"THE_SILENT","items_purchased":["Thinking Ahead","Madness","Endless Agony"],"campfire_rested":5,"item_purchase_floors":[21,21,21],"current_hp_per_floor":[68,73,75,75,75,75,72,70,70,66,65,65,61,61,75,32,75,72,72,57,57,49,71,17,39,39,64,75,75,71,60,75,0],"gold":101,"neow_bonus":"RANDOM_COLORLESS","is_prod":false,"is_daily":false,"chose_seed":false,"campfire_upgraded":2,"win_rate":0.0,"timestamp":1560714533,"path_taken":["M","?","?","M","?","R","M","M","T","M","?","R","M","?","R","BOSS","M","M","M","$","M","R","E","R","T","?","R","?","M","M","R","BOSS"],"build_version":"2019-01-23","purchased_purges":0,"victory":false,"max_hp_per_floor":[70,75,75,75,75,75,75,75,75,75,75,75,75,75,75,75,75,75,75,75,75,75,75,75,75,75,75,75,75,75,75,75,75],"card_choices":[{"not_picked":["Distraction","Dodge and Roll"],"picked":"Poisoned Stab","floor":1},{"not_picked":["Choke","Flying Knee"],"picked":"Bane","floor":4},{"not_picked":["Sucker Punch","Backflip"],"picked":"Crippling Poison","floor":5},{"not_picked":["Flying Knee","Calculated Gamble"],"picked":"Sucker Punch","floor":7},{"not_picked":["Outmaneuver","Dodge and Roll"],"picked":"Backstab","floor":8},{"not_picked":["Outmaneuver","Underhanded Strike"],"picked":"Dagger Spray","floor":10},{"not_picked":["Outmaneuver","Bane"],"picked":"All Out Attack","floor":11},{"not_picked":["Flechettes","Prepared"],"picked":"Catalyst","floor":13},{"not_picked":["Corpse Explosion","Wraith Form v2"],"picked":"Night Terror","floor":16},{"not_picked":["Bouncing Flask","Prepared"],"picked":"Escape Plan+1","floor":18},{"not_picked":["Prepared+1","Poisoned Stab"],"picked":"Endless Agony","floor":19},{"not_picked":["Cloak And Dagger+1","Backflip"],"picked":"PiercingWail+1","floor":20},{"not_picked":["Sucker Punch","Deflect"],"picked":"Dagger Spray","floor":22},{"not_picked":["Terror","Poisoned Stab+1"],"picked":"Bullet Time","floor":24},{"not_picked":["Flying Knee","Reflex"],"picked":"Caltrops","floor":30},{"not_picked":["Sucker Punch","Corpse Explosion"],"picked":"Prepared+1","floor":31}],"player_experience":81124,"relics_obtained":[{"floor":9,"key":"Oddly Smooth Stone"},{"floor":24,"key":"Paper Crane"},{"floor":26,"key":"Dodecahedron"}],"event_choices":[{"damage_healed":0,"gold_gain":0,"player_choice":"Donut","damage_taken":0,"max_hp_gain":5,"max_hp_loss":0,"event_name":"Big Fish","floor":2,"gold_loss":0},{"damage_healed":2,"gold_gain":0,"player_choice":"Full Heal","damage_taken":0,"max_hp_gain":0,"max_hp_loss":0,"event_name":"Wheel of Change","floor":3,"gold_loss":0},{"damage_healed":0,"gold_gain":0,"player_choice":"2 cards matched","damage_taken":0,"max_hp_gain":0,"max_hp_loss":0,"event_name":"Match and Keep!","floor":14,"gold_loss":0,"cards_obtained":["Neutralize","Corpse Explosion"]},{"damage_healed":25,"gold_gain":0,"player_choice":"Heal","damage_taken":0,"max_hp_gain":0,"max_hp_loss":0,"event_name":"The Library","floor":27,"gold_loss":0},{"cards_removed":["Strike_G"],"damage_healed":0,"gold_gain":0,"player_choice":"Purged","damage_taken":0,"max_hp_gain":0,"max_hp_loss":0,"event_name":"Purifier","floor":29,"gold_loss":0}],"is_beta":false,"boss_relics":[{"not_picked":["Coffee Dripper","Cursed Key"],"picked":"Astrolabe"}],"items_purged_floors":[],"is_endless":false,"potions_floor_spawned":[5,8,10,16,18,30],"killed_by":"Champ","ascension_level":0}