{"gold_per_floor":[109,123,134,148,165,165,182,182,182,207,172,184,184,200,200,298,298,308,308,22,38,57,57,84,84,84,84],"floor_reached":27,"playtime":4199,"items_purged":[],"score":296,"play_id":"05a7d1fb-6530-4338-aae3-ba38d8afc757","local_time":"20190117225714","is_ascension_mode":true,"campfire_choices":[{"data":"Bullet Time","floor":6.0,"key":"SMITH"},{"floor":8.0,"key":"REST"},{"data":"Neutralize","floor":15.0,"key":"SMITH"},{"floor":23.0,"key":"REST"},{"floor":25.0,"key":"REST"}],"neow_cost":"NONE","seed_source_timestamp":0,"circlet_count":0,"master_deck":["Defend_G","Defend_G","Defend_G","Defend_G","Defend_G","Strike_G","Strike_G","Strike_G","Strike_G","Strike_G","Survivor","Neutralize+1","Quick Slash","Acrobatics","Bullet Time+1","Die Die Die","Blur","Terror","Phantasmal Killer","Acrobatics","Necronomicurse","Backflip","Caltrops","Backflip"],"special_seed":0,"relics":["Sozu","Turnip","Ice Cream","Black Star","Necronomicon","Prayer Wheel","WingedGreaves","Nunchaku","Ornamental Fan"],"potions_floor_usage":[],"damage_taken":[{"damage":2.0,"enemies":"Jaw Worm","floor":1.0,"turns":4.0},{"damage":0.0,"enemies":"2 Louse","floor":2.0,"turns":2.0},{"damage":0.0,"enemies":"Cultist","floor":3.0,"turns":3.0},{"damage":13.0,"enemies":"Exordium Thugs","floor":4.0,"turns":6.0},{"damage":11.0,"enemies":"Looter","floor":5.0,"turns":3.0},{"damage":1.0,"enemies":"Lots of Slimes","floor":7.0,"turns":5.0},{"damage":20.0,"enemies":"Lagavulin","floor":10.0,"turns":7.0},{"damage":11.0,"enemies":"Large Slime","floor":12.0,"turns":8.0},{"damage":0.0,"enemies":"3 Louse","floor":14.0,"turns":2.0},{"damage":17.0,"enemies":"The Guardian","floor":16.0,"turns":16.0},{"damage":5.0,"enemies":"Shell Parasite","floor":18.0,"turns":6.0},{"damage":5.0,"enemies":"Spheric Guardian","floor":21.0,"turns":4.0},{"damage":7.0,"enemies":"Centurion and Healer","floor":22.0,"turns":7.0},{"damage":35.0,"enemies":"Book of Stabbing","floor":24.0,"turns":7.0},{"damage":36,"enemies":"Slavers","floor":27,"turns":2}],"seed_played":"-8195912044754650285","potions_obtained":[],"is_trial":false,"path_per_floor":["M","M","M","M","M","R","M","R","T","E","?","M","$","M","R","B",null,"M","?","$","M","M","R","E","R","T","E"],"character_chosen":"THE_SILENT","items_purchased":["Prayer Wheel"],"campfire_rested":3,"item_purchase_floors":[20],"current_hp_per_floor":[68,68,68,55,44,44,43,64,64,44,61,50,50,50,50,33,61,56,40,40,35,28,49,14,35,35,0],"gold":84,"neow_bonus":"BOSS_RELIC","is_prod":false,"is_daily":false,"chose_seed":false,"campfire_upgraded":2,"win_rate":0,"timestamp":1547783834,"path_taken":["M","M","M","M","M","R","M","R","T","E","?","M","$","M","R","BOSS","M","?","$","M","M","R","E","R","T","E"],"build_version":"2019-01-17","purchased_purges":0,"victory":false,"max_hp_per_floor":[70,70,70,70,70,70,70,70,70,70,70,70,70,70,70,70,70,70,70,70,70,70,70,70,70,70,70],"card_choices":[{"not_picked":["Poisoned Stab","Flechettes"],"picked":"Quick Slash","floor":1.0},{"not_picked":["Caltrops","Catalyst"],"picked":"Acrobatics","floor":2.0},{"not_picked":["Flechettes","Dash","Caltrops"],"picked":"SKIP","floor":3.0},{"not_picked":["Quick Slash","Backstab"],"picked":"Bullet Time","floor":4.0},{"not_picked":["Dodge and Roll","Distraction","Slice"],"picked":"SKIP","floor":5.0},{"not_picked":["Underhanded Strike","PiercingWail"],"picked":"Die Die Die","floor":7.0},{"not_picked":["Infinite Blades","Masterful Stab"],"picked":"Blur","floor":10.0},{"not_picked":["Poisoned Stab","Endless Agony","Dagger Spray"],"picked":"SKIP","floor":12.0},{"not_picked":["Dagger Throw","Die Die Die"],"picked":"Terror","floor":14.0},{"not_picked":["A Thousand Cuts","Tools of the Trade"],"picked":"Phantasmal Killer","floor":16.0},{"not_picked":["Flying Knee","Slice"],"picked":"Acrobatics","floor":18.0},{"not_picked":["Terror","Dagger Throw","Setup"],"picked":"SKIP","floor":21.0},{"not_picked":["Slice","Poisoned Stab","Outmaneuver"],"picked":"SKIP","floor":21.0},{"not_picked":["Setup+1","Blade Dance"],"picked":"Backflip","floor":22.0},{"not_picked":["Sucker Punch","Grand Finale"],"picked":"Caltrops","floor":22.0},{"not_picked":["Flechettes","Blur"],"picked":"Backflip","floor":24.0}],"player_experience":234493,"relics_obtained":[{"floor":9.0,"key":"Turnip"},{"floor":10.0,"key":"Ice Cream"},{"floor":19.0,"key":"Necronomicon"},{"floor":24.0,"key":"WingedGreaves"},{"floor":24.0,"key":"Nunchaku"},{"floor":26.0,"key":"Ornamental Fan"}],"event_choices":[{"damage_healed":17.0,"max_hp_gain":0.0,"max_hp_loss":0.0,"gold_gain":0.0,"event_name":"The Cleric","player_choice":"Healed","floor":11.0,"gold_loss":35.0,"damage_taken":0.0},{"damage_healed":0.0,"max_hp_gain":0.0,"max_hp_loss":0.0,"gold_gain":0.0,"event_name":"Cursed Tome","player_choice":"Obtained Book","floor":19.0,"gold_loss":0.0,"damage_taken":16.0}],"is_beta":false,"boss_relics":[{"not_picked":["Ectoplasm","Coffee Dripper"],"picked":"Black Star"}],"items_purged_floors":[],"is_endless":false,"potions_floor_spawned":[3,10,12,14,16,21,24],"killed_by":"Slavers","ascension_level":5}