{"gold_per_floor":[115,33,33,33,63,90,90,117,117,135,165,90,90,110,110,212,212,225,225,242,125,136,152,186,101,113,125,87,99,49,62,62,164,164,181,141,153,69,86,86,121,121,171,171,200,212,239,250,250,250],"floor_reached":51,"playtime":6490,"items_purged":["Strike_B","Strike_B","Strike_B","Strike_B","Defend_B"],"score":1062,"play_id":"b1e738e9-aea9-41b0-9dca-6fce20bbc495","local_time":"20190219192108","is_ascension_mode":true,"campfire_choices":[{"data":"Rainbow","floor":7.0,"key":"SMITH"},{"data":"Gash","floor":13.0,"key":"SMITH"},{"data":"Zap","floor":15.0,"key":"SMITH"},{"floor":27.0,"key":"REST"},{"floor":32.0,"key":"REST"},{"data":"Echo Form","floor":40,"key":"SMITH"},{"floor":42,"key":"REST"},{"floor":44,"key":"REST"},{"data":"Dualcast","floor":49,"key":"SMITH"}],"neow_cost":"NONE","seed_source_timestamp":419743606218209,"circlet_count":0,"master_deck":["Defend_B","Defend_B","Defend_B","Zap+1","Dualcast+1","All For One","Rainbow+1","Sunder","Gash+1","Self Repair","Echo Form+1","Recycle","Gash","BootSequence","Heatsinks+1","Compile Driver","Loop+1","Creative AI+1","Self Repair","Static Discharge+1","Parasite"],"special_seed":0,"relics":["Cracked Core","NeowsBlessing","Tiny Chest","Cables","Dodecahedron","Matryoshka","Mummified Hand","Black Star","Anchor","Smiling Mask","Shuriken","Strawberry","MawBank","Bronze Scales","Sundial","Busted Crown","Bottled Lightning","Bottled Tornado","Bag of Marbles","Pear","Du-Vu Doll","Ornamental Fan","Thread and Needle"],"potions_floor_usage":[41,48,50],"damage_taken":[{"damage":0.0,"enemies":"Small Slimes","floor":1.0,"turns":1.0},{"damage":0.0,"enemies":"Lagavulin","floor":6.0,"turns":1.0},{"damage":0.0,"enemies":"Gremlin Nob","floor":8.0,"turns":1.0},{"damage":0.0,"enemies":"Cultist","floor":10.0,"turns":3.0},{"damage":11.0,"enemies":"3 Sentries","floor":11.0,"turns":7.0},{"damage":0.0,"enemies":"2 Louse","floor":14.0,"turns":2.0},{"damage":18.0,"enemies":"The Guardian","floor":16.0,"turns":9.0},{"damage":23.0,"enemies":"2 Thieves","floor":18.0,"turns":3.0},{"damage":11.0,"enemies":"Spheric Guardian","floor":20.0,"turns":3.0},{"damage":11.0,"enemies":"Centurion and Healer","floor":22.0,"turns":6.0},{"damage":24.0,"enemies":"Snake Plant","floor":23.0,"turns":4.0},{"damage":29.0,"enemies":"Gremlin Leader","floor":24.0,"turns":7.0},{"damage":12.0,"enemies":"Chosen and Byrds","floor":29.0,"turns":5.0},{"damage":22.0,"enemies":"Shelled Parasite and Fungi","floor":31.0,"turns":4.0},{"damage":19.0,"enemies":"Automaton","floor":33.0,"turns":6.0},{"damage":5.0,"enemies":"3 Shapes","floor":35.0,"turns":4.0},{"damage":32.0,"enemies":"3 Darklings","floor":37.0,"turns":4.0},{"damage":5,"enemies":"Maw","floor":39,"turns":5},{"damage":42,"enemies":"Nemesis","floor":41,"turns":5},{"damage":29,"enemies":"Reptomancer","floor":45,"turns":4},{"damage":0,"enemies":"Writhing Mass","floor":46,"turns":4},{"damage":0,"enemies":"Giant Head","floor":47,"turns":5},{"damage":0,"enemies":"Jaw Worm Horde","floor":48,"turns":2},{"damage":26,"enemies":"Donu and Deca","floor":50,"turns":6}],"seed_played":"7826824767597796191","potions_obtained":[{"floor":6.0,"key":"Block Potion"},{"floor":8.0,"key":"Block Potion"},{"floor":18.0,"key":"SteroidPotion"},{"floor":20.0,"key":"SteroidPotion"},{"floor":24.0,"key":"Explosive Potion"},{"floor":29.0,"key":"Weak Potion"},{"floor":35.0,"key":"Weak Potion"},{"floor":45,"key":"Poison Potion"},{"floor":46,"key":"SkillPotion"},{"floor":48,"key":"Regen Potion"}],"is_trial":false,"path_per_floor":["M","$","?","$","?","E","R","E","T","M","E","$","R","M","R","B",null,"M","T","M","$","M","M","E","?","T","R","$","M","$","M","R","B",null,"M","?","M","$","M","R","E","R","T","R","E","M","E","M","R","B",null],"character_chosen":"DEFECT","items_purchased":["All For One","BootSequence","Self Repair"],"campfire_rested":4,"item_purchase_floors":[2,21,38],"current_hp_per_floor":[68,68,73,73,73,73,73,73,73,73,62,62,62,62,62,51,73,57,57,60,60,56,39,24,24,24,50,50,45,45,30,56,51,78,80,80,55,55,64,64,36,62,62,87,82,97,97,97,97,97],"gold":250,"neow_bonus":"THREE_ENEMY_KILL","is_prod":false,"is_daily":false,"chose_seed":false,"campfire_upgraded":5,"win_rate":0,"timestamp":1550622068,"path_taken":["M","$","?","$","?","E","R","E","T","?","E","$","R","M","R","BOSS","M","?","M","$","M","M","E","?","T","R","$","M","$","M","R","BOSS","M","?","M","$","M","R","E","R","T","R","E","M","E","M","R","BOSS"],"build_version":"2019-01-23","purchased_purges":5,"victory":true,"max_hp_per_floor":[75,75,80,80,80,80,80,80,80,80,80,80,80,80,80,80,80,80,80,80,80,80,80,87,87,87,87,87,87,87,87,87,87,87,87,87,87,87,87,87,87,87,87,87,97,97,97,97,97,97],"card_choices":[{"not_picked":["Rebound","Turbo"],"picked":"Gash","floor":1.0},{"not_picked":["Heatsinks","Rip and Tear"],"picked":"Rainbow","floor":6.0},{"not_picked":["Coolheaded","Stack","Static Discharge"],"picked":"SKIP","floor":8.0},{"not_picked":["Rebound","Consume"],"picked":"Sunder","floor":10.0},{"not_picked":["Barrage","Stack"],"picked":"Gash","floor":11.0},{"not_picked":["Conserve Battery","Darkness"],"picked":"Self Repair","floor":14.0},{"not_picked":["Buffer","Machine Learning"],"picked":"Echo Form","floor":16.0},{"not_picked":["Stack+1","Steam+1"],"picked":"Recycle","floor":18.0},{"not_picked":["Hologram+1","Glacier"],"picked":"Gash","floor":20.0},{"not_picked":["Scrape","Chaos+1","Rebound"],"picked":"SKIP","floor":22.0},{"not_picked":["Leap","Darkness","Streamline"],"picked":"SKIP","floor":23.0},{"not_picked":["Hyperbeam","Stack"],"picked":"Heatsinks+1","floor":24.0},{"not_picked":["Conserve Battery+1","Ball Lightning+1"],"picked":"Compile Driver","floor":29.0},{"not_picked":["Go for the Eyes+1","Capacitor"],"picked":"Loop+1","floor":31.0},{"not_picked":["Multi-Cast","All For One"],"picked":"Creative AI","floor":33.0},{"not_picked":["Streamline+1"],"picked":"SKIP","floor":35.0},{"not_picked":["Ball Lightning+1"],"picked":"SKIP","floor":37.0},{"not_picked":["Leap"],"picked":"SKIP","floor":39},{"not_picked":["Hologram+1"],"picked":"SKIP","floor":41},{"not_picked":[],"picked":"Static Discharge+1","floor":45},{"not_picked":["Barrage+1"],"picked":"SKIP","floor":46},{"not_picked":["Coolheaded+1"],"picked":"SKIP","floor":47},{"not_picked":["Leap"],"picked":"SKIP","floor":48}],"player_experience":508992,"relics_obtained":[{"floor":6.0,"key":"Cables"},{"floor":8.0,"key":"Dodecahedron"},{"floor":9.0,"key":"Matryoshka"},{"floor":11.0,"key":"Mummified Hand"},{"floor":19.0,"key":"Anchor"},{"floor":19.0,"key":"Smiling Mask"},{"floor":24.0,"key":"Shuriken"},{"floor":24.0,"key":"Strawberry"},{"floor":26.0,"key":"Bronze Scales"},{"floor":26.0,"key":"Sundial"},{"floor":41,"key":"Bottled Lightning"},{"floor":41,"key":"Bottled Tornado"},{"floor":43,"key":"Bag of Marbles"},{"floor":45,"key":"Pear"},{"floor":45,"key":"Du-Vu Doll"},{"floor":47,"key":"Ornamental Fan"},{"floor":47,"key":"Thread and Needle"}],"event_choices":[{"damage_healed":0.0,"max_hp_gain":5.0,"max_hp_loss":0.0,"gold_gain":0.0,"event_name":"Big Fish","player_choice":"Donut","floor":3.0,"gold_loss":0.0,"damage_taken":0.0},{"cards_removed":["Gash"],"damage_healed":0.0,"max_hp_gain":0.0,"max_hp_loss":0.0,"gold_gain":0.0,"event_name":"WeMeetAgain","player_choice":"Gave Card","floor":5.0,"gold_loss":0.0,"damage_taken":0.0,"relics_obtained":["Tiny Chest"]},{"damage_healed":0.0,"max_hp_gain":0.0,"max_hp_loss":0.0,"gold_gain":0.0,"event_name":"Addict","player_choice":"Obtained Relic","floor":25.0,"gold_loss":85.0,"damage_taken":0.0,"relics_obtained":["MawBank"]},{"damage_healed":0.0,"max_hp_gain":0.0,"max_hp_loss":0.0,"gold_gain":0.0,"event_name":"Designer","player_choice":"Upgrade","floor":36.0,"gold_loss":40.0,"damage_taken":0.0,"cards_upgraded":["Creative AI"]}],"is_beta":false,"boss_relics":[{"not_picked":["Runic Pyramid","Lizard Tail"],"picked":"Black Star"},{"not_picked":["Philosopher\u0027s Stone","Nuclear Battery"],"picked":"Busted Crown"}],"items_purged_floors":[12,21,28,30,38],"is_endless":false,"potions_floor_spawned":[6,8,18,20,24,29,35,45,46,48],"ascension_level":6}