{"gold_per_floor":[112,112,131,151,151,181,200,200,200,200,235,245,257,274,274,274],"floor_reached":16,"playtime":781,"items_purged":[],"score":171,"play_id":"dca8e376-d7f0-4e90-b039-06589f66ba5b","local_time":"20190210143457","is_ascension_mode":true,"campfire_choices":[{"floor":8,"key":"REST"},{"data":"Noxious Fumes","floor":10,"key":"SMITH"},{"data":"Bouncing Flask","floor":15,"key":"SMITH"}],"neow_cost":"NONE","seed_source_timestamp":645984164891554,"circlet_count":0,"master_deck":["AscendersBane","Defend_G","Defend_G","Defend_G","Defend_G","Defend_G","Strike_G+1","Strike_G","Strike_G","Strike_G+1","Strike_G","Survivor","Neutralize","Noxious Fumes+1","Prepared","Deflect","Bouncing Flask+1","Infinite Blades","Sucker Punch","Cloak And Dagger","Terror"],"special_seed":0,"relics":["Ring of the Snake","Centennial Puzzle","Boot","Mercury Hourglass"],"potions_floor_usage":[6,6,16,16],"damage_taken":[{"damage":5.0,"enemies":"Small Slimes","floor":1.0,"turns":5.0},{"damage":0.0,"enemies":"2 Louse","floor":3.0,"turns":3.0},{"damage":0.0,"enemies":"Cultist","floor":4.0,"turns":3.0},{"damage":21,"enemies":"Gremlin Nob","floor":6,"turns":5},{"damage":9,"enemies":"Gremlin Gang","floor":7,"turns":6},{"damage":15,"enemies":"3 Sentries","floor":11,"turns":7},{"damage":7,"enemies":"3 Louse","floor":12,"turns":3},{"damage":0,"enemies":"Lots of Slimes","floor":13,"turns":3},{"damage":3,"enemies":"Large Slime","floor":14,"turns":5},{"damage":11,"enemies":"The Guardian","floor":16,"turns":7}],"seed_played":"9158165422862483222","potions_obtained":[{"floor":0.0,"key":"Dexterity Potion"},{"floor":0.0,"key":"EssenceOfSteel"},{"floor":0.0,"key":"FearPotion"},{"floor":7,"key":"Strength Potion"},{"floor":14,"key":"Poison Potion"}],"is_trial":false,"path_per_floor":["M","?","M","M","?","E","M","R","T","R","E","M","M","M","R","B"],"character_chosen":"THE_SILENT","items_purchased":[],"campfire_rested":1,"item_purchase_floors":[],"current_hp_per_floor":[58,44,44,44,44,23,14,35,35,35,20,13,13,10,10,0],"gold":274,"neow_bonus":"THREE_SMALL_POTIONS","is_prod":false,"is_daily":false,"chose_seed":false,"campfire_upgraded":2,"win_rate":0,"timestamp":1549805697,"path_taken":["M","?","M","M","?","E","?","R","T","R","E","M","M","M","R","BOSS"],"build_version":"2019-01-23","purchased_purges":0,"victory":false,"max_hp_per_floor":[70,70,70,70,70,70,70,70,70,70,70,70,70,70,70,70],"card_choices":[{"not_picked":["Outmaneuver","Calculated Gamble"],"picked":"Noxious Fumes","floor":1.0},{"not_picked":["Choke","Slice"],"picked":"Prepared","floor":3.0},{"not_picked":["Acrobatics","Slice"],"picked":"Deflect","floor":4.0},{"not_picked":["Flechettes","Riddle With Holes"],"picked":"Bouncing Flask","floor":6},{"not_picked":["Dagger Spray","Acrobatics"],"picked":"Infinite Blades","floor":7},{"not_picked":["Flying Knee","Dodge and Roll"],"picked":"Sucker Punch","floor":11},{"not_picked":["Poisoned Stab","Outmaneuver"],"picked":"Cloak And Dagger","floor":12},{"not_picked":["Slice","Prepared","Finisher"],"picked":"SKIP","floor":13},{"not_picked":["Dagger Throw","Slice"],"picked":"Terror","floor":14}],"player_experience":1019308,"relics_obtained":[{"floor":6,"key":"Centennial Puzzle"},{"floor":9,"key":"Boot"},{"floor":11,"key":"Mercury Hourglass"}],"event_choices":[{"damage_healed":0.0,"max_hp_gain":0.0,"max_hp_loss":0.0,"gold_gain":0.0,"event_name":"Shining Light","player_choice":"Entered Light","floor":2.0,"gold_loss":0.0,"damage_taken":14.0,"cards_upgraded":["Strike_G","Strike_G"]},{"damage_healed":0.0,"max_hp_gain":0.0,"max_hp_loss":0.0,"gold_gain":0.0,"event_name":"NoteForYourself","player_choice":"Ignored","floor":5.0,"gold_loss":0.0,"damage_taken":0.0}],"is_beta":false,"boss_relics":[],"items_purged_floors":[],"is_endless":false,"potions_floor_spawned":[1,7,14],"killed_by":"The Guardian","ascension_level":10}