{"gold_per_floor":[119,135,61,71,88,88,114,114,114,114,134,167,177,188,188,266,266,286,303,303,320,339,339,36,61,61,61,71,17,43,63,63,63],"floor_reached":33,"playtime":1060,"items_purged":["Strike_R"],"score":587,"play_id":"8af64100-4f5e-4e9e-8d12-c694610668d5","local_time":"20190125224955","is_ascension_mode":true,"campfire_choices":[{"data":"Immolate","floor":6.0,"key":"SMITH"},{"data":"Uppercut","floor":8.0,"key":"SMITH"},{"data":"Evolve","floor":15.0,"key":"SMITH"},{"data":"Wild Strike","floor":23.0,"key":"SMITH"},{"data":"Bash","floor":27.0,"key":"SMITH"},{"floor":32,"key":"REST"}],"neow_cost":"TEN_PERCENT_HP_LOSS","seed_source_timestamp":1395216613075348,"circlet_count":0,"master_deck":["AscendersBane","Strike_R","Strike_R","Defend_R","Defend_R","Defend_R","Bash+1","Immolate+1","Warcry","Ghostly Armor","Evolve+1","Uppercut+1","Thunderclap","Reckless Charge","Metallicize","Brutality","Power Through","Wild Strike+1","Immolate+1","Power Through+1","Sever Soul"],"special_seed":0,"relics":["Burning Blood","Bottled Flame","Mango","Pocketwatch","Empty Cage","TheAbacus","Lantern","Question Card","Regal Pillow"],"potions_floor_usage":[31],"damage_taken":[{"damage":1.0,"enemies":"Cultist","floor":1.0,"turns":3.0},{"damage":4.0,"enemies":"Jaw Worm","floor":2.0,"turns":4.0},{"damage":0.0,"enemies":"Small Slimes","floor":4.0,"turns":2.0},{"damage":14.0,"enemies":"Exordium Thugs","floor":5.0,"turns":5.0},{"damage":1.0,"enemies":"Gremlin Nob","floor":7.0,"turns":3.0},{"damage":8.0,"enemies":"Large Slime","floor":11.0,"turns":5.0},{"damage":25.0,"enemies":"Lagavulin","floor":12.0,"turns":4.0},{"damage":0.0,"enemies":"Lots of Slimes","floor":13.0,"turns":1.0},{"damage":0.0,"enemies":"3 Louse","floor":14.0,"turns":1.0},{"damage":2.0,"enemies":"Slime Boss","floor":16.0,"turns":5.0},{"damage":16.0,"enemies":"Spheric Guardian","floor":18.0,"turns":5.0},{"damage":11.0,"enemies":"2 Thieves","floor":19.0,"turns":3.0},{"damage":0.0,"enemies":"3 Cultists","floor":21.0,"turns":2.0},{"damage":10.0,"enemies":"Centurion and Healer","floor":22.0,"turns":2.0},{"damage":23.0,"enemies":"Slavers","floor":25.0,"turns":3.0},{"damage":35.0,"enemies":"Shelled Parasite and Fungi","floor":28.0,"turns":4.0},{"damage":19.0,"enemies":"Gremlin Leader","floor":30.0,"turns":4.0},{"damage":0,"enemies":"Snake Plant","floor":31,"turns":2},{"damage":65,"enemies":"Automaton","floor":33,"turns":8}],"seed_played":"6313653012266315875","potions_obtained":[{"floor":2.0,"key":"Poison Potion"},{"floor":5.0,"key":"Strength Potion"},{"floor":12.0,"key":"EssenceOfSteel"},{"floor":16.0,"key":"FearPotion"},{"floor":19.0,"key":"Poison Potion"},{"floor":28.0,"key":"SteroidPotion"}],"is_trial":false,"path_per_floor":["M","M","$","M","M","R","E","R","T","?","M","E","M","M","R","B",null,"M","M","?","M","M","R","$","E","T","R","M","$","E","M","R","B"],"character_chosen":"IRONCLAD","items_purchased":["Evolve","TheAbacus","Fire Potion"],"campfire_rested":1,"item_purchase_floors":[3,24,29],"current_hp_per_floor":[68,68,68,68,60,60,65,65,79,79,77,58,64,70,70,74,80,70,65,65,71,67,67,67,50,50,50,21,21,8,14,53,0],"gold":63,"neow_bonus":"THREE_RARE_CARDS","is_prod":false,"is_daily":false,"chose_seed":false,"campfire_upgraded":5,"win_rate":0,"timestamp":1548452995,"path_taken":["M","?","$","M","M","R","E","R","T","?","M","E","M","M","R","BOSS","M","M","?","M","M","R","?","E","T","R","?","$","E","?","R","BOSS"],"build_version":"2019-01-23","purchased_purges":1,"victory":false,"max_hp_per_floor":[68,68,68,68,68,68,68,68,82,82,82,82,82,82,82,82,82,82,82,82,82,82,82,82,82,82,82,82,82,82,82,82,82],"card_choices":[{"not_picked":["Fiend Fire","Dark Embrace"],"picked":"Immolate","floor":0.0},{"not_picked":["Anger","Shrug It Off"],"picked":"Warcry","floor":1.0},{"not_picked":["Anger","Infernal Blade"],"picked":"Ghostly Armor","floor":2.0},{"not_picked":["Warcry","Cleave"],"picked":"Uppercut","floor":4.0},{"not_picked":["Dual Wield","Corruption"],"picked":"Thunderclap","floor":5.0},{"not_picked":["Anger","True Grit","Armaments"],"picked":"SKIP","floor":7.0},{"not_picked":["Sword Boomerang","Havoc","Infernal Blade"],"picked":"SKIP","floor":11.0},{"not_picked":["Thunderclap","Perfected Strike"],"picked":"Reckless Charge","floor":12.0},{"not_picked":["Rupture","Berserk","Body Slam"],"picked":"SKIP","floor":13.0},{"not_picked":["Spot Weakness","Iron Wave"],"picked":"Metallicize","floor":14.0},{"not_picked":["Reaper","Berserk"],"picked":"Brutality","floor":16.0},{"not_picked":["Headbutt+1","Sword Boomerang+1"],"picked":"Power Through","floor":18.0},{"not_picked":["Sword Boomerang+1","Twin Strike"],"picked":"Wild Strike","floor":19.0},{"not_picked":["Headbutt","Body Slam"],"picked":"Power Through+1","floor":21.0},{"not_picked":["Fire Breathing+1","Sword Boomerang","Whirlwind"],"picked":"SKIP","floor":22.0},{"not_picked":["Searing Blow","Rampage","Shrug It Off"],"picked":"SKIP","floor":25.0},{"not_picked":["Sentinel","Clothesline","Headbutt","Combust"],"picked":"SKIP","floor":28.0},{"not_picked":["Pommel Strike","Rupture","Carnage+1"],"picked":"Sever Soul","floor":30.0},{"not_picked":["Pommel Strike","Heavy Blade","Cleave","Inflame+1"],"picked":"SKIP","floor":31}],"player_experience":940089,"relics_obtained":[{"floor":7.0,"key":"Bottled Flame"},{"floor":9.0,"key":"Mango"},{"floor":12.0,"key":"Pocketwatch"},{"floor":25.0,"key":"Lantern"},{"floor":26.0,"key":"Question Card"},{"floor":30.0,"key":"Regal Pillow"}],"event_choices":[{"cards_removed":["Strike_R"],"damage_healed":0.0,"max_hp_gain":0.0,"max_hp_loss":0.0,"gold_gain":0.0,"event_name":"Living Wall","player_choice":"Forget","floor":10.0,"gold_loss":0.0,"damage_taken":0.0},{"damage_healed":0.0,"max_hp_gain":0.0,"max_hp_loss":0.0,"gold_gain":0.0,"event_name":"Duplicator","player_choice":"Copied","floor":20.0,"gold_loss":0.0,"damage_taken":0.0,"cards_obtained":["Immolate"]}],"is_beta":false,"boss_relics":[{"not_picked":["Philosopher\u0027s Stone","Pandora\u0027s Box"],"picked":"Empty Cage"}],"items_purged_floors":[24],"is_endless":false,"potions_floor_spawned":[2,5,12,16,18,19,28],"killed_by":"Automaton","ascension_level":19}