{"gold_per_floor":[114,134,59,234,250,281,297,297],"floor_reached":8,"playtime":776,"items_purged":["Strike_G"],"score":73,"play_id":"786ddf5e-b4ea-4f2f-a1cd-396a2b9ab82a","local_time":"20190123194049","is_ascension_mode":true,"campfire_choices":[],"neow_cost":"NONE","seed_source_timestamp":102515929670232,"circlet_count":0,"master_deck":["Defend_G","Defend_G","Defend_G","Defend_G","Defend_G","Strike_G","Strike_G","Strike_G","Strike_G","Survivor","Neutralize","Predator","Acrobatics","Doubt","Reflex","Infinite Blades"],"special_seed":0,"relics":["Ring of the Snake","NeowsBlessing","Paper Crane"],"potions_floor_usage":[8],"damage_taken":[{"damage":0.0,"enemies":"Cultist","floor":1.0,"turns":1.0},{"damage":0.0,"enemies":"Jaw Worm","floor":2.0,"turns":1.0},{"damage":0.0,"enemies":"2 Louse","floor":5.0,"turns":1.0},{"damage":44.0,"enemies":"3 Sentries","floor":6.0,"turns":11.0},{"damage":5.0,"enemies":"Exordium Wildlife","floor":7.0,"turns":7.0},{"damage":20,"enemies":"Gremlin Nob","floor":8,"turns":4}],"seed_played":"-2898228278293936119","potions_obtained":[{"floor":1.0,"key":"EssenceOfSteel"},{"floor":5.0,"key":"FearPotion"},{"floor":6.0,"key":"Swift Potion"},{"floor":7.0,"key":"AttackPotion"}],"is_trial":false,"path_per_floor":["M","M","$","?","M","E","M","E"],"character_chosen":"THE_SILENT","items_purchased":[],"campfire_rested":0,"item_purchase_floors":[],"current_hp_per_floor":[70,70,70,70,70,26,21,1],"gold":297,"neow_bonus":"THREE_ENEMY_KILL","is_prod":false,"is_daily":false,"chose_seed":false,"campfire_upgraded":0,"win_rate":0,"timestamp":1548290449,"path_taken":["M","M","$","?","M","E","M","E"],"build_version":"2019-01-23","purchased_purges":1,"victory":false,"max_hp_per_floor":[70,70,70,70,70,70,70,70],"card_choices":[{"not_picked":["Flying Knee","Expertise"],"picked":"Predator","floor":1.0},{"not_picked":["Crippling Poison","Masterful Stab"],"picked":"Acrobatics","floor":2.0},{"not_picked":["Skewer","Well Laid Plans"],"picked":"Reflex","floor":5.0},{"not_picked":["Burst","After Image"],"picked":"Infinite Blades","floor":6.0},{"not_picked":["Bane","Acrobatics","Escape Plan"],"picked":"SKIP","floor":7.0}],"player_experience":277107,"relics_obtained":[{"floor":6.0,"key":"Paper Crane"}],"event_choices":[{"damage_healed":0.0,"max_hp_gain":0.0,"max_hp_loss":0.0,"gold_gain":175.0,"event_name":"Liars Game","player_choice":"AGREE","floor":4.0,"gold_loss":0.0,"damage_taken":0.0,"cards_obtained":["Doubt"]}],"is_beta":false,"boss_relics":[],"items_purged_floors":[3],"is_endless":false,"potions_floor_spawned":[1,5,6,7],"killed_by":"Gremlin Nob","ascension_level":5}