{"gold_per_floor":[117,130,55,55,70,70,88,88,88,88,58,78,78,91,91,192,192,205,205,120,132,132,132,142,142,142,42,58,78,93,93],"floor_reached":31,"playtime":1579,"items_purged":["Strike_R","Strike_R"],"score":304,"play_id":"95e2365a-c330-4a01-92f4-0dd2dd7c4096","local_time":"20181106210547","is_ascension_mode":false,"campfire_choices":[{"data":"Demon Form","floor":6,"key":"SMITH"},{"data":"Dual Wield","floor":8,"key":"SMITH"},{"data":"Bash","floor":10,"key":"SMITH"},{"data":"Heavy Blade","floor":15,"key":"SMITH"},{"data":"Demon Form","floor":23,"key":"SMITH"},{"floor":25,"key":"REST"}],"neow_cost":"NONE","seed_source_timestamp":78626968680282,"circlet_count":0,"master_deck":["Strike_R","Strike_R","Strike_R","Defend_R","Defend_R","Defend_R","Bash+1","Demon Form+1","Dual Wield+1","Heavy Blade+1","Demon Form+1","Necronomicurse","Whirlwind","Battle Trance"],"relics":["Snecko Eye","Darkstone Periapt","Necronomicon","Bottled Flame"],"potions_floor_usage":[24,24],"damage_taken":[{"damage":2,"enemies":"2 Louse","floor":1,"turns":2},{"damage":0,"enemies":"Cultist","floor":2,"turns":2},{"damage":1,"enemies":"Jaw Worm","floor":5,"turns":2},{"damage":9,"enemies":"Gremlin Gang","floor":7,"turns":5},{"damage":0,"enemies":"Exordium Wildlife","floor":12,"turns":3},{"damage":0,"enemies":"Looter","floor":14,"turns":2},{"damage":0,"enemies":"Slime Boss","floor":16,"turns":2},{"damage":5,"enemies":"Chosen","floor":18,"turns":4},{"damage":19,"enemies":"Shell Parasite","floor":21,"turns":3},{"damage":31,"enemies":"Chosen and Byrds","floor":24,"turns":5},{"damage":16,"enemies":"Snake Plant","floor":28,"turns":3},{"damage":15,"enemies":"Snecko","floor":29,"turns":4},{"damage":5,"enemies":"Cultist and Chosen","floor":30,"turns":3},{"damage":18,"enemies":"Snake Plant","floor":31,"turns":2}],"seed_played":"2180065008157245519","potions_obtained":[{"floor":5,"key":"Poison Potion"},{"floor":11,"key":"SneckoOil"},{"floor":11,"key":"SteroidPotion"},{"floor":14,"key":"Regen Potion"},{"floor":16,"key":"AttackPotion"},{"floor":18,"key":"Swift Potion"},{"floor":30,"key":"Dexterity Potion"}],"is_trial":false,"path_per_floor":["M","M","$","?","M","R","M","R","T","R","?","M","$","M","R","B",null,"M","?","?","M","?","R","M","R","T","$","M","M","M","M"],"character_chosen":"IRONCLAD","items_purchased":[],"campfire_rested":1,"item_purchase_floors":[],"current_hp_per_floor":[78,78,78,78,77,77,68,68,68,68,68,68,68,68,68,68,80,75,75,75,56,46,46,29,54,54,54,38,23,18,0],"gold":93,"neow_bonus":"BOSS_RELIC","is_prod":false,"is_daily":false,"chose_seed":false,"campfire_upgraded":5,"win_rate":0,"timestamp":1541556347,"path_taken":["M","M","$","?","?","R","M","R","T","R","?","?","$","M","R","BOSS","M","?","?","M","?","R","M","R","T","?","M","?","?","M"],"build_version":"2018-11-01","purchased_purges":2,"victory":false,"max_hp_per_floor":[80,80,80,80,80,80,80,80,80,80,80,80,80,80,80,80,80,80,80,80,80,86,86,86,86,86,86,86,86,86,86],"card_choices":[{"not_picked":["Warcry","Cleave","Sentinel"],"picked":"SKIP","floor":1},{"not_picked":["Iron Wave","Fire Breathing","Wild Strike"],"picked":"SKIP","floor":2},{"not_picked":["Armaments","True Grit"],"picked":"Demon Form","floor":5},{"not_picked":["Iron Wave","Rupture"],"picked":"Dual Wield","floor":7},{"not_picked":["Evolve","Rampage","Headbutt"],"picked":"SKIP","floor":12},{"not_picked":["Flex","Shockwave"],"picked":"Heavy Blade","floor":14},{"not_picked":["Bludgeon","Berserk"],"picked":"Demon Form","floor":16},{"not_picked":["Feel No Pain","Rage","Dropkick+1"],"picked":"SKIP","floor":18},{"not_picked":["Iron Wave","Anger","Corruption"],"picked":"SKIP","floor":21},{"not_picked":["Sword Boomerang","Wild Strike","Inflame+1"],"picked":"SKIP","floor":24},{"not_picked":["Battle Trance+1","Headbutt"],"picked":"Whirlwind","floor":28},{"not_picked":["Havoc","Shrug It Off","Clash"],"picked":"SKIP","floor":29},{"not_picked":["Shrug It Off","Entrench"],"picked":"Battle Trance","floor":30}],"player_experience":249092,"relics_obtained":[{"floor":22,"key":"Necronomicon"},{"floor":26,"key":"Bottled Flame"}],"event_choices":[{"cards_removed":["Defend_R"],"damage_healed":0,"gold_gain":0,"player_choice":"Purged","damage_taken":0,"max_hp_gain":0,"max_hp_loss":0,"event_name":"Purifier","floor":4,"gold_loss":0},{"damage_healed":0,"gold_gain":0,"player_choice":"Bought 2 Potions","damage_taken":0,"max_hp_gain":0,"max_hp_loss":0,"event_name":"The Woman in Blue","floor":11,"gold_loss":0},{"damage_healed":0,"gold_gain":0,"player_choice":"Ignored","damage_taken":0,"max_hp_gain":0,"max_hp_loss":0,"event_name":"Vampires","floor":19,"gold_loss":0},{"damage_healed":0,"gold_gain":0,"player_choice":"Obtained Relic","damage_taken":0,"relics_obtained":["Darkstone Periapt"],"max_hp_gain":0,"max_hp_loss":0,"event_name":"Addict","floor":20,"gold_loss":85},{"damage_healed":0,"gold_gain":0,"player_choice":"Obtained Book","damage_taken":16,"max_hp_gain":0,"max_hp_loss":0,"event_name":"Cursed Tome","floor":22,"gold_loss":0}],"is_beta":false,"boss_relics":[{"not_picked":["Calling Bell","Orrery","Sozu"]}],"items_purged_floors":[3,27],"is_endless":false,"potions_floor_spawned":[5,14,16,18,21,30],"killed_by":"Snake Plant","ascension_level":0}