{"gold_per_floor":[111,111,111,51,51,51,66,66,66,82,92,103,114,132,132,132],"floor_reached":16,"playtime":708,"items_purged":["Strike_R"],"score":132,"play_id":"623cee8a-b7c5-474c-84da-898b980ff4c4","local_time":"20180810032013","is_ascension_mode":true,"campfire_choices":[{"data":"Metallicize","floor":6,"key":"SMITH"},{"data":"Entrench","floor":8,"key":"SMITH"},{"floor":15,"key":"REST"}],"neow_cost":"NONE","seed_source_timestamp":84822435000694,"circlet_count":0,"master_deck":["Strike_R","Strike_R","Strike_R","Defend_R","Defend_R","Defend_R","Bash","Metallicize+1","Entrench+1","Uppercut","Warcry","Body Slam","True Grit"],"relics":["Burning Blood","The Courier","Red Skull"],"potions_floor_usage":[11,16,16],"damage_taken":[{"damage":9,"enemies":"Jaw Worm","floor":1,"turns":5},{"damage":9,"enemies":"Small Slimes","floor":7,"turns":5},{"damage":1,"enemies":"2 Louse","floor":10,"turns":5},{"damage":15,"enemies":"Gremlin Gang","floor":11,"turns":9},{"damage":11,"enemies":"3 Louse","floor":12,"turns":4},{"damage":6,"enemies":"2 Fungi Beasts","floor":13,"turns":4},{"damage":26,"enemies":"Exordium Thugs","floor":14,"turns":4},{"damage":60,"enemies":"Hexaghost","floor":16,"turns":11}],"seed_played":"8608972143309356291","potions_obtained":[{"floor":10,"key":"Block Potion"},{"floor":11,"key":"Weak Potion"},{"floor":14,"key":"Explosive Potion"}],"is_trial":false,"path_per_floor":["M","?","?","$","?","R","M","R","T","M","M","M","M","M","R"],"character_chosen":"IRONCLAD","items_purchased":[],"campfire_rested":1,"item_purchase_floors":[],"current_hp_per_floor":[69,62,67,67,60,60,57,57,57,62,53,48,48,28,53,0],"gold":132,"neow_bonus":"REMOVE_CARD","is_prod":false,"is_daily":false,"chose_seed":false,"campfire_upgraded":2,"win_rate":0,"timestamp":1533885613,"path_taken":["M","?","?","$","?","R","M","R","T","?","?","M","M","M","R","BOSS"],"build_version":"2018-08-09","purchased_purges":1,"victory":false,"max_hp_per_floor":[80,80,85,85,85,85,85,85,85,85,85,85,85,85,85,85],"card_choices":[{"not_picked":["Pommel Strike","Dual Wield"],"picked":"Metallicize","floor":1},{"not_picked":["Flame Barrier","Infernal Blade"],"picked":"Entrench","floor":7},{"not_picked":["Searing Blow","Armaments"],"picked":"Uppercut","floor":10},{"not_picked":["Clothesline","Pommel Strike"],"picked":"Warcry","floor":11},{"not_picked":["Perfected Strike","Spot Weakness","Feed"],"picked":"SKIP","floor":12},{"not_picked":["Searing Blow","Havoc"],"picked":"Body Slam","floor":13},{"not_picked":["Sentinel","Pommel Strike"],"picked":"True Grit","floor":14}],"player_experience":186899,"relics_obtained":[{"floor":9,"key":"Red Skull"}],"event_choices":[{"event_name":"Scrap Ooze","player_choice":"success","floor":2,"damage_taken":7},{"event_name":"Big Fish","player_choice":"Donut","floor":3,"damage_taken":0},{"event_name":"Golden Wing","player_choice":"Card Removal","floor":5,"damage_taken":0}],"is_beta":false,"boss_relics":[],"items_purged_floors":[4],"is_endless":false,"potions_floor_spawned":[10,11,14],"killed_by":"Hexaghost","ascension_level":8}