{"gold_per_floor":[115,127,52,52,62,62,77,77,77,77,90,124,124,44,44,137,137,160,160,180,194,194],"floor_reached":22,"playtime":1191,"items_purged":["Strike_R","Defend_R"],"score":529,"play_id":"16ad643f-8660-4492-b725-cc1759b14a0f","local_time":"20190316031335","is_ascension_mode":true,"campfire_choices":[{"data":"Bash","floor":6.0,"key":"SMITH"},{"data":"Inflame","floor":8.0,"key":"SMITH"},{"data":"Defend_R","floor":10.0,"key":"SMITH"},{"floor":15.0,"key":"REST"}],"neow_cost":"NONE","seed_source_timestamp":0,"circlet_count":0,"master_deck":["AscendersBane","Strike_R","Defend_R","Defend_R","Defend_R+1","Bash+1","Armaments+1","Inflame+1","Spot Weakness","Heavy Blade","Reaper","Shrug It Off","Ghostly Armor"],"special_seed":0,"relics":["Burning Blood","The Courier","Bottled Lightning","Golden Idol","Empty Cage"],"potions_floor_usage":[21,21],"damage_taken":[{"damage":9.0,"enemies":"Small Slimes","floor":1.0,"turns":7.0},{"damage":8.0,"enemies":"Cultist","floor":2.0,"turns":6.0},{"damage":0.0,"enemies":"2 Louse","floor":5.0,"turns":5.0},{"damage":0.0,"enemies":"2 Fungi Beasts","floor":7.0,"turns":4.0},{"damage":14.0,"enemies":"Large Slime","floor":11.0,"turns":6.0},{"damage":23.0,"enemies":"Gremlin Nob","floor":12.0,"turns":4.0},{"damage":19.0,"enemies":"Hexaghost","floor":16.0,"turns":9.0},{"damage":50,"enemies":"2 Thieves","floor":18,"turns":5},{"damage":19,"enemies":"Spheric Guardian","floor":20,"turns":10},{"damage":42,"enemies":"Cultist and Chosen","floor":21,"turns":6},{"damage":36,"enemies":"Chosen and Byrds","floor":22,"turns":4}],"seed_played":"-6507904728006136652","potions_obtained":[{"floor":1.0,"key":"FearPotion"},{"floor":5.0,"key":"GamblersBrew"},{"floor":11.0,"key":"Block Potion"},{"floor":12.0,"key":"SkillPotion"},{"floor":16.0,"key":"GamblersBrew"},{"floor":19,"key":"SkillPotion"}],"is_trial":false,"path_per_floor":["M","M","$","?","M","R","M","R","T","R","M","E","?","$","R","B",null,"M","?","M","M","M"],"character_chosen":"IRONCLAD","items_purchased":[],"campfire_rested":1,"item_purchase_floors":[],"current_hp_per_floor":[65,63,63,63,69,69,75,75,75,75,67,50,24,24,46,33,65,43,43,30,10,0],"gold":194,"neow_bonus":"REMOVE_CARD","is_prod":false,"is_daily":false,"chose_seed":false,"campfire_upgraded":3,"win_rate":0,"timestamp":1552720415,"path_taken":["M","M","$","?","M","R","M","R","T","R","M","E","?","$","R","BOSS","M","?","M","M","M"],"build_version":"2019-01-23","purchased_purges":2,"victory":false,"max_hp_per_floor":[75,75,75,75,75,75,75,75,75,75,75,75,75,75,75,75,75,75,75,75,75,75],"card_choices":[{"not_picked":["Thunderclap","Warcry"],"picked":"Armaments","floor":1.0},{"not_picked":["Wild Strike","Headbutt","Corruption"],"picked":"SKIP","floor":2.0},{"not_picked":["Searing Blow","Thunderclap","Sword Boomerang"],"picked":"SKIP","floor":5.0},{"not_picked":["Body Slam","Infernal Blade"],"picked":"Inflame","floor":7.0},{"not_picked":["Heavy Blade","Fiend Fire"],"picked":"Spot Weakness","floor":11.0},{"not_picked":["Sword Boomerang","Iron Wave"],"picked":"Heavy Blade","floor":12.0},{"not_picked":["Double Tap","Bludgeon"],"picked":"Reaper","floor":16.0},{"not_picked":["Body Slam","Warcry"],"picked":"Shrug It Off","floor":18},{"not_picked":["Bloodletting","Thunderclap","Havoc"],"picked":"SKIP","floor":20},{"not_picked":["Iron Wave","Twin Strike+1"],"picked":"Ghostly Armor","floor":21}],"player_experience":373756,"relics_obtained":[{"floor":9.0,"key":"The Courier"},{"floor":12.0,"key":"Bottled Lightning"}],"event_choices":[{"damage_healed":0.0,"max_hp_gain":0.0,"max_hp_loss":0.0,"gold_gain":0.0,"event_name":"Living Wall","player_choice":"Grow","floor":4.0,"gold_loss":0.0,"damage_taken":0.0,"cards_upgraded":["Armaments"]},{"damage_healed":0.0,"max_hp_gain":0.0,"max_hp_loss":0.0,"gold_gain":0.0,"event_name":"Golden Idol","player_choice":"Take Damage","floor":13.0,"gold_loss":0.0,"damage_taken":26.0,"relics_obtained":["Golden Idol"]},{"damage_healed":0,"gold_gain":0,"player_choice":"Got Potions","damage_taken":0,"max_hp_gain":0,"max_hp_loss":0,"event_name":"Lab","floor":19,"gold_loss":0}],"is_beta":false,"boss_relics":[{"not_picked":["Runic Cube","Calling Bell"],"picked":"Empty Cage"}],"items_purged_floors":[3,14],"is_endless":false,"potions_floor_spawned":[1,5,11,12,16],"killed_by":"Chosen and Byrds","ascension_level":17}