{"gold_per_floor":[110,28,28,43,43,43,76,90,115,115,140,183,197,197,197,197],"floor_reached":16,"playtime":1680,"items_purged":[],"score":110,"play_id":"2dd7cae6-a10e-45b4-b153-05647d1d9103","local_time":"20190220201228","is_ascension_mode":false,"campfire_choices":[{"floor":6,"key":"RECALL"},{"data":"Flame Barrier","floor":10,"key":"SMITH"},{"data":"Pommel Strike","floor":15,"key":"SMITH"}],"neow_cost":"PERCENT_DAMAGE","seed_source_timestamp":1337874114636414,"circlet_count":0,"master_deck":["Strike_R","Strike_R","Strike_R","Strike_R","Strike_R","Defend_R","Defend_R","Defend_R","Defend_R","Bash","Impervious","Dropkick","Metallicize","Pommel Strike+1","Injury","Flame Barrier+1","True Grit","Shrug It Off","Flex"],"relics":["Burning Blood","Golden Idol","Juzu Bracelet","Strawberry","Mummified Hand","Dream Catcher"],"potions_floor_usage":[7,11],"damage_taken":[{"damage":1,"enemies":"Cultist","floor":1,"turns":4},{"damage":1,"enemies":"Jaw Worm","floor":4,"turns":5},{"damage":33,"enemies":"Lagavulin","floor":7,"turns":11},{"damage":0,"enemies":"2 Louse","floor":8,"turns":4},{"damage":0,"enemies":"Red Slaver","floor":11,"turns":5},{"damage":13,"enemies":"3 Sentries","floor":12,"turns":13},{"damage":2,"enemies":"2 Fungi Beasts","floor":13,"turns":6},{"damage":67,"enemies":"Slime Boss","floor":16,"turns":12}],"seed_played":"-2331457073938901935","potions_obtained":[{"floor":4,"key":"Strength Potion"},{"floor":7,"key":"Swift Potion"},{"floor":12,"key":"PowerPotion"}],"is_trial":false,"path_per_floor":["M","$","$","M","?","R","E","M","T","R","M","E","M","?","R","B"],"character_chosen":"IRONCLAD","items_purchased":["Metallicize"],"campfire_rested":0,"item_purchase_floors":[2],"current_hp_per_floor":[61,61,61,66,66,66,39,45,52,52,58,51,55,55,55,0],"gold":197,"neow_bonus":"THREE_RARE_CARDS","is_prod":false,"is_daily":false,"chose_seed":false,"campfire_upgraded":2,"win_rate":0,"timestamp":1550693548,"path_taken":["M","?","$","M","?","R","E","M","T","R","M","E","M","?","R","BOSS"],"build_version":"2019-01-23","purchased_purges":0,"victory":false,"max_hp_per_floor":[80,80,80,80,80,80,80,80,87,87,87,87,87,87,87,87],"card_choices":[{"not_picked":["Dark Embrace","Brutality"],"picked":"Impervious","floor":0},{"not_picked":["Havoc","Armaments"],"picked":"Dropkick","floor":1},{"not_picked":["Reckless Charge","Heavy Blade"],"picked":"Pommel Strike","floor":4},{"not_picked":["Wild Strike","Immolate"],"picked":"Flame Barrier","floor":7},{"not_picked":["Sword Boomerang","Clash"],"picked":"True Grit","floor":8},{"not_picked":["Wild Strike","Body Slam"],"picked":"Shrug It Off","floor":11},{"not_picked":["True Grit","Power Through"],"picked":"Flex","floor":12},{"not_picked":["Iron Wave","Clash","Havoc"],"picked":"SKIP","floor":13}],"player_experience":146899,"relics_obtained":[{"floor":7,"key":"Juzu Bracelet"},{"floor":9,"key":"Strawberry"},{"floor":12,"key":"Mummified Hand"}],"event_choices":[{"damage_healed":0,"gold_gain":0,"player_choice":"Take Wound","damage_taken":0,"relics_obtained":["Golden Idol"],"max_hp_gain":0,"max_hp_loss":0,"event_name":"Golden Idol","floor":5,"gold_loss":0,"cards_obtained":["Injury"]},{"damage_healed":0,"gold_gain":0,"player_choice":"Gave Potion","damage_taken":0,"relics_obtained":["Dream Catcher"],"max_hp_gain":0,"max_hp_loss":0,"event_name":"WeMeetAgain","floor":14,"gold_loss":0}],"is_beta":false,"boss_relics":[],"items_purged_floors":[],"is_endless":false,"potions_floor_spawned":[4,7,12],"killed_by":"Slime Boss","ascension_level":0}