{"gold_per_floor":[112,112,77,97,115,115,141,152,177,188,188,216,39,89,89,166,166,184,99,99,115,115,127,172,184,269,281,312,324,151,151],"floor_reached":31,"playtime":1071,"items_purged":["Defend_B","Writhe"],"score":558,"play_id":"3ec5cf97-3e47-4734-9b8e-a4fb14d2f72a","local_time":"20181016095702","is_ascension_mode":true,"campfire_choices":[{"data":"Zap","floor":6.0,"key":"SMITH"},{"data":"Multi-Cast","floor":11.0,"key":"SMITH"},{"data":"Dualcast","floor":15.0,"key":"SMITH"},{"floor":23.0,"key":"REST"},{"data":"Electrodynamics","floor":25.0,"key":"SMITH"},{"data":"Finesse","floor":27.0,"key":"SMITH"}],"neow_cost":"NONE","seed_source_timestamp":406156482621962,"circlet_count":0,"master_deck":["Strike_B","Strike_B","Strike_B","Strike_B","Defend_B","Defend_B","Defend_B","Zap+1","Dualcast+1","AscendersBane","Multi-Cast+1","Glacier","Auto Shields","FTL","Cold Snap","Finesse+1","Electrodynamics+1","Capacitor"],"special_seed":0,"relics":["Cracked Core","Mercury Hourglass","Singing Bowl","Orichalcum","FossilizedHelix","Sozu","Anchor","MawBank","Ancient Tea Set","Cables"],"potions_floor_usage":[],"damage_taken":[{"damage":7.0,"enemies":"Cultist","floor":1.0,"turns":4.0},{"damage":0.0,"enemies":"Small Slimes","floor":4.0,"turns":2.0},{"damage":1.0,"enemies":"Jaw Worm","floor":5.0,"turns":3.0},{"damage":43.0,"enemies":"Gremlin Nob","floor":7.0,"turns":5.0},{"damage":3.0,"enemies":"Red Slaver","floor":8.0,"turns":3.0},{"damage":0.0,"enemies":"Exordium Thugs","floor":10.0,"turns":5.0},{"damage":6.0,"enemies":"Lagavulin","floor":12.0,"turns":9.0},{"damage":21.0,"enemies":"Slime Boss","floor":16.0,"turns":13.0},{"damage":0.0,"enemies":"3 Byrds","floor":18.0,"turns":2.0},{"damage":2.0,"enemies":"Shell Parasite","floor":21.0,"turns":5.0},{"damage":0.0,"enemies":"Slavers","floor":24.0,"turns":5.0},{"damage":21.0,"enemies":"Snake Plant","floor":28.0,"turns":3.0},{"damage":49,"enemies":"Book of Stabbing","floor":31,"turns":4}],"seed_played":"3499768812392917770","potions_obtained":[{"floor":1.0,"key":"SteroidPotion"},{"floor":4.0,"key":"Regen Potion"}],"is_trial":false,"path_per_floor":["M","T","?","M","M","R","E","M","T","M","R","E","$","?","R","B",null,"M","?","?","M","?","R","E","R","T","R","M","?","$"],"character_chosen":"DEFECT","items_purchased":["Finesse","Capacitor"],"campfire_rested":1,"item_purchase_floors":[13,30],"current_hp_per_floor":[57,57,71,71,70,70,29,35,35,37,37,31,31,31,31,10,59,61,61,39,39,39,64,66,66,66,66,47,47,47,0],"gold":151,"neow_bonus":"ONE_RANDOM_RARE_CARD","is_prod":false,"is_daily":false,"chose_seed":false,"campfire_upgraded":5,"win_rate":0,"timestamp":1539676622,"path_taken":["M","?","?","M","M","R","E","?","T","?","R","E","$","?","R","BOSS","M","?","?","M","?","R","E","R","T","R","?","?","$","E"],"build_version":"2018-10-11","purchased_purges":2,"victory":false,"max_hp_per_floor":[71,71,71,71,71,71,73,73,73,75,75,75,75,75,75,75,75,77,77,82,84,84,84,86,86,86,86,88,88,88,88],"card_choices":[{"not_picked":["Turbo","Beam Cell"],"picked":"Glacier","floor":1.0},{"not_picked":["Compile Driver","Steam"],"picked":"Auto Shields","floor":4.0},{"not_picked":["Lockon","Cold Snap","Reprogram"],"picked":"SKIP","floor":5.0},{"not_picked":["Stack","Machine Learning","Barrage"],"picked":"Singing Bowl","floor":7.0},{"not_picked":["Sweeping Beam","Turbo"],"picked":"FTL","floor":8.0},{"not_picked":["Sweeping Beam","Steam","Capacitor"],"picked":"Singing Bowl","floor":10.0},{"not_picked":["Conserve Battery","Thunder Strike"],"picked":"Cold Snap","floor":12.0},{"not_picked":["Creative AI","Core Surge"],"picked":"Electrodynamics","floor":16.0},{"not_picked":["Gash","Static Discharge","Steam+1"],"picked":"Singing Bowl","floor":18.0},{"not_picked":["Gash","Go for the Eyes","Loop"],"picked":"Singing Bowl","floor":21.0},{"not_picked":["Turbo","Reinforced Body","Redo"],"picked":"Singing Bowl","floor":24.0},{"not_picked":["Reprogram","Hologram","Static Discharge"],"picked":"Singing Bowl","floor":28.0}],"player_experience":835275,"relics_obtained":[{"floor":2.0,"key":"Mercury Hourglass"},{"floor":7.0,"key":"Singing Bowl"},{"floor":9.0,"key":"Orichalcum"},{"floor":12.0,"key":"FossilizedHelix"},{"floor":24.0,"key":"Ancient Tea Set"},{"floor":26.0,"key":"Cables"}],"event_choices":[{"event_name":"The Cleric","player_choice":"Healed","floor":3.0,"damage_taken":0.0},{"event_name":"Golden Shrine","player_choice":"Pray","floor":14.0,"damage_taken":0.0},{"event_name":"Addict","player_choice":"Obtained Relic","floor":19.0,"damage_taken":0.0},{"event_name":"Forgotten Altar","player_choice":"Shed Blood","floor":20.0,"damage_taken":0.0},{"event_name":"The Mausoleum","player_choice":"Yes","floor":22.0,"damage_taken":0.0},{"event_name":"Cursed Tome","player_choice":"Ignored","floor":29.0,"damage_taken":0.0}],"is_beta":false,"boss_relics":[{"not_picked":["FrozenCore","Runic Dome"],"picked":"Sozu"}],"items_purged_floors":[13,30],"is_endless":false,"potions_floor_spawned":[1,4,7,18,21],"killed_by":"Book of Stabbing","ascension_level":19}