{"gold_per_floor":[112,112,127,127,127,155,166,180,231,181,199,214,214,226,226,226],"floor_reached":16,"playtime":519,"items_purged":[],"score":199,"play_id":"c9da148a-7f4a-47c0-b152-c4e3fea36aa0","local_time":"20180810015100","is_ascension_mode":true,"campfire_choices":[{"data":"Bash","floor":15,"key":"SMITH"}],"neow_cost":"NONE","seed_source_timestamp":79657702961899,"circlet_count":0,"master_deck":["Strike_R","Strike_R","Strike_R","Defend_R","Defend_R","Defend_R","Defend_R","Bash+1","Infernal Blade"],"relics":["Burning Blood","NeowsBlessing","Singing Bowl","Vajra","Potion Belt","Toxic Egg 2"],"potions_floor_usage":[8,16],"damage_taken":[{"damage":0,"enemies":"Small Slimes","floor":1,"turns":1},{"damage":0,"enemies":"Cultist","floor":3,"turns":1},{"damage":0,"enemies":"Lagavulin","floor":6,"turns":1},{"damage":2,"enemies":"Jaw Worm","floor":7,"turns":3},{"damage":10,"enemies":"Gremlin Gang","floor":8,"turns":5},{"damage":6,"enemies":"Looter","floor":11,"turns":5},{"damage":4,"enemies":"2 Fungi Beasts","floor":12,"turns":3},{"damage":3,"enemies":"3 Louse","floor":14,"turns":3},{"damage":99,"enemies":"Hexaghost","floor":16,"turns":11}],"seed_played":"138412934564665242","potions_obtained":[{"floor":1,"key":"Swift Potion"},{"floor":3,"key":"FearPotion"},{"floor":6,"key":"LiquidBronze"},{"floor":8,"key":"Weak Potion"}],"is_trial":false,"path_per_floor":["M","?","M","?","?","E","M","M","T","?","M","M","T","M","R"],"character_chosen":"IRONCLAD","items_purchased":[],"campfire_rested":0,"item_purchase_floors":[],"current_hp_per_floor":[78,78,80,77,82,87,89,87,87,87,89,93,93,97,97,0],"gold":226,"neow_bonus":"THREE_ENEMY_KILL","is_prod":false,"is_daily":false,"chose_seed":false,"campfire_upgraded":1,"win_rate":0,"timestamp":1533880260,"path_taken":["M","?","?","?","?","E","M","M","T","?","?","?","?","M","R","BOSS"],"build_version":"2018-08-09","purchased_purges":0,"victory":false,"max_hp_per_floor":[80,80,80,80,85,87,89,91,91,91,93,95,95,97,97,97],"card_choices":[{"not_picked":["Corruption","Shockwave"],"picked":"Infernal Blade","floor":1},{"not_picked":["Anger","Twin Strike","Wild Strike"],"picked":"SKIP","floor":3},{"not_picked":["Shrug It Off","Sword Boomerang","Havoc"],"picked":"Singing Bowl","floor":6},{"not_picked":["Seeing Red","Sever Soul","Pommel Strike"],"picked":"Singing Bowl","floor":7},{"not_picked":["Warcry","Headbutt","Clash"],"picked":"Singing Bowl","floor":8},{"not_picked":["True Grit","Pommel Strike","Pummel"],"picked":"Singing Bowl","floor":11},{"not_picked":["Spot Weakness","Infernal Blade","Ghostly Armor"],"picked":"Singing Bowl","floor":12},{"not_picked":["Perfected Strike","Hemokinesis","Sentinel+1"],"picked":"Singing Bowl","floor":14}],"player_experience":181806,"relics_obtained":[{"floor":6,"key":"Vajra"},{"floor":9,"key":"Potion Belt"},{"floor":13,"key":"Toxic Egg 2"}],"event_choices":[{"event_name":"Bonfire Elementals","player_choice":"BASIC","floor":2,"damage_taken":0},{"event_name":"Scrap Ooze","player_choice":"success","floor":4,"damage_taken":3},{"event_name":"Big Fish","player_choice":"Donut","floor":5,"damage_taken":0},{"event_name":"The Cleric","player_choice":"Card Removal","floor":10,"damage_taken":0}],"is_beta":false,"boss_relics":[],"items_purged_floors":[],"is_endless":false,"potions_floor_spawned":[1,3,6,8],"killed_by":"Hexaghost","ascension_level":7}