{"gold_per_floor":[112,122,122,136,67,96,96,128,128,201,234,234,234,251,251,347,347,336,45,69,69,82,115,115,150,206,206,224,240,251,6,6,101,151,162,37,137,151,171,171,191,191],"floor_reached":42,"playtime":3555,"items_purged":["Regret","Slimebound:Icky","Parasite"],"score":502,"play_id":"d7f8fd30-55ee-4bcc-8193-28741e8da5bc","local_time":"20190202171254","is_ascension_mode":true,"campfire_choices":[{"floor":7,"key":"REST"},{"floor":15,"key":"REST"},{"floor":24,"key":"REST"},{"floor":27,"key":"REST"},{"floor":32,"key":"REST"},{"floor":40,"key":"REST"}],"neow_cost":"NONE","seed_source_timestamp":1976738817484781,"circlet_count":0,"master_deck":["Strike_B","Strike_B","Strike_B","Defend_B+1","Defend_B+1","Defend_B+1","Defend_B","Zap","Dualcast","Gash","Loop","Self Repair","Sweeping Beam","White Noise","Rainbow","Buffer+1","Gash","Loop+1","Cold Snap","Ball Lightning+1","Buffer+1","Gash","Conserve Battery","Go for the Eyes+1","Core Surge","Ball Lightning","Sunder+1","Force Field+1","Static Discharge+1"],"relics":["Cracked Core","NeowsBlessing","Frozen Egg 2","DataDisk","Mercury Hourglass","Bottled Tornado","Ice Cream","Calling Bell","Turnip","Meat on the Bone","Centennial Puzzle","War Paint","Bronze Scales","Happy Flower","Pocketwatch","Tiny Chest","PreservedInsect","Tiny House","Ginger"],"potions_floor_usage":[16,16,18,25,25,33,42,42,42],"damage_taken":[{"damage":0,"enemies":"Small Slimes","floor":1,"turns":1},{"damage":0,"enemies":"Cultist","floor":2,"turns":1},{"damage":0,"enemies":"Jaw Worm","floor":4,"turns":1},{"damage":36,"enemies":"Gremlin Nob","floor":6,"turns":5},{"damage":16,"enemies":"Lagavulin","floor":8,"turns":7},{"damage":32,"enemies":"Gremlin Nob","floor":11,"turns":4},{"damage":12,"enemies":"Lots of Slimes","floor":14,"turns":2},{"damage":31,"enemies":"The Guardian","floor":16,"turns":9},{"damage":46,"enemies":"2 Thieves","floor":18,"turns":4},{"damage":32,"enemies":"Shell Parasite","floor":22,"turns":6},{"damage":28,"enemies":"Gremlin Leader","floor":23,"turns":6},{"damage":56,"enemies":"Slavers","floor":25,"turns":4},{"damage":22,"enemies":"Shelled Parasite and Fungi","floor":28,"turns":4},{"damage":0,"enemies":"Snecko","floor":29,"turns":5},{"damage":20,"enemies":"Cultist and Chosen","floor":30,"turns":6},{"damage":39,"enemies":"Collector","floor":33,"turns":8},{"damage":10,"enemies":"Orb Walker","floor":35,"turns":3},{"damage":0,"enemies":"Mind Bloom Boss Battle","floor":37,"turns":5},{"damage":25,"enemies":"3 Shapes","floor":38,"turns":3},{"damage":30,"enemies":"3 Darklings","floor":39,"turns":4},{"damage":30,"enemies":"4 Shapes","floor":41,"turns":3},{"damage":48,"enemies":"Nemesis","floor":42,"turns":6}],"seed_played":"-8674114649193580696","potions_obtained":[{"floor":2,"key":"GamblersBrew"},{"floor":6,"key":"Swift Potion"},{"floor":14,"key":"Strength Potion"},{"floor":18,"key":"Fire Potion"},{"floor":23,"key":"Regen Potion"},{"floor":29,"key":"SkillPotion"},{"floor":34,"key":"Poison Potion"},{"floor":39,"key":"PowerPotion"},{"floor":41,"key":"Explosive Potion"}],"is_trial":false,"path_per_floor":["M","M","?","M","$","E","R","E","T","T","E","$","?","M","R","B",null,"M","$","T","$","M","E","R","E","T","R","M","M","M","$","R","B",null,"M","$","?","M","M","R","M","E"],"character_chosen":"DEFECT","items_purchased":["Self Repair","War Paint","Loop+1","PreservedInsect"],"campfire_rested":6,"item_purchase_floors":[5,19,19,31],"current_hp_per_floor":[75,75,75,75,75,46,68,59,59,59,34,34,27,15,37,13,75,48,48,48,48,35,26,48,20,20,42,39,39,38,38,60,40,80,70,70,77,59,41,64,46,0],"gold":191,"neow_bonus":"THREE_ENEMY_KILL","is_prod":false,"is_daily":false,"chose_seed":false,"campfire_upgraded":0,"win_rate":0,"timestamp":1549087974,"path_taken":["M","M","?","?","$","E","R","E","T","?","E","$","?","M","R","BOSS","M","$","?","$","M","E","R","E","T","R","M","M","M","$","R","BOSS","M","$","?","M","M","R","M","E"],"build_version":"2019-01-23","purchased_purges":3,"victory":false,"max_hp_per_floor":[75,75,75,75,75,75,75,75,75,75,75,75,75,75,75,75,75,75,75,75,75,75,75,75,75,75,75,75,75,75,75,75,75,80,80,77,77,77,77,77,77,77],"card_choices":[{"not_picked":["Compile Driver","Turbo","Steam Power"],"picked":"SKIP","floor":1},{"not_picked":["Turbo","Streamline"],"picked":"Gash","floor":2},{"not_picked":["Sweeping Beam","Stack"],"picked":"Loop","floor":4},{"not_picked":["Beam Cell","Hologram"],"picked":"Sweeping Beam","floor":6},{"not_picked":["Streamline","Melter"],"picked":"White Noise","floor":8},{"not_picked":["Chill","Heatsinks+1"],"picked":"Rainbow","floor":11},{"not_picked":["Beam Cell","Turbo","Compile Driver"],"picked":"SKIP","floor":14},{"not_picked":["Hyperbeam","Core Surge"],"picked":"Buffer+1","floor":16},{"not_picked":["Go for the Eyes","Redo"],"picked":"Gash","floor":18},{"not_picked":["Go for the Eyes","Stack"],"picked":"Cold Snap","floor":22},{"not_picked":["Stack+1","Heatsinks+1"],"picked":"Ball Lightning+1","floor":23},{"not_picked":["Streamline","Darkness+1"],"picked":"Buffer+1","floor":25},{"not_picked":["Ball Lightning","Steam+1"],"picked":"Gash","floor":28},{"not_picked":["Barrage+1","Reinforced Body"],"picked":"Conserve Battery","floor":29},{"not_picked":["Undo+1","Stack"],"picked":"Go for the Eyes+1","floor":30},{"not_picked":["Meteor Strike","Biased Cognition+1"],"picked":"Core Surge","floor":33},{"not_picked":["Recycle","Rebound"],"picked":"Ball Lightning","floor":34},{"not_picked":["Chaos","Barrage"],"picked":"Sunder+1","floor":35},{"not_picked":["Glacier","Compile Driver"],"picked":"Force Field+1","floor":37},{"not_picked":["Undo","Cold Snap+1"],"picked":"Static Discharge+1","floor":38},{"not_picked":["Go for the Eyes","Recycle+1","Steam"],"picked":"SKIP","floor":39},{"not_picked":["Hologram","Recycle","Capacitor+1"],"picked":"SKIP","floor":41}],"player_experience":127400,"relics_obtained":[{"floor":6,"key":"Frozen Egg 2"},{"floor":8,"key":"DataDisk"},{"floor":9,"key":"Mercury Hourglass"},{"floor":10,"key":"Bottled Tornado"},{"floor":11,"key":"Ice Cream"},{"floor":17,"key":"Turnip"},{"floor":17,"key":"Meat on the Bone"},{"floor":17,"key":"Centennial Puzzle"},{"floor":20,"key":"Bronze Scales"},{"floor":23,"key":"Happy Flower"},{"floor":25,"key":"Pocketwatch"},{"floor":26,"key":"Tiny Chest"},{"floor":37,"key":"Ginger"}],"event_choices":[{"cards_removed":["Strike_B"],"damage_healed":0,"gold_gain":0,"player_choice":"Offered Basic","damage_taken":0,"max_hp_gain":0,"max_hp_loss":0,"event_name":"Bonfire Elementals","floor":3,"gold_loss":0},{"damage_healed":0,"gold_gain":0,"player_choice":"Damaged","damage_taken":7,"max_hp_gain":0,"max_hp_loss":0,"event_name":"Wheel of Change","floor":13,"gold_loss":0},{"damage_healed":0,"gold_gain":0,"player_choice":"Fight","damage_taken":0,"max_hp_gain":0,"max_hp_loss":0,"event_name":"MindBloom","floor":37,"gold_loss":0}],"is_beta":false,"boss_relics":[{"not_picked":["Astrolabe","Coffee Dripper"],"picked":"Calling Bell"},{"not_picked":["Inserter","Busted Crown"],"picked":"Tiny House"}],"items_purged_floors":[19,31,36],"is_endless":false,"potions_floor_spawned":[2,6,14,18,23,29,39,41],"killed_by":"Nemesis","ascension_level":2}