{"gold_per_floor":[112,128,128,128,148,175,195,195,276,44,77,77,90,43,43,144,144,156,184,35,54,254,254,268,268,294,294,312,324,349,349,349,446,446,460,560,280,280,502,502,502],"floor_reached":41,"playtime":3148,"items_purged":["Defend_R","Strike_R","Defend_R"],"score":492,"play_id":"552539df-4746-4653-a950-fecfa6bc0686","local_time":"20181106003115","is_ascension_mode":false,"campfire_choices":[{"data":"Armaments","floor":8,"key":"SMITH"},{"data":"Bash","floor":12,"key":"SMITH"},{"data":"Anger","floor":15,"key":"SMITH"},{"data":"Shrug It Off","floor":23,"key":"SMITH"},{"data":"Shrug It Off","floor":25,"key":"SMITH"},{"data":"Shrug It Off","floor":27,"key":"SMITH"},{"floor":32,"key":"REST"},{"data":"Pommel Strike","floor":40,"key":"SMITH"}],"neow_cost":"NONE","seed_source_timestamp":2985460834485,"circlet_count":0,"master_deck":["Strike_R","Strike_R","Strike_R","Defend_R","Defend_R","Bash+1","Armaments+1","Pommel Strike+1","Shrug It Off+1","Anger+1","Shrug It Off+1","True Grit+1","Shrug It Off+1","Shrug It Off+1","Anger+1","Clash"],"relics":["Burning Blood","Blood Vial","Unceasing Top","Sundial","Vajra","Anchor","Runic Cube","Red Mask","Boot","Bottled Flame","Busted Crown","FossilizedHelix","Potion Belt"],"potions_floor_usage":[6,11,13,16,21,33],"damage_taken":[{"damage":0,"enemies":"Small Slimes","floor":1,"turns":3},{"damage":11,"enemies":"Jaw Worm","floor":2,"turns":3},{"damage":1,"enemies":"Cultist","floor":5,"turns":4},{"damage":36,"enemies":"Lagavulin","floor":6,"turns":8},{"damage":7,"enemies":"Exordium Thugs","floor":7,"turns":6},{"damage":10,"enemies":"Gremlin Nob","floor":11,"turns":4},{"damage":0,"enemies":"Large Slime","floor":13,"turns":2},{"damage":23,"enemies":"The Guardian","floor":16,"turns":9},{"damage":10,"enemies":"Chosen","floor":18,"turns":5},{"damage":38,"enemies":"Masked Bandits","floor":19,"turns":9},{"damage":0,"enemies":"Shell Parasite","floor":21,"turns":7},{"damage":2,"enemies":"Snake Plant","floor":24,"turns":6},{"damage":22,"enemies":"Chosen and Byrds","floor":28,"turns":8},{"damage":14,"enemies":"Centurion and Healer","floor":29,"turns":8},{"damage":0,"enemies":"Slavers","floor":30,"turns":6},{"damage":13,"enemies":"Champ","floor":33,"turns":9},{"damage":21,"enemies":"3 Shapes","floor":35,"turns":6},{"damage":0,"enemies":"Mind Bloom Boss Battle","floor":36,"turns":7},{"damage":83,"enemies":"2 Orb Walkers","floor":41,"turns":5}],"seed_played":"3557257678150262885","potions_obtained":[{"floor":4,"key":"AttackPotion"},{"floor":4,"key":"Block Potion"},{"floor":4,"key":"EssenceOfSteel"},{"floor":6,"key":"Ancient Potion"},{"floor":11,"key":"Energy Potion"},{"floor":13,"key":"Strength Potion"},{"floor":16,"key":"Dexterity Potion"},{"floor":18,"key":"Block Potion"},{"floor":30,"key":"PowerPotion"},{"floor":33,"key":"SteroidPotion"}],"is_trial":false,"path_per_floor":["M","M","?","?","M","E","M","R","T","$","E","R","M","$","R","B",null,"M","?","$","M","?","R","M","R","T","R","M","M","E","?","R","B",null,"M","?","$","?","?","R","?"],"character_chosen":"IRONCLAD","items_purchased":["Vajra","Shrug It Off","Shrug It Off","Potion Belt"],"campfire_rested":1,"item_purchase_floors":[10,14,20,37],"current_hp_per_floor":[80,75,75,75,80,50,51,51,51,51,49,49,57,57,57,42,80,76,46,46,54,54,54,60,60,60,60,46,40,48,33,58,53,85,70,78,78,78,78,78,0],"gold":502,"neow_bonus":"RANDOM_COMMON_RELIC","is_prod":false,"is_daily":false,"chose_seed":false,"campfire_upgraded":7,"win_rate":0,"timestamp":1541482275,"path_taken":["M","M","?","?","?","E","M","R","T","?","E","R","M","$","R","BOSS","M","?","$","M","?","R","M","R","T","R","M","?","E","?","R","BOSS","M","?","$","?","?","R","?"],"build_version":"2018-11-01","purchased_purges":3,"victory":false,"max_hp_per_floor":[80,80,80,80,80,80,80,80,80,80,80,80,80,80,80,80,80,80,80,80,80,80,80,80,80,80,80,80,80,80,85,85,85,85,85,85,85,85,85,85,85],"card_choices":[{"not_picked":["Wild Strike","Bloodletting"],"picked":"Armaments","floor":1},{"not_picked":["Thunderclap","Seeing Red","Flame Barrier"],"picked":"SKIP","floor":2},{"not_picked":["Shockwave","Seeing Red"],"picked":"Pommel Strike","floor":5},{"not_picked":["Carnage","Clothesline"],"picked":"Shrug It Off","floor":6},{"not_picked":["Headbutt","Power Through","Sword Boomerang"],"picked":"SKIP","floor":7},{"not_picked":["Intimidate","Searing Blow","Feel No Pain"],"picked":"SKIP","floor":11},{"not_picked":["Heavy Blade","Anger","Infernal Blade"],"picked":"SKIP","floor":13},{"not_picked":["Heavy Blade","Infernal Blade"],"picked":"Anger","floor":13},{"not_picked":["Heavy Blade","Flame Barrier"],"picked":"True Grit+1","floor":18},{"not_picked":["Clothesline+1","Dual Wield"],"picked":"Shrug It Off+1","floor":21},{"not_picked":["Clothesline","Disarm","Feel No Pain"],"picked":"SKIP","floor":24},{"not_picked":["Limit Break","Cleave+1"],"picked":"Anger+1","floor":28},{"not_picked":["Cleave+1","Feel No Pain"],"picked":"Clash","floor":29},{"not_picked":["Shrug It Off","Limit Break","Sever Soul"],"picked":"SKIP","floor":30},{"not_picked":["Rage"],"picked":"SKIP","floor":35}],"player_experience":240842,"relics_obtained":[{"floor":6,"key":"Unceasing Top"},{"floor":9,"key":"Sundial"},{"floor":11,"key":"Anchor"},{"floor":19,"key":"Red Mask"},{"floor":26,"key":"Boot"},{"floor":30,"key":"Bottled Flame"},{"floor":36,"key":"FossilizedHelix"}],"event_choices":[{"cards_removed":["Strike_R"],"damage_healed":0,"gold_gain":0,"player_choice":"Forget","damage_taken":0,"max_hp_gain":0,"max_hp_loss":0,"event_name":"Living Wall","floor":3,"gold_loss":0},{"damage_healed":0,"gold_gain":0,"player_choice":"Got Potions","damage_taken":0,"max_hp_gain":0,"max_hp_loss":0,"event_name":"Lab","floor":4,"gold_loss":0},{"damage_healed":0,"gold_gain":0,"player_choice":"Fought Bandits","damage_taken":0,"max_hp_gain":0,"max_hp_loss":0,"event_name":"Masked Bandits","floor":19,"gold_loss":0},{"damage_healed":0,"gold_gain":200,"player_choice":"Gold","damage_taken":0,"max_hp_gain":0,"max_hp_loss":0,"event_name":"Wheel of Change","floor":22,"gold_loss":0},{"damage_healed":0,"gold_gain":0,"player_choice":"Shed Blood","damage_taken":20,"max_hp_gain":5,"max_hp_loss":0,"event_name":"Forgotten Altar","floor":31,"gold_loss":0},{"damage_healed":0,"gold_gain":0,"player_choice":"Fight","damage_taken":0,"max_hp_gain":0,"max_hp_loss":0,"event_name":"MindBloom","floor":36,"gold_loss":0},{"damage_healed":0,"gold_gain":0,"player_choice":"Memory 1","damage_taken":0,"max_hp_gain":0,"max_hp_loss":0,"event_name":"SensoryStone","floor":38,"gold_loss":0},{"damage_healed":0,"gold_gain":222,"player_choice":"Wore Mask","damage_taken":0,"max_hp_gain":0,"max_hp_loss":0,"event_name":"Tomb of Lord Red Mask","floor":39,"gold_loss":0},{"damage_healed":0,"gold_gain":0,"player_choice":"Fight","damage_taken":0,"max_hp_gain":0,"max_hp_loss":0,"event_name":"Mysterious Sphere","floor":41,"gold_loss":0}],"is_beta":false,"boss_relics":[{"not_picked":["Philosopher\u0027s Stone","Fusion Hammer"],"picked":"Runic Cube"},{"not_picked":["Tiny House","Astrolabe"],"picked":"Busted Crown"}],"items_purged_floors":[10,20,37],"is_endless":false,"potions_floor_spawned":[6,11,13,16,18,19,30,33],"killed_by":"2 Orb Walkers","ascension_level":0}