{"gold_per_floor":[119,131,143,143,93,93,128,147,147,147,220,239,239],"floor_reached":13,"playtime":1009,"items_purged":[],"score":85,"play_id":"81af6b1e-121a-4307-a59c-e5b2a23a2c30","local_time":"20190113200920","is_ascension_mode":false,"campfire_choices":[{"data":"Catalyst","floor":6,"key":"SMITH"},{"floor":10,"key":"REST"}],"neow_cost":"NONE","seed_source_timestamp":261830242262530,"circlet_count":0,"master_deck":["Defend_G","Defend_G","Defend_G","Defend_G","Defend_G","Strike_G","Strike_G","Strike_G","Strike_G","Strike_G+1","Survivor","Neutralize","Quick Slash+1","Bane","Catalyst+1","Poisoned Stab","Deadly Poison","Sucker Punch+1","Predator+1"],"relics":["Ring of the Snake","Happy Flower","Golden Idol","Strawberry","Whetstone","Molten Egg 2"],"potions_floor_usage":[7],"damage_taken":[{"damage":0,"enemies":"Small Slimes","floor":1,"turns":4},{"damage":12,"enemies":"Jaw Worm","floor":2,"turns":7},{"damage":0,"enemies":"2 Louse","floor":3,"turns":2},{"damage":28,"enemies":"3 Sentries","floor":7,"turns":12},{"damage":8,"enemies":"Exordium Wildlife","floor":8,"turns":6},{"damage":28,"enemies":"Lagavulin Event","floor":11,"turns":4},{"damage":18,"enemies":"Large Slime","floor":12,"turns":5},{"damage":8,"enemies":"Lots of Slimes","floor":13,"turns":2}],"seed_played":"8922563328130270993","potions_obtained":[{"floor":2,"key":"Block Potion"},{"floor":8,"key":"Swift Potion"},{"floor":12,"key":"Regen Potion"}],"is_trial":false,"path_per_floor":["M","M","M","?","?","R","E","M","T","R","?","M","M"],"character_chosen":"THE_SILENT","items_purchased":[],"campfire_rested":1,"item_purchase_floors":[],"current_hp_per_floor":[70,58,58,58,58,58,37,29,29,52,24,6,0],"gold":239,"neow_bonus":"RANDOM_COMMON_RELIC","is_prod":false,"is_daily":false,"chose_seed":false,"campfire_upgraded":1,"win_rate":0.0,"timestamp":1547370560,"path_taken":["M","M","M","?","?","R","E","M","T","R","?","?","M"],"build_version":"2019-01-10","purchased_purges":0,"victory":false,"max_hp_per_floor":[70,70,70,70,70,70,77,77,77,77,77,77,77],"card_choices":[{"not_picked":["Acrobatics","Crippling Poison"],"picked":"Quick Slash","floor":1},{"not_picked":["Expertise","Finisher"],"picked":"Bane","floor":2},{"not_picked":["Blade Dance","PiercingWail"],"picked":"Catalyst","floor":3},{"not_picked":["Eviscerate","Dodge and Roll"],"picked":"Poisoned Stab","floor":7},{"not_picked":["Acrobatics","Choke"],"picked":"Deadly Poison","floor":8},{"not_picked":["PiercingWail","Terror"],"picked":"Sucker Punch","floor":11},{"not_picked":["Prepared","Sucker Punch+1"],"picked":"Predator+1","floor":12}],"player_experience":49651,"relics_obtained":[{"floor":7,"key":"Strawberry"},{"floor":9,"key":"Whetstone"},{"floor":11,"key":"Molten Egg 2"}],"event_choices":[{"damage_healed":0,"gold_gain":0,"player_choice":"Take Wound","damage_taken":0,"relics_obtained":["Golden Idol"],"max_hp_gain":0,"max_hp_loss":0,"event_name":"Golden Idol","floor":4,"gold_loss":0,"cards_obtained":["Injury"]},{"cards_removed":["Injury"],"damage_healed":0,"gold_gain":0,"player_choice":"Card Removal","damage_taken":0,"max_hp_gain":0,"max_hp_loss":0,"event_name":"The Cleric","floor":5,"gold_loss":50},{"damage_healed":0,"gold_gain":30,"player_choice":"Searched \u00272\u0027 times","damage_taken":0,"max_hp_gain":0,"max_hp_loss":0,"event_name":"Dead Adventurer","floor":11,"gold_loss":0}],"is_beta":false,"boss_relics":[],"items_purged_floors":[],"is_endless":false,"potions_floor_spawned":[2,8,12],"killed_by":"Lots of Slimes","ascension_level":0}