{"gold_per_floor":[117,137,157,82,32,60,60,60,60,60,78,78,95,95,95,95],"floor_reached":16,"playtime":624,"items_purged":["Strike_R"],"score":105,"play_id":"cf7b97dd-e0af-4bee-b796-de0f72dbb5c9","local_time":"20180718155319","is_ascension_mode":true,"campfire_choices":[{"data":"Bash","floor":7,"key":"SMITH"},{"floor":10,"key":"REST"},{"floor":15,"key":"REST"}],"neow_cost":"TEN_PERCENT_HP_LOSS","seed_source_timestamp":9889627497259,"circlet_count":0,"master_deck":["Strike_R","Strike_R","Defend_R","Defend_R","Defend_R","Bash+1","Brutality","Clash"],"relics":["Burning Blood","Juzu Bracelet","The Courier","Oddly Smooth Stone"],"potions_floor_usage":[6],"damage_taken":[{"damage":0,"enemies":"2 Louse","floor":1,"turns":3},{"damage":8,"enemies":"Small Slimes","floor":2,"turns":3},{"damage":6,"enemies":"Jaw Worm","floor":3,"turns":4},{"damage":46,"enemies":"3 Sentries","floor":6,"turns":13},{"damage":4,"enemies":"2 Fungi Beasts","floor":11,"turns":3},{"damage":14,"enemies":"Lots of Slimes","floor":13,"turns":5},{"damage":59,"enemies":"Slime Boss","floor":16,"turns":9}],"seed_played":"-7788434822235213781","potions_obtained":[{"floor":1,"key":"Block Potion"},{"floor":3,"key":"SpeedPotion"}],"is_trial":false,"path_per_floor":["M","M","M","$","?","E","R","?","T","R","M","$","M","?","R"],"character_chosen":"IRONCLAD","items_purchased":[],"campfire_rested":2,"item_purchase_floors":[],"current_hp_per_floor":[72,70,70,70,70,30,30,30,30,51,53,53,45,38,59,0],"gold":95,"neow_bonus":"TRANSFORM_TWO_CARDS","is_prod":false,"is_daily":false,"chose_seed":false,"campfire_upgraded":1,"win_rate":0,"timestamp":1531943599,"path_taken":["M","M","M","$","?","E","R","?","T","R","M","$","M","?","R","BOSS"],"build_version":"2018-07-12","purchased_purges":1,"victory":false,"max_hp_per_floor":[72,72,72,72,72,72,72,72,72,72,72,72,72,72,72,72],"card_choices":[{"not_picked":["Entrench","Seeing Red","Sword Boomerang"],"picked":"SKIP","floor":1},{"not_picked":["Combust","Clash","Cleave"],"picked":"SKIP","floor":2},{"not_picked":["Pommel Strike","Combust","Havoc"],"picked":"SKIP","floor":3},{"not_picked":["Flex","Power Through","Disarm"],"picked":"SKIP","floor":6},{"not_picked":["Body Slam","Headbutt","Wild Strike"],"picked":"SKIP","floor":11},{"not_picked":["Flame Barrier","Blood for Blood","Impervious"],"picked":"SKIP","floor":13}],"player_experience":116542,"relics_obtained":[{"floor":6,"key":"Juzu Bracelet"},{"floor":9,"key":"The Courier"}],"event_choices":[{"event_name":"The Cleric","player_choice":"Card Removal","floor":5,"damage_taken":0},{"event_name":"Shining Light","player_choice":"Ignored","floor":8,"damage_taken":0},{"event_name":"Scrap Ooze","player_choice":"success","floor":14,"damage_taken":7}],"boss_relics":[],"items_purged_floors":[4],"is_endless":false,"potions_floor_spawned":[1,3],"killed_by":"Slime Boss","ascension_level":1}