{"gold_per_floor":[118,118,118,135,151,181,256,256,256,1,30,42,71,83,83,179,179,191,206,121,46,62,62,72,72,97,97,127,146,146,163,163,260,260,275,275],"floor_reached":36,"playtime":3187,"items_purged":["Strike_G"],"score":525,"play_id":"3556358e-4e14-4793-a3ba-2ffc193808e9","local_time":"20190302173548","is_ascension_mode":true,"campfire_choices":[{"data":"Predator","floor":15,"key":"SMITH"},{"floor":23,"key":"REST"},{"floor":27,"key":"REST"},{"data":"Adrenaline","floor":30,"key":"SMITH"},{"data":"Cloak And Dagger","floor":32,"key":"SMITH"}],"neow_cost":"NONE","seed_source_timestamp":704543057471739,"circlet_count":0,"master_deck":["Defend_G","Defend_G","Defend_G","Defend_G","Defend_G","Strike_G","Strike_G","Strike_G","Strike_G","Survivor","Neutralize+1","Noxious Fumes+1","Accuracy","Tactician","Cloak And Dagger+1","Backflip","Predator+1","Adrenaline+1","Dagger Throw","Reflex","Terror"],"relics":["Ring of the Serpent","PreservedInsect","Art of War","Bottled Flame","Frozen Egg 2","Dream Catcher","Kunai","Busted Crown","Meat on the Bone","Omamori","Pear"],"potions_floor_usage":[11,16,29,29,35,36],"damage_taken":[{"damage":0,"enemies":"Cultist","floor":1,"turns":4},{"damage":1,"enemies":"Small Slimes","floor":4,"turns":5},{"damage":1,"enemies":"Jaw Worm","floor":5,"turns":5},{"damage":12,"enemies":"Lagavulin","floor":6,"turns":7},{"damage":12,"enemies":"3 Sentries","floor":11,"turns":7},{"damage":0,"enemies":"Looter","floor":12,"turns":4},{"damage":12,"enemies":"Gremlin Nob","floor":13,"turns":4},{"damage":0,"enemies":"Exordium Thugs","floor":14,"turns":5},{"damage":6,"enemies":"Hexaghost","floor":16,"turns":9},{"damage":7,"enemies":"Shell Parasite","floor":18,"turns":6},{"damage":0,"enemies":"Chosen","floor":19,"turns":4},{"damage":18,"enemies":"Sentry and Sphere","floor":22,"turns":8},{"damage":9,"enemies":"Centurion and Healer","floor":24,"turns":9},{"damage":13,"enemies":"Gremlin Leader","floor":28,"turns":8},{"damage":0,"enemies":"3 Cultists","floor":29,"turns":5},{"damage":7,"enemies":"Snecko","floor":31,"turns":7},{"damage":12,"enemies":"Automaton","floor":33,"turns":13},{"damage":9,"enemies":"3 Shapes","floor":35,"turns":6},{"damage":81,"enemies":"2 Orb Walkers","floor":36,"turns":4}],"seed_played":"-440108733919789021","potions_obtained":[{"floor":1,"key":"Poison Potion"},{"floor":5,"key":"PowerPotion"},{"floor":6,"key":"Swift Potion"},{"floor":11,"key":"GamblersBrew"},{"floor":19,"key":"Fire Potion"},{"floor":29,"key":"LiquidBronze"}],"is_trial":false,"path_per_floor":["M","?","?","M","M","E","?","?","T","$","E","M","E","M","R","B",null,"M","M","?","$","M","R","M","?","T","R","E","M","R","M","R","B",null,"M","?"],"character_chosen":"THE_SILENT","items_purchased":["Frozen Egg 2"],"campfire_rested":2,"item_purchase_floors":[10],"current_hp_per_floor":[63,63,63,62,61,49,38,70,70,70,58,58,46,46,46,40,63,56,56,56,56,38,59,50,50,50,70,67,67,67,60,60,48,72,63,0],"gold":275,"neow_bonus":"RANDOM_COMMON_RELIC","is_prod":false,"is_daily":false,"chose_seed":false,"campfire_upgraded":3,"win_rate":0,"timestamp":1551544548,"path_taken":["M","?","?","M","?","E","?","?","T","$","E","M","E","?","R","BOSS","M","M","?","$","M","R","M","?","T","R","E","M","R","M","R","BOSS","M","?"],"build_version":"2019-01-23","purchased_purges":1,"victory":false,"max_hp_per_floor":[70,70,70,70,70,70,70,70,70,70,70,70,70,70,70,70,70,70,70,70,70,70,70,70,70,70,70,80,80,80,80,80,80,80,80,80],"card_choices":[{"not_picked":["Backflip","Deadly Poison"],"picked":"Noxious Fumes","floor":1},{"not_picked":["Dagger Spray","Acrobatics"],"picked":"Accuracy","floor":4},{"not_picked":["Dodge and Roll","Dagger Spray"],"picked":"Tactician","floor":5},{"not_picked":["PiercingWail","Bane"],"picked":"Cloak And Dagger","floor":6},{"not_picked":["Underhanded Strike","Slice","Deflect"],"picked":"SKIP","floor":11},{"not_picked":["Flying Knee","Expertise"],"picked":"Backflip","floor":12},{"not_picked":["Venomology","Setup"],"picked":"Predator","floor":13},{"not_picked":["Deadly Poison","Outmaneuver","Flying Knee"],"picked":"SKIP","floor":14},{"not_picked":["Glass Knife","Night Terror"],"picked":"Adrenaline","floor":16},{"not_picked":["Flying Knee"],"picked":"SKIP","floor":18},{"not_picked":[],"picked":"Dagger Throw","floor":19},{"not_picked":[],"picked":"Reflex","floor":22},{"not_picked":["Dagger Spray"],"picked":"SKIP","floor":24},{"not_picked":["Eviscerate"],"picked":"SKIP","floor":28},{"not_picked":["Slice"],"picked":"SKIP","floor":29},{"not_picked":["Endless Agony"],"picked":"SKIP","floor":31},{"not_picked":[],"picked":"Terror","floor":35}],"player_experience":410219,"relics_obtained":[{"floor":6,"key":"Art of War"},{"floor":9,"key":"Bottled Flame"},{"floor":11,"key":"Dream Catcher"},{"floor":13,"key":"Kunai"},{"floor":26,"key":"Omamori"},{"floor":28,"key":"Pear"}],"event_choices":[{"damage_healed":0,"gold_gain":0,"player_choice":"Grow","damage_taken":0,"max_hp_gain":0,"max_hp_loss":0,"event_name":"Living Wall","floor":2,"gold_loss":0,"cards_upgraded":["Noxious Fumes"]},{"damage_healed":0,"gold_gain":0,"player_choice":"Upgraded","damage_taken":0,"max_hp_gain":0,"max_hp_loss":0,"event_name":"Upgrade Shrine","floor":3,"gold_loss":0,"cards_upgraded":["Neutralize"]},{"damage_healed":0,"gold_gain":75,"player_choice":"Gather Gold","damage_taken":11,"max_hp_gain":0,"max_hp_loss":0,"event_name":"World of Goop","floor":7,"gold_loss":0},{"damage_healed":32,"gold_gain":0,"player_choice":"Full Heal","damage_taken":0,"max_hp_gain":0,"max_hp_loss":0,"event_name":"Wheel of Change","floor":8,"gold_loss":0},{"damage_healed":0,"gold_gain":0,"player_choice":"Obtained Relic","damage_taken":0,"relics_obtained":["Meat on the Bone"],"max_hp_gain":0,"max_hp_loss":0,"event_name":"Addict","floor":20,"gold_loss":85},{"damage_healed":0,"gold_gain":0,"player_choice":"Ignored","damage_taken":0,"max_hp_gain":0,"max_hp_loss":0,"event_name":"Beggar","floor":25,"gold_loss":0},{"damage_healed":0,"gold_gain":0,"player_choice":"Fight","damage_taken":0,"max_hp_gain":0,"max_hp_loss":0,"event_name":"Mysterious Sphere","floor":36,"gold_loss":0}],"is_beta":false,"boss_relics":[{"not_picked":["Cursed Key","Calling Bell"],"picked":"Busted Crown"},{"not_picked":["Black Star","Pandora\u0027s Box"],"picked":"Ring of the Serpent"}],"items_purged_floors":[21],"is_endless":false,"potions_floor_spawned":[1,5,6,11,19,24,29],"killed_by":"2 Orb Walkers","ascension_level":6}