{"gold_per_floor":[114,129,149,149,169,169,244,244,244,244,142,142,155,174,174,272,272,288,388,388,398,0,0,26,40,66,16,16,35,35,35,35,138,138,153,103,116,116,161,161,173,0,0,0,0,11,11,28,28,28],"floor_reached":50,"playtime":3776,"items_purged":["Strike_G","Defend_G","Defend_G","Strike_G"],"score":452,"play_id":"e800a74a-46e5-4645-b774-3cdf6acff6a1","local_time":"20181022175628","is_ascension_mode":false,"campfire_choices":[{"data":"Survivor","floor":6,"key":"SMITH"},{"data":"Poisoned Stab","floor":8,"key":"SMITH"},{"data":"Prepared","floor":10,"key":"SMITH"},{"data":"Deadly Poison","floor":12,"key":"SMITH"},{"floor":15,"key":"REST"},{"floor":23,"key":"REST"},{"floor":32,"key":"REST"},{"floor":40,"key":"REST"},{"floor":44,"key":"REST"},{"floor":49,"key":"REST"}],"neow_cost":"TEN_PERCENT_HP_LOSS","seed_source_timestamp":56768310721626,"circlet_count":0,"master_deck":["Defend_G","Defend_G","Strike_G","Strike_G","Survivor+1","Neutralize+1","PiercingWail+1","Prepared+1","Poisoned Stab+1","Deadly Poison+1","Dagger Throw","Dodge and Roll","Dodge and Roll","Dagger Spray+1","Decay","Deadly Poison+1","Backflip+1","Quick Slash+1","Acrobatics+1"],"relics":["Ring of the Snake","Smiling Mask","Velvet Choker","Ice Cream","Darkstone Periapt","MutagenicStrength","Anchor","TwistedFunnel","Mercury Hourglass","Art of War","Lizard Tail","Bird Faced Urn","Red Mask","Ninja Scroll"],"potions_floor_usage":[16,19,19,25,28,33,33,50,50,50],"damage_taken":[{"damage":0,"enemies":"Small Slimes","floor":1,"turns":7},{"damage":1,"enemies":"Jaw Worm","floor":2,"turns":5},{"damage":0,"enemies":"Cultist","floor":3,"turns":4},{"damage":0,"enemies":"Large Slime","floor":5,"turns":9},{"damage":1,"enemies":"Red Slaver","floor":13,"turns":3},{"damage":0,"enemies":"Exordium Wildlife","floor":14,"turns":3},{"damage":40,"enemies":"Slime Boss","floor":16,"turns":11},{"damage":8,"enemies":"2 Thieves","floor":18,"turns":5},{"damage":1,"enemies":"Colosseum Slavers","floor":19,"turns":5},{"damage":65,"enemies":"Colosseum Nobs","floor":19,"turns":7},{"damage":0,"enemies":"3 Byrds","floor":21,"turns":5},{"damage":18,"enemies":"Gremlin Leader","floor":24,"turns":5},{"damage":0,"enemies":"Snake Plant","floor":25,"turns":3},{"damage":0,"enemies":"Cultist and Chosen","floor":29,"turns":4},{"damage":33,"enemies":"Collector","floor":33,"turns":7},{"damage":5,"enemies":"3 Darklings","floor":35,"turns":3},{"damage":0,"enemies":"3 Shapes","floor":37,"turns":2},{"damage":67,"enemies":"2 Orb Walkers","floor":39,"turns":7},{"damage":0,"enemies":"3 Darklings","floor":41,"turns":3},{"damage":22,"enemies":"Spire Growth","floor":46,"turns":5},{"damage":0,"enemies":"Sphere and 2 Shapes","floor":47,"turns":3},{"damage":2,"enemies":"Jaw Worm Horde","floor":48,"turns":4},{"damage":90,"enemies":"Time Eater","floor":50,"turns":9}],"seed_played":"-3033690736019958754","potions_obtained":[{"floor":3,"key":"Regen Potion"},{"floor":13,"key":"Explosive Potion"},{"floor":16,"key":"Ancient Potion"},{"floor":19,"key":"SpeedPotion"},{"floor":24,"key":"GamblersBrew"},{"floor":25,"key":"Explosive Potion"},{"floor":28,"key":"Fruit Juice"},{"floor":28,"key":"Explosive Potion"},{"floor":28,"key":"Energy Potion"},{"floor":33,"key":"Weak Potion"},{"floor":35,"key":"AttackPotion"},{"floor":46,"key":"Ancient Potion"}],"is_trial":false,"path_per_floor":["M","M","M","?","M","R","?","R","T","R","$","R","M","M","R","B",null,"M","?","?","M","$","R","E","M","T","$","?","M","?","$","R","B",null,"M","$","M","?","?","R","M","?","T","R","?","M","M","M","R"],"character_chosen":"THE_SILENT","items_purchased":["Deadly Poison","Anchor","TwistedFunnel"],"campfire_rested":6,"item_purchase_floors":[11,22,22],"current_hp_per_floor":[63,62,62,49,49,49,38,38,38,38,38,38,37,37,55,15,63,55,4,4,4,4,22,4,4,4,4,9,9,15,15,37,4,74,69,69,69,69,2,23,23,23,23,44,44,22,22,20,41,0],"gold":28,"neow_bonus":"REMOVE_TWO","is_prod":false,"is_daily":false,"chose_seed":false,"campfire_upgraded":4,"win_rate":0,"timestamp":1540245388,"path_taken":["M","M","M","?","M","R","?","R","T","R","$","R","M","M","R","BOSS","M","?","?","?","?","R","E","M","T","$","?","M","?","$","R","BOSS","M","$","M","?","?","R","M","?","T","R","?","M","M","?","R","BOSS"],"build_version":"2018-10-18","purchased_purges":4,"victory":false,"max_hp_per_floor":[63,63,63,63,63,63,63,63,63,63,63,63,63,63,63,63,63,63,63,63,63,63,63,63,63,63,63,68,68,74,74,74,74,74,74,74,74,70,70,70,70,70,70,70,70,70,70,70,70,70],"card_choices":[{"not_picked":["Eviscerate","Blur"],"picked":"PiercingWail","floor":1},{"not_picked":["Calculated Gamble","Blur","Finisher"],"picked":"SKIP","floor":2},{"not_picked":["Slice","Flying Knee"],"picked":"Prepared","floor":3},{"not_picked":["Bane","Catalyst"],"picked":"Poisoned Stab","floor":5},{"not_picked":["Catalyst","Prepared"],"picked":"Dagger Throw","floor":13},{"not_picked":["Tactician","Reflex","Setup"],"picked":"SKIP","floor":14},{"not_picked":["Riddle With Holes","Dash"],"picked":"Dodge and Roll","floor":18},{"not_picked":["Leg Sweep+1","Underhanded Strike"],"picked":"Dodge and Roll","floor":21},{"not_picked":["Infinite Blades","Cloak And Dagger"],"picked":"Dagger Spray+1","floor":24},{"not_picked":["Blade Dance","Dodge and Roll","Slice"],"picked":"SKIP","floor":25},{"not_picked":["Poisoned Stab","Blade Dance+1","Blur"],"picked":"SKIP","floor":29},{"not_picked":["Catalyst","Flechettes","Slice"],"picked":"SKIP","floor":35},{"not_picked":["Noxious Fumes+1","Blade Dance+1","Heel Hook"],"picked":"SKIP","floor":37},{"not_picked":["Blade Dance","Leg Sweep"],"picked":"Deadly Poison+1","floor":39},{"not_picked":["Caltrops+1","Deflect","Slice"],"picked":"SKIP","floor":41},{"not_picked":["Dagger Throw","Flying Knee"],"picked":"Backflip+1","floor":46},{"not_picked":["Underhanded Strike+1","Deadly Poison"],"picked":"Quick Slash+1","floor":47},{"not_picked":["Tactician+1","Prepared"],"picked":"Acrobatics+1","floor":48}],"player_experience":215873,"relics_obtained":[{"floor":9,"key":"Smiling Mask"},{"floor":19,"key":"Ice Cream"},{"floor":19,"key":"Darkstone Periapt"},{"floor":24,"key":"Mercury Hourglass"},{"floor":26,"key":"Art of War"},{"floor":39,"key":"Bird Faced Urn"},{"floor":43,"key":"Ninja Scroll"}],"event_choices":[{"damage_healed":0,"gold_gain":0,"player_choice":"Entered Light","damage_taken":13,"max_hp_gain":0,"max_hp_loss":0,"event_name":"Shining Light","floor":4,"gold_loss":0,"cards_upgraded":["PiercingWail","Neutralize"]},{"damage_healed":0,"gold_gain":75,"player_choice":"Gather Gold","damage_taken":11,"max_hp_gain":0,"max_hp_loss":0,"event_name":"World of Goop","floor":7,"gold_loss":0},{"damage_healed":0,"gold_gain":0,"player_choice":"Fight","damage_taken":0,"max_hp_gain":0,"max_hp_loss":0,"event_name":"Colosseum","floor":19,"gold_loss":0},{"damage_healed":0,"gold_gain":0,"player_choice":"Fought Nobs","damage_taken":0,"max_hp_gain":0,"max_hp_loss":0,"event_name":"Colosseum","floor":19,"gold_loss":0},{"damage_healed":0,"gold_gain":0,"player_choice":"Inject Mutagens","damage_taken":0,"relics_obtained":["MutagenicStrength"],"max_hp_gain":0,"max_hp_loss":0,"event_name":"Drug Dealer","floor":20,"gold_loss":0},{"damage_healed":0,"gold_gain":0,"player_choice":"Got Potions","damage_taken":0,"max_hp_gain":0,"max_hp_loss":0,"event_name":"The Lab","floor":28,"gold_loss":0},{"damage_healed":0,"gold_gain":0,"player_choice":"Smashed Altar","damage_taken":0,"max_hp_gain":0,"max_hp_loss":0,"event_name":"Forgotten Altar","floor":30,"gold_loss":0,"cards_obtained":["Decay"]},{"damage_healed":0,"gold_gain":0,"player_choice":"Max HP","damage_taken":0,"max_hp_gain":0,"max_hp_loss":4,"event_name":"Winding Halls","floor":38,"gold_loss":0},{"damage_healed":0,"gold_gain":0,"player_choice":"Fight","damage_taken":0,"max_hp_gain":0,"max_hp_loss":0,"event_name":"Mysterious Sphere","floor":39,"gold_loss":0},{"damage_healed":0,"gold_gain":0,"player_choice":"Paid","damage_taken":0,"relics_obtained":["Red Mask"],"max_hp_gain":0,"max_hp_loss":0,"event_name":"Tomb of Lord Red Mask","floor":42,"gold_loss":173},{"damage_healed":0,"gold_gain":0,"player_choice":"Memory 1","damage_taken":0,"max_hp_gain":0,"max_hp_loss":0,"event_name":"SensoryStone","floor":45,"gold_loss":0}],"is_beta":false,"boss_relics":[{"not_picked":["HoveringKite","White Beast Statue"],"picked":"Velvet Choker"},{"not_picked":["Ring of the Serpent","Orrery"],"picked":"Lizard Tail"}],"items_purged_floors":[11,22,27,36],"is_endless":false,"potions_floor_spawned":[3,13,16,19,19,24,25,33,35,37,46],"killed_by":"Time Eater","ascension_level":0}