{"gold_per_floor":[114,214,225,225,240,273,283,283,283,299,309,321,349,314,314,412,462,479,491,247,247,247,247],"floor_reached":23,"playtime":2822,"items_purged":[],"score":263,"play_id":"49d5c965-7e50-4efb-a248-9233ed26380f","local_time":"20181108215813","is_ascension_mode":true,"campfire_choices":[{"floor":15.0,"key":"REST"}],"neow_cost":"NONE","seed_source_timestamp":938920417315744,"circlet_count":0,"master_deck":["Strike_R","Strike_R","Strike_R","Strike_R","Strike_R","Defend_R","Defend_R","Defend_R","Defend_R","Bash+1","Pommel Strike","Heavy Blade","Feed","Warcry","Dropkick","Inflame","Armaments+1","Dark Embrace","Blood for Blood","Heavy Blade+1","Shrug It Off+1","Havoc"],"special_seed":0,"relics":["Burning Blood","Oddly Smooth Stone","Regal Pillow","Bottled Tornado","Tiny House","Frozen Eye","Ice Cream"],"potions_floor_usage":[23],"damage_taken":[{"damage":10.0,"enemies":"Jaw Worm","floor":1.0,"turns":4.0},{"damage":1.0,"enemies":"Cultist","floor":3.0,"turns":4.0},{"damage":5.0,"enemies":"2 Louse","floor":5.0,"turns":3.0},{"damage":60.0,"enemies":"Lagavulin","floor":6.0,"turns":7.0},{"damage":8.0,"enemies":"Blue Slaver","floor":7.0,"turns":3.0},{"damage":10.0,"enemies":"3 Louse","floor":10.0,"turns":3.0},{"damage":0.0,"enemies":"2 Fungi Beasts","floor":11.0,"turns":3.0},{"damage":12.0,"enemies":"Lots of Slimes","floor":12.0,"turns":4.0},{"damage":27.0,"enemies":"3 Sentries","floor":13.0,"turns":7.0},{"damage":2.0,"enemies":"Slime Boss","floor":16.0,"turns":8.0},{"damage":26.0,"enemies":"Spheric Guardian","floor":18.0,"turns":5.0},{"damage":58.0,"enemies":"Shell Parasite","floor":19.0,"turns":7.0},{"damage":31.0,"enemies":"Colosseum Slavers","floor":21.0,"turns":6.0},{"damage":27,"enemies":"Gremlin Leader","floor":23,"turns":3}],"seed_played":"8496708269117437750","potions_obtained":[{"floor":1.0,"key":"Fire Potion"},{"floor":6.0,"key":"Energy Potion"},{"floor":7.0,"key":"Weak Potion"},{"floor":10.0,"key":"SpeedPotion"},{"floor":13.0,"key":"Fire Potion"},{"floor":17.0,"key":"Swift Potion"},{"floor":18.0,"key":"Weak Potion"}],"is_trial":false,"path_per_floor":["M","?","M","?","M","E","M","?","T","M","M","M","E","?","R","B",null,"M","M","$","?","?","E"],"character_chosen":"IRONCLAD","items_purchased":["Frozen Eye","Havoc"],"campfire_rested":1,"item_purchase_floors":[20,20],"current_hp_per_floor":[84,84,88,88,88,37,38,43,43,42,51,48,30,57,105,112,119,99,50,50,25,25,0],"gold":247,"neow_bonus":"TEN_PERCENT_HP_BONUS","is_prod":false,"is_daily":false,"chose_seed":false,"campfire_upgraded":0,"win_rate":0,"timestamp":1541732293,"path_taken":["M","?","?","?","M","E","M","?","T","M","M","M","E","?","R","BOSS","M","M","$","?","?","E"],"build_version":"2018-11-08","purchased_purges":0,"victory":false,"max_hp_per_floor":[88,88,88,88,88,91,94,99,99,102,105,108,111,111,111,114,119,119,122,122,122,122,122],"card_choices":[{"not_picked":["Spot Weakness","Rupture"],"picked":"Pommel Strike","floor":1.0},{"not_picked":["Intimidate","True Grit"],"picked":"Heavy Blade","floor":3.0},{"not_picked":["Warcry","Intimidate"],"picked":"Feed","floor":5.0},{"not_picked":["Pommel Strike","Heavy Blade"],"picked":"Warcry","floor":6.0},{"not_picked":["Spot Weakness","Carnage"],"picked":"Dropkick","floor":7.0},{"not_picked":["Entrench","Second Wind","Warcry"],"picked":"SKIP","floor":10.0},{"not_picked":["Reckless Charge","Body Slam"],"picked":"Inflame","floor":11.0},{"not_picked":["Iron Wave","Sentinel","Metallicize"],"picked":"SKIP","floor":12.0},{"not_picked":["Rampage","Feel No Pain"],"picked":"Armaments","floor":13.0},{"not_picked":["Reaper","Juggernaut"],"picked":"Dark Embrace","floor":16.0},{"not_picked":["Havoc","Corruption"],"picked":"Blood for Blood","floor":17.0},{"not_picked":["Twin Strike","Sentinel"],"picked":"Heavy Blade+1","floor":18.0},{"not_picked":["Dropkick+1","Anger+1"],"picked":"Shrug It Off+1","floor":19.0}],"player_experience":215043,"relics_obtained":[{"floor":6.0,"key":"Oddly Smooth Stone"},{"floor":9.0,"key":"Regal Pillow"},{"floor":13.0,"key":"Bottled Tornado"}],"event_choices":[{"damage_healed":0.0,"max_hp_gain":0.0,"max_hp_loss":0.0,"gold_gain":100.0,"event_name":"Golden Shrine","player_choice":"Pray","floor":2.0,"gold_loss":0.0,"damage_taken":0.0},{"damage_healed":0.0,"max_hp_gain":0.0,"max_hp_loss":0.0,"gold_gain":0.0,"event_name":"Living Wall","player_choice":"Grow","floor":4.0,"gold_loss":0.0,"damage_taken":0.0,"cards_upgraded":["Bash"]},{"damage_healed":0.0,"max_hp_gain":5.0,"max_hp_loss":0.0,"gold_gain":0.0,"event_name":"Big Fish","player_choice":"Donut","floor":8.0,"gold_loss":0.0,"damage_taken":0.0},{"damage_healed":27.0,"max_hp_gain":0.0,"max_hp_loss":0.0,"gold_gain":0.0,"event_name":"The Cleric","player_choice":"Healed","floor":14.0,"gold_loss":35.0,"damage_taken":0.0},{"damage_healed":0.0,"max_hp_gain":0.0,"max_hp_loss":0.0,"gold_gain":0.0,"event_name":"Colosseum","player_choice":"Fight","floor":21.0,"gold_loss":0.0,"damage_taken":0.0},{"damage_healed":0.0,"max_hp_gain":0.0,"max_hp_loss":0.0,"gold_gain":0.0,"event_name":"Colosseum","player_choice":"Fled From Nobs","floor":21.0,"gold_loss":0.0,"damage_taken":0.0},{"damage_healed":0.0,"max_hp_gain":0.0,"max_hp_loss":0.0,"gold_gain":0.0,"event_name":"WeMeetAgain","player_choice":"Gave Potion","floor":22.0,"gold_loss":0.0,"damage_taken":0.0,"relics_obtained":["Ice Cream"]}],"is_beta":false,"boss_relics":[{"not_picked":["Runic Cube","Lizard Tail"],"picked":"Tiny House"}],"items_purged_floors":[],"is_endless":false,"potions_floor_spawned":[1,6,7,10,13,18,21],"killed_by":"Gremlin Leader","ascension_level":1}