{"gold_per_floor":[114,114,128,53,1,1,17,17,41,41,60,7,66,84,84,185,185,201,201,201,270,170,170,184,184,234,244,263,362,362,379,379,479,479,491,506,553,553,627,653,653,669,743,776,776,11,28,40,40,40],"floor_reached":50,"playtime":3620,"items_purged":["Defend_R","Wild Strike","Heavy Blade+1"],"score":675,"play_id":"c3503357-e94c-407a-a5e4-896a82257d12","local_time":"20180803191817","is_ascension_mode":true,"campfire_choices":[{"data":"Bash","floor":6,"key":"SMITH"},{"data":"Disarm","floor":10,"key":"SMITH"},{"floor":15,"key":"REST"},{"data":"Cleave","floor":23,"key":"SMITH"},{"data":"Shrug It Off","floor":25,"key":"SMITH"},{"floor":30,"key":"REST"},{"floor":32,"key":"REST"},{"floor":41,"key":"REST"},{"floor":45,"key":"REST"},{"floor":49,"key":"REST"}],"neow_cost":"NONE","seed_source_timestamp":209835634095566,"circlet_count":0,"master_deck":["Bash+1","Disarm+1","Cleave+1","Clash","Feed","Thunderclap","Shrug It Off+1","Iron Wave+1","Infernal Blade+1","Fiend Fire","Iron Wave+1","Pummel+1","Clash+1","Havoc+1","Warcry+1","Offering","Dark Shackles"],"relics":["Burning Blood","Oddly Smooth Stone","Tiny Chest","Pandora\u0027s Box","Ornamental Fan","Bottled Flame","Vajra","Astrolabe","Mango","Mercury Hourglass","Anchor","Singing Bowl","Self Forming Clay","Bag of Preparation","Dodecahedron"],"potions_floor_usage":[14,33,44,44,50,50],"damage_taken":[{"damage":1,"enemies":"2 Louse","floor":1,"turns":2},{"damage":10,"enemies":"Small Slimes","floor":3,"turns":4},{"damage":0,"enemies":"Jaw Worm","floor":7,"turns":4},{"damage":20,"enemies":"Exordium Wildlife","floor":11,"turns":9},{"damage":24,"enemies":"3 Sentries","floor":13,"turns":10},{"damage":14,"enemies":"Exordium Thugs","floor":14,"turns":4},{"damage":19,"enemies":"The Guardian","floor":16,"turns":10},{"damage":21,"enemies":"2 Thieves","floor":18,"turns":3},{"damage":13,"enemies":"Shell Parasite","floor":24,"turns":4},{"damage":15,"enemies":"Cultist and Chosen","floor":27,"turns":5},{"damage":24,"enemies":"Sentry and Sphere","floor":28,"turns":5},{"damage":4,"enemies":"Centurion and Healer","floor":31,"turns":8},{"damage":80,"enemies":"Automaton","floor":33,"turns":10},{"damage":16,"enemies":"3 Shapes","floor":35,"turns":4},{"damage":16,"enemies":"Orb Walker","floor":36,"turns":3},{"damage":23,"floor":37,"turns":7},{"damage":29,"enemies":"2 Orb Walkers","floor":40,"turns":3},{"damage":0,"enemies":"Flame Bruiser 2 Orb","floor":42,"turns":3},{"damage":63,"enemies":"Nemesis","floor":44,"turns":5},{"damage":35,"enemies":"Maw","floor":47,"turns":6},{"damage":5,"enemies":"3 Darklings","floor":48,"turns":3},{"damage":166,"enemies":"Time Eater","floor":50,"turns":14}],"seed_played":"6107976929505575601","potions_obtained":[{"floor":1,"key":"Energy Potion"},{"floor":7,"key":"Swift Potion"},{"floor":16,"key":"SteroidPotion"},{"floor":27,"key":"BloodPotion"},{"floor":28,"key":"Block Potion"},{"floor":40,"key":"FearPotion"},{"floor":44,"key":"Ancient Potion"}],"is_trial":false,"path_per_floor":["M","?","M","$","$","R","M","?","T","R","M","$","E","M","R","B",null,"M","T","?","T","$","R","M","R","T","M","M","?","R","M","R","B",null,"M","M","?","?","T","E","R","M","T","E","R","$","M","M","R"],"character_chosen":"IRONCLAD","items_purchased":["Fire Potion","Clash","Offering","Bag of Preparation","Dodecahedron","Dark Shackles"],"campfire_rested":6,"item_purchase_floors":[5,12,46,46,46,46],"current_hp_per_floor":[80,73,69,69,69,69,75,80,80,80,66,66,48,40,65,52,85,73,73,56,56,56,56,52,52,52,46,31,31,61,66,97,26,108,101,91,91,91,91,71,110,119,119,77,117,117,90,93,135,0],"gold":40,"neow_bonus":"REMOVE_CARD","is_prod":false,"is_daily":false,"chose_seed":false,"campfire_upgraded":4,"win_rate":0,"timestamp":1533338297,"path_taken":["M","?","M","?","$","R","?","?","T","R","?","?","E","M","R","BOSS","M","?","?","?","$","R","M","R","T","M","M","?","R","M","R","BOSS","M","M","?","?","?","E","R","?","T","E","R","$","M","M","R","BOSS"],"build_version":"2018-08-02","purchased_purges":3,"victory":false,"max_hp_per_floor":[80,80,80,80,80,80,80,85,85,85,85,85,85,85,85,85,85,88,88,93,93,93,93,96,96,96,99,102,102,102,105,105,108,108,111,111,128,128,128,131,131,134,134,136,136,136,138,140,140,140],"card_choices":[{"not_picked":["Sword Boomerang","Seeing Red"],"picked":"Disarm","floor":1},{"not_picked":["Entrench","Headbutt","Combust"],"picked":"SKIP","floor":3},{"not_picked":["Intimidate","Flex","Heavy Blade"],"picked":"SKIP","floor":7},{"not_picked":["Intimidate","Flex","Heavy Blade"],"picked":"SKIP","floor":7},{"not_picked":["Clothesline","Havoc"],"picked":"Cleave","floor":11},{"not_picked":["Pummel","Immolate","Intimidate"],"picked":"SKIP","floor":13},{"not_picked":["Cleave","Warcry","Perfected Strike"],"picked":"SKIP","floor":14},{"not_picked":["Exhume","Dark Embrace"],"picked":"Feed","floor":16},{"not_picked":["Heavy Blade","Dual Wield","Sentinel"],"picked":"SKIP","floor":18},{"not_picked":["Anger","Wild Strike","Fire Breathing"],"picked":"SKIP","floor":24},{"not_picked":["Bloodletting","Intimidate"],"picked":"Iron Wave+1","floor":27},{"not_picked":["Havoc","Warcry","Wild Strike"],"picked":"SKIP","floor":28},{"not_picked":["Havoc","Inflame"],"picked":"Infernal Blade+1","floor":31},{"not_picked":["Barricade","Brutality"],"picked":"Fiend Fire","floor":33},{"not_picked":["Power Through","Iron Wave","Dual Wield+1"],"picked":"SKIP","floor":35},{"not_picked":["Anger","Bloodletting"],"picked":"Clash+1","floor":36},{"not_picked":["Dual Wield","Armaments+1"],"picked":"Havoc+1","floor":37},{"not_picked":["Bloodletting","Intimidate"],"picked":"Warcry+1","floor":40},{"not_picked":["Twin Strike","Reckless Charge","Dual Wield"],"picked":"SKIP","floor":42},{"not_picked":["Clothesline","Perfected Strike","Seeing Red"],"picked":"Singing Bowl","floor":44},{"not_picked":["Rampage","Perfected Strike","Sword Boomerang"],"picked":"Singing Bowl","floor":47},{"not_picked":["Ghostly Armor+1","Cleave","Thunderclap+1"],"picked":"Singing Bowl","floor":48}],"player_experience":151813,"relics_obtained":[{"floor":9,"key":"Oddly Smooth Stone"},{"floor":13,"key":"Tiny Chest"},{"floor":19,"key":"Ornamental Fan"},{"floor":21,"key":"Bottled Flame"},{"floor":26,"key":"Vajra"},{"floor":37,"key":"Mango"},{"floor":39,"key":"Mercury Hourglass"},{"floor":40,"key":"Anchor"},{"floor":43,"key":"Singing Bowl"},{"floor":44,"key":"Self Forming Clay"}],"event_choices":[{"event_name":"Golden Wing","player_choice":"Card Removal","floor":2,"damage_taken":0},{"event_name":"Big Fish","player_choice":"Donut","floor":8,"damage_taken":0},{"event_name":"Forgotten Altar","player_choice":"Shed Blood","floor":20,"damage_taken":0},{"event_name":"Nest","player_choice":"Stole From Cult","floor":29,"damage_taken":0},{"event_name":"Mysterious Sphere","player_choice":"Fight","floor":37,"damage_taken":0},{"event_name":"Tomb of Lord Red Mask","player_choice":"Ignored","floor":38,"damage_taken":0}],"is_beta":false,"boss_relics":[{"not_picked":["Fusion Hammer","Coffee Dripper"],"picked":"Pandora\u0027s Box"},{"not_picked":["Tiny House","Snecko Eye"],"picked":"Astrolabe"}],"items_purged_floors":[4,22,46],"is_endless":false,"potions_floor_spawned":[1,7,16,27,28,40,42,44],"killed_by":"Time Eater","ascension_level":4}