{"gold_per_floor":[110,110,110,35,49,82,82,110,189,364,364,364,329,343,343,466,466,485,485,400,414,339,339],"floor_reached":23,"playtime":1459,"items_purged":["Writhe"],"score":195,"play_id":"a5fe343a-e7c3-4895-b051-038de3c1e0d3","local_time":"20190112173121","is_ascension_mode":false,"campfire_choices":[{"floor":7,"key":"REST"},{"floor":15,"key":"REST"}],"neow_cost":"NONE","seed_source_timestamp":165505490347216,"circlet_count":0,"master_deck":["Strike_R","Strike_R","Strike_R","Strike_R","Strike_R","Defend_R","Defend_R","Defend_R","Defend_R","Bash","Anger","Sword Boomerang","Twin Strike","Armaments","Sword Boomerang","Clothesline","Barricade","Pommel Strike","Juggernaut","Shrug It Off+1","Iron Wave","Uppercut+1","Rampage+1"],"relics":["Calling Bell","Dream Catcher","Letter Opener","Champion Belt","Omamori","Prayer Wheel","Kunai","Matryoshka","Golden Idol","Regal Pillow","Gremlin Horn","Runic Cube","Question Card","Molten Egg 2"],"potions_floor_usage":[23,23],"damage_taken":[{"damage":8,"enemies":"2 Louse","floor":1,"turns":3},{"damage":8,"enemies":"Jaw Worm","floor":5,"turns":2},{"damage":14,"enemies":"Gremlin Nob","floor":6,"turns":4},{"damage":35,"enemies":"Lagavulin","floor":8,"turns":6},{"damage":10,"enemies":"Small Slimes","floor":14,"turns":4},{"damage":65,"enemies":"The Guardian","floor":16,"turns":18},{"damage":31,"enemies":"Chosen","floor":18,"turns":7},{"damage":27,"enemies":"Shell Parasite","floor":21,"turns":10},{"damage":26,"enemies":"Book of Stabbing","floor":23,"turns":4}],"seed_played":"-2209200268976137629","potions_obtained":[{"floor":14,"key":"PowerPotion"},{"floor":18,"key":"PowerPotion"}],"is_trial":false,"path_per_floor":["M","?","?","$","M","E","R","E","T","?","?","T","?","M","R","B",null,"M","?","?","M","?","E"],"character_chosen":"IRONCLAD","items_purchased":[],"campfire_rested":2,"item_purchase_floors":[],"current_hp_per_floor":[72,72,60,60,52,38,62,27,27,27,27,27,47,37,76,11,80,49,49,49,22,22,0],"gold":339,"neow_bonus":"BOSS_RELIC","is_prod":false,"is_daily":false,"chose_seed":false,"campfire_upgraded":0,"win_rate":0.0,"timestamp":1547274681,"path_taken":["M","?","?","$","?","E","R","E","T","?","?","?","?","M","R","BOSS","M","?","?","M","?","E"],"build_version":"2019-01-10","purchased_purges":1,"victory":false,"max_hp_per_floor":[80,80,80,80,80,80,80,80,80,80,80,80,80,80,80,80,80,80,80,80,80,80,80],"card_choices":[{"not_picked":["Searing Blow","Carnage"],"picked":"Anger","floor":1},{"not_picked":["Clothesline","Brutality"],"picked":"Sword Boomerang","floor":5},{"not_picked":["Entrench","Clash"],"picked":"Twin Strike","floor":6},{"not_picked":["Anger","Fire Breathing"],"picked":"Armaments","floor":7},{"not_picked":["Combust","Armaments"],"picked":"Sword Boomerang","floor":8},{"not_picked":["Clash","Combust"],"picked":"Clothesline","floor":14},{"not_picked":["Carnage","Intimidate"],"picked":"Barricade","floor":14},{"not_picked":["Shockwave","Rupture"],"picked":"Pommel Strike","floor":15},{"not_picked":["Offering","Fiend Fire"],"picked":"Juggernaut","floor":16},{"not_picked":["True Grit","Armaments+1"],"picked":"Shrug It Off+1","floor":18},{"not_picked":["Headbutt","True Grit+1"],"picked":"Iron Wave","floor":18},{"not_picked":["Clash+1","Dark Embrace","Clothesline+1"],"picked":"Uppercut+1","floor":21},{"not_picked":["Anger+1","Rupture","Twin Strike+1"],"picked":"Rampage+1","floor":21}],"player_experience":18111,"relics_obtained":[{"floor":0,"key":"Dream Catcher"},{"floor":0,"key":"Letter Opener"},{"floor":0,"key":"Champion Belt"},{"floor":6,"key":"Prayer Wheel"},{"floor":8,"key":"Kunai"},{"floor":9,"key":"Matryoshka"},{"floor":12,"key":"Regal Pillow"},{"floor":12,"key":"Gremlin Horn"}],"event_choices":[{"cards_removed":["Normality"],"damage_healed":0,"gold_gain":0,"player_choice":"Forget","damage_taken":0,"max_hp_gain":0,"max_hp_loss":0,"event_name":"Living Wall","floor":2,"gold_loss":0},{"damage_healed":0,"gold_gain":0,"player_choice":"Success","damage_taken":12,"relics_obtained":["Omamori"],"max_hp_gain":0,"max_hp_loss":0,"event_name":"Scrap Ooze","floor":3,"gold_loss":0},{"damage_healed":0,"gold_gain":175,"player_choice":"AGREE","damage_taken":0,"max_hp_gain":0,"max_hp_loss":0,"event_name":"Liars Game","floor":10,"gold_loss":0,"cards_obtained":["Doubt"]},{"damage_healed":0,"gold_gain":0,"player_choice":"Take Wound","damage_taken":0,"relics_obtained":["Golden Idol"],"max_hp_gain":0,"max_hp_loss":0,"event_name":"Golden Idol","floor":11,"gold_loss":0,"cards_obtained":["Injury"]},{"damage_healed":20,"gold_gain":0,"player_choice":"Healed","damage_taken":0,"max_hp_gain":0,"max_hp_loss":0,"event_name":"The Cleric","floor":13,"gold_loss":35},{"damage_healed":0,"gold_gain":0,"player_choice":"Opened","damage_taken":0,"relics_obtained":["Question Card"],"max_hp_gain":0,"max_hp_loss":0,"event_name":"The Mausoleum","floor":19,"gold_loss":0},{"damage_healed":0,"gold_gain":0,"player_choice":"Obtained Relic","damage_taken":0,"relics_obtained":["Molten Egg 2"],"max_hp_gain":0,"max_hp_loss":0,"event_name":"Addict","floor":20,"gold_loss":85},{"cards_removed":["Clumsy"],"damage_healed":0,"gold_gain":0,"player_choice":"Gave Gold","damage_taken":0,"max_hp_gain":0,"max_hp_loss":0,"event_name":"Beggar","floor":22,"gold_loss":75}],"is_beta":false,"boss_relics":[{"not_picked":["Fusion Hammer","Mark of Pain"],"picked":"Runic Cube"}],"items_purged_floors":[4],"is_endless":false,"potions_floor_spawned":[14,18],"killed_by":"Book of Stabbing","ascension_level":0}