{"gold_per_floor":[115,65,80,80,97,97,111,125,125,157,157,157,17,17,17,112,112,136,136,136],"floor_reached":20,"playtime":717,"items_purged":[],"score":344,"play_id":"27e05d64-323a-41b0-aac8-20c46e0a98a0","local_time":"20190129065349","is_ascension_mode":true,"campfire_choices":[{"data":"Zap","floor":6,"key":"SMITH"},{"data":"Dualcast","floor":12,"key":"SMITH"},{"data":"Defragment","floor":15,"key":"SMITH"}],"neow_cost":"CURSE","seed_source_timestamp":1683816640226904,"circlet_count":0,"master_deck":["AscendersBane","Strike_B","Strike_B","Defend_B","Defend_B","Defend_B","Defend_B","Zap+1","Dualcast+1","Parasite","Echo Form","Compile Driver","Scrape","Fusion","Chill","BootSequence","Self Repair","Rainbow","Defragment+1","Reboot"],"special_seed":0,"relics":["Cracked Core","Letter Opener","Bronze Scales","Golden Idol","Sozu"],"potions_floor_usage":[16,16,20],"damage_taken":[{"damage":8.0,"enemies":"Small Slimes","floor":1.0,"turns":4.0},{"damage":0.0,"enemies":"Jaw Worm","floor":3.0,"turns":3.0},{"damage":0,"enemies":"2 Louse","floor":5,"turns":2},{"damage":0,"enemies":"2 Fungi Beasts","floor":7,"turns":4},{"damage":0,"enemies":"Large Slime","floor":8,"turns":4},{"damage":25,"enemies":"Lagavulin","floor":10,"turns":8},{"damage":36,"enemies":"Hexaghost","floor":16,"turns":9},{"damage":11,"enemies":"Spheric Guardian","floor":18,"turns":4},{"damage":25,"enemies":"Colosseum Slavers","floor":20,"turns":3},{"damage":25,"enemies":"Colosseum Nobs","floor":20,"turns":3}],"seed_played":"-5723170309620312371","potions_obtained":[{"floor":1.0,"key":"EssenceOfSteel"},{"floor":10,"key":"Strength Potion"},{"floor":16,"key":"Explosive Potion"}],"is_trial":false,"path_per_floor":["M","?","M","?","M","R","M","M","T","E","?","R","$","?","R","B",null,"M","?","?"],"character_chosen":"DEFECT","items_purchased":["Defragment","Poison Potion"],"campfire_rested":0,"item_purchase_floors":[13,13],"current_hp_per_floor":[56,56,56,56,56,56,56,56,56,38,38,38,38,38,38,9,50,46,46,10],"gold":136,"neow_bonus":"TRANSFORM_TWO_CARDS","is_prod":false,"is_daily":false,"chose_seed":false,"campfire_upgraded":3,"win_rate":0,"timestamp":1548741229,"path_taken":["M","?","M","?","M","R","M","?","T","E","?","R","$","?","R","BOSS","M","?","?"],"build_version":"2019-01-23","purchased_purges":0,"victory":false,"max_hp_per_floor":[71,71,71,71,71,71,71,71,71,71,64,64,64,64,64,64,64,64,64,64],"card_choices":[{"not_picked":["Compile Driver","Beam Cell"],"picked":"Scrape","floor":1.0},{"not_picked":["Stack","Barrage"],"picked":"Fusion","floor":3.0},{"not_picked":["Turbo","Rip and Tear"],"picked":"Chill","floor":5},{"not_picked":["Machine Learning","Steam"],"picked":"BootSequence","floor":7},{"not_picked":["Storm","Sweeping Beam"],"picked":"Self Repair","floor":8},{"not_picked":["Heatsinks","Chaos"],"picked":"Rainbow","floor":10},{"not_picked":["Thunder Strike","Creative AI"],"picked":"Reboot","floor":16},{"not_picked":["Sweeping Beam","Turbo+1","Ball Lightning"],"picked":"SKIP","floor":18}],"player_experience":966448,"relics_obtained":[{"floor":9,"key":"Letter Opener"},{"floor":10,"key":"Bronze Scales"}],"event_choices":[{"damage_healed":0.0,"max_hp_gain":0.0,"max_hp_loss":0.0,"gold_gain":0.0,"event_name":"World of Goop","player_choice":"Left Gold","floor":2.0,"gold_loss":50.0,"damage_taken":0.0},{"damage_healed":0,"gold_gain":0,"player_choice":"Fled","damage_taken":0,"max_hp_gain":0,"max_hp_loss":0,"event_name":"Scrap Ooze","floor":4,"gold_loss":0},{"damage_healed":0,"gold_gain":0,"player_choice":"Lose Max HP","damage_taken":0,"relics_obtained":["Golden Idol"],"max_hp_gain":0,"max_hp_loss":7,"event_name":"Golden Idol","floor":11,"gold_loss":0},{"damage_healed":0,"gold_gain":0,"player_choice":"Leave","damage_taken":0,"max_hp_gain":0,"max_hp_loss":0,"event_name":"The Cleric","floor":14,"gold_loss":0},{"damage_healed":0,"gold_gain":0,"player_choice":"Ignored","damage_taken":0,"max_hp_gain":0,"max_hp_loss":0,"event_name":"Ghosts","floor":19,"gold_loss":0},{"damage_healed":0,"gold_gain":0,"player_choice":"Fight","damage_taken":0,"max_hp_gain":0,"max_hp_loss":0,"event_name":"Colosseum","floor":20,"gold_loss":0},{"damage_healed":0,"gold_gain":0,"player_choice":"Fought Nobs","damage_taken":0,"max_hp_gain":0,"max_hp_loss":0,"event_name":"Colosseum","floor":20,"gold_loss":0}],"is_beta":false,"boss_relics":[{"not_picked":["Runic Pyramid","Snecko Eye"],"picked":"Sozu"}],"items_purged_floors":[],"is_endless":false,"potions_floor_spawned":[1,10,16,20],"killed_by":"Colosseum Nobs","ascension_level":20}