{"gold_per_floor":[112,287,57,57,57,57,86,86,86,86,105,105,125,144,144,144],"floor_reached":16,"playtime":694,"items_purged":["Doubt"],"score":88,"play_id":"2ddcef68-be7d-4ab0-a1e1-85267ee69309","local_time":"20180716003615","is_ascension_mode":false,"campfire_choices":[{"data":"Bash","floor":6,"key":"SMITH"},{"floor":8,"key":"REST"},{"data":"Strike_R","floor":10,"key":"SMITH"},{"data":"Rage","floor":15,"key":"SMITH"}],"neow_cost":"NONE","seed_source_timestamp":114108541522843,"circlet_count":0,"master_deck":["Strike_R+1","Strike_R+1","Strike_R","Strike_R","Strike_R","Defend_R","Defend_R+1","Defend_R","Defend_R","Bash+1","Sword Boomerang","Rage+1","Regret"],"relics":["Burning Blood","Potion Belt","Ancient Tea Set","Odd Mushroom","Letter Opener","Lantern"],"potions_floor_usage":[16,16],"damage_taken":[{"damage":5,"enemies":"Small Slimes","floor":1,"turns":4},{"damage":29,"floor":7,"turns":5},{"damage":6,"enemies":"Jaw Worm","floor":11,"turns":2},{"damage":2,"enemies":"Cultist","floor":13,"turns":3},{"damage":3,"enemies":"2 Fungi Beasts","floor":14,"turns":3},{"damage":79,"enemies":"Slime Boss","floor":16,"turns":11}],"seed_played":"4056184126932369743","potions_obtained":[{"floor":1,"key":"EssenceOfSteel"},{"floor":11,"key":"SteroidPotion"}],"is_trial":false,"path_per_floor":["M","?","$","?","$","R","?","R","T","R","M","?","M","M","R"],"character_chosen":"IRONCLAD","items_purchased":["Ancient Tea Set"],"campfire_rested":1,"item_purchase_floors":[3],"current_hp_per_floor":[80,80,80,64,64,64,41,65,65,65,65,65,69,72,72,0],"gold":144,"neow_bonus":"RANDOM_COMMON_RELIC","is_prod":false,"is_daily":false,"chose_seed":false,"campfire_upgraded":3,"win_rate":0.0,"timestamp":1531715775,"path_taken":["M","?","?","?","?","R","?","R","T","R","M","?","M","M","R","BOSS"],"build_version":"2018-07-12","purchased_purges":1,"victory":false,"max_hp_per_floor":[80,80,80,80,80,80,80,80,80,80,80,80,80,80,80,80],"card_choices":[{"not_picked":["Power Through","Body Slam"],"picked":"Sword Boomerang","floor":1},{"not_picked":["Sever Soul","Flex"],"picked":"Rage","floor":11},{"not_picked":["Corruption","Flex","Rampage"],"picked":"SKIP","floor":13},{"not_picked":["Perfected Strike","Shockwave","Hemokinesis"],"picked":"SKIP","floor":14}],"player_experience":20443,"relics_obtained":[{"floor":7,"key":"Odd Mushroom"},{"floor":9,"key":"Letter Opener"}],"event_choices":[{"event_name":"Liars Game","player_choice":"agreed","floor":2,"damage_taken":0},{"event_name":"Shining Light","player_choice":"Entered Light","floor":4,"damage_taken":0},{"event_name":"Mushrooms","player_choice":"Fought Mushrooms","floor":7,"damage_taken":0},{"event_name":"Big Fish","player_choice":"Box","floor":12,"damage_taken":0}],"boss_relics":[],"items_purged_floors":[3],"is_endless":false,"potions_floor_spawned":[1,11],"killed_by":"Slime Boss","ascension_level":0}