{"gold_per_floor":[112,90,60,60,71,99,99,114,160,160,110,110,137,312,312,417,417,433,508,521,521],"floor_reached":21,"playtime":2289,"items_purged":["Strike_G"],"score":296,"play_id":"f565dce4-43f2-46c5-a0f4-af1d299d7aaf","local_time":"20190222231046","is_ascension_mode":true,"campfire_choices":[{"floor":7,"key":"REST"},{"data":"Cloak And Dagger","floor":12,"key":"SMITH"},{"floor":15,"key":"REST"}],"neow_cost":"PERCENT_DAMAGE","seed_source_timestamp":696963897082944,"circlet_count":0,"master_deck":["AscendersBane","Defend_G","Defend_G","Defend_G","Defend_G","Defend_G","Strike_G","Strike_G","Strike_G","Survivor","Neutralize","Cloak And Dagger+1","Sucker Punch","Deflect","Adrenaline","Quick Slash","Footwork","Doubt","A Thousand Cuts","Deflect+1","Deadly Poison"],"relics":["Ring of the Serpent","Smiling Mask","Ancient Tea Set","Centennial Puzzle"],"potions_floor_usage":[6,16,20,21],"damage_taken":[{"damage":15,"enemies":"Jaw Worm","floor":1,"turns":6},{"damage":0,"enemies":"Cultist","floor":5,"turns":4},{"damage":26,"enemies":"Gremlin Nob","floor":6,"turns":5},{"damage":0,"enemies":"2 Louse","floor":8,"turns":3},{"damage":15,"enemies":"3 Sentries","floor":13,"turns":10},{"damage":29,"enemies":"The Guardian","floor":16,"turns":26},{"damage":11,"enemies":"Chosen","floor":18,"turns":7},{"damage":19,"enemies":"Spheric Guardian","floor":20,"turns":6},{"damage":31,"enemies":"3 Cultists","floor":21,"turns":4}],"seed_played":"4955814421809605169","potions_obtained":[{"floor":3,"key":"Fire Potion"},{"floor":3,"key":"Explosive Potion"},{"floor":8,"key":"Dexterity Potion"},{"floor":16,"key":"GamblersBrew"}],"is_trial":false,"path_per_floor":["M","$","?","$","M","E","R","M","T","?","$","R","E","?","R","B",null,"M","?","M","M"],"character_chosen":"THE_SILENT","items_purchased":["Sucker Punch"],"campfire_rested":2,"item_purchase_floors":[2],"current_hp_per_floor":[44,44,44,44,44,18,43,43,43,43,43,43,28,28,53,24,69,58,50,31,0],"gold":521,"neow_bonus":"TWENTY_PERCENT_HP_BONUS","is_prod":false,"is_daily":false,"chose_seed":false,"campfire_upgraded":1,"win_rate":0,"timestamp":1550895046,"path_taken":["M","$","?","$","M","E","R","?","T","?","?","R","E","?","R","BOSS","M","?","M","?"],"build_version":"2019-01-23","purchased_purges":1,"victory":false,"max_hp_per_floor":[84,84,84,84,84,84,84,84,84,84,84,84,84,84,84,84,84,84,84,84,84],"card_choices":[{"not_picked":["Acrobatics","Masterful Stab"],"picked":"Cloak And Dagger","floor":1},{"not_picked":["Sucker Punch","Flechettes"],"picked":"Deflect","floor":5},{"not_picked":["Setup","Eviscerate"],"picked":"Adrenaline","floor":6},{"not_picked":["Cloak And Dagger","Dagger Throw"],"picked":"Quick Slash","floor":8},{"not_picked":["Prepared","Deflect"],"picked":"Footwork","floor":13},{"not_picked":["Envenom","Glass Knife"],"picked":"A Thousand Cuts","floor":16},{"not_picked":["Concentrate","Eviscerate"],"picked":"Deflect+1","floor":18},{"not_picked":["Backflip","Accuracy"],"picked":"Deadly Poison","floor":20}],"player_experience":552379,"relics_obtained":[{"floor":6,"key":"Smiling Mask"},{"floor":9,"key":"Ancient Tea Set"},{"floor":13,"key":"Centennial Puzzle"}],"event_choices":[{"damage_healed":0,"gold_gain":0,"player_choice":"Bought 2 Potions","damage_taken":0,"max_hp_gain":0,"max_hp_loss":0,"event_name":"The Woman in Blue","floor":3,"gold_loss":0},{"cards_removed":["Strike_G"],"damage_healed":0,"gold_gain":0,"player_choice":"Offered Basic","damage_taken":0,"max_hp_gain":0,"max_hp_loss":0,"event_name":"Bonfire Elementals","floor":10,"gold_loss":0},{"damage_healed":0,"gold_gain":175,"player_choice":"AGREE","damage_taken":0,"max_hp_gain":0,"max_hp_loss":0,"event_name":"Liars Game","floor":14,"gold_loss":0,"cards_obtained":["Doubt"]},{"damage_healed":0,"gold_gain":75,"player_choice":"Touch","damage_taken":8,"max_hp_gain":0,"max_hp_loss":0,"event_name":"FaceTrader","floor":19,"gold_loss":0}],"is_beta":false,"boss_relics":[{"not_picked":["Coffee Dripper","White Beast Statue"],"picked":"Ring of the Serpent"}],"items_purged_floors":[11],"is_endless":false,"potions_floor_spawned":[8,16],"killed_by":"3 Cultists","ascension_level":12}