{"gold_per_floor":[117,137,147,159,9,9,40,40,40,40,215,114,147,167,167,263,263,276,276,375,385,385,385,415,415,415,515,515,183,197,230,230,335,335,355,374,198,215,235,235,235],"floor_reached":41,"playtime":6121,"items_purged":["Doubt","Strike_G","Strike_G"],"score":571,"play_id":"bcff361b-1dc8-4915-9ec2-c1a7698624c0","local_time":"20190124211929","is_ascension_mode":true,"campfire_choices":[{"data":"Crippling Poison","floor":6.0,"key":"SMITH"},{"floor":8.0,"key":"REST"},{"data":"Strike_G","floor":15.0,"key":"PURGE"},{"floor":23.0,"key":"REST"},{"data":"Strike_G","floor":25.0,"key":"PURGE"},{"floor":28.0,"key":"REST"},{"floor":32.0,"key":"REST"},{"floor":40.0,"key":"REST"}],"neow_cost":"NONE","seed_source_timestamp":179414757744820,"circlet_count":0,"master_deck":["Defend_G","Defend_G","Defend_G","Defend_G","Survivor","Neutralize","Impatience","Crippling Poison+1","Sucker Punch","Well Laid Plans","Bane","Flying Knee","Quick Slash+1","Dagger Spray+1","Quick Slash+1","Heel Hook","Escape Plan+1","Outmaneuver+1"],"special_seed":0,"relics":["Ring of the Snake","Bronze Scales","Vajra","Bottled Lightning","Peace Pipe","Busted Crown","Orichalcum","Pantograph","Happy Flower","Boot","Empty Cage"],"potions_floor_usage":[41,41],"damage_taken":[{"damage":1.0,"enemies":"Jaw Worm","floor":1.0,"turns":6.0},{"damage":3.0,"enemies":"2 Louse","floor":2.0,"turns":2.0},{"damage":4.0,"enemies":"Small Slimes","floor":3.0,"turns":3.0},{"damage":10.0,"enemies":"2 Fungi Beasts","floor":4.0,"turns":5.0},{"damage":24.0,"enemies":"3 Sentries","floor":7.0,"turns":8.0},{"damage":16.0,"enemies":"Gremlin Nob","floor":13.0,"turns":4.0},{"damage":10.0,"enemies":"Red Slaver","floor":14.0,"turns":2.0},{"damage":31.0,"enemies":"The Guardian","floor":16.0,"turns":12.0},{"damage":16.0,"enemies":"2 Thieves","floor":18.0,"turns":3.0},{"damage":0.0,"enemies":"3 Byrds","floor":21.0,"turns":2.0},{"damage":26.0,"enemies":"Gremlin Leader","floor":24.0,"turns":5.0},{"damage":3.0,"enemies":"3 Cultists","floor":30.0,"turns":3.0},{"damage":21.0,"enemies":"Slavers","floor":31.0,"turns":3.0},{"damage":65.0,"enemies":"Collector","floor":33.0,"turns":9.0},{"damage":8.0,"enemies":"Orb Walker","floor":35.0,"turns":3.0},{"damage":3.0,"enemies":"3 Shapes","floor":36.0,"turns":5.0},{"damage":16.0,"enemies":"Maw","floor":38.0,"turns":6.0},{"damage":0.0,"enemies":"Transient","floor":39.0,"turns":5.0},{"damage":82,"enemies":"Giant Head","floor":41,"turns":8}],"seed_played":"-334531999855823586","potions_obtained":[{"floor":2.0,"key":"SpeedPotion"},{"floor":4.0,"key":"Ancient Potion"},{"floor":13.0,"key":"SkillPotion"},{"floor":30.0,"key":"GhostInAJar"},{"floor":33.0,"key":"GhostInAJar"},{"floor":38.0,"key":"Swift Potion"},{"floor":39.0,"key":"Energy Potion"}],"is_trial":false,"path_per_floor":["M","M","M","M","$","R","E","R","T","?","?","$","E","M","R","B",null,"M","$","?","M","?","R","E","R","T","?","R","$","M","E","R","B",null,"M","M","$","M","M","R","E"],"character_chosen":"THE_SILENT","items_purchased":["Bronze Scales","Bane","Happy Flower","Heel Hook","Swift Potion"],"campfire_rested":5,"item_purchase_floors":[5,12,29,29,37],"current_hp_per_floor":[62,59,55,45,45,45,21,42,42,65,65,65,49,39,39,8,55,39,39,39,39,26,48,22,22,22,22,44,44,41,20,42,2,57,49,46,46,30,30,52,0],"gold":235,"neow_bonus":"RANDOM_COLORLESS","is_prod":false,"is_daily":false,"chose_seed":true,"campfire_upgraded":1,"win_rate":0,"timestamp":1548382769,"path_taken":["M","M","M","M","$","R","E","R","T","?","?","$","E","M","R","BOSS","M","$","?","M","?","R","E","R","T","?","R","$","M","E","R","BOSS","M","M","?","M","?","R","E"],"build_version":"2019-01-23","purchased_purges":3,"victory":false,"max_hp_per_floor":[70,70,70,70,70,70,70,70,70,70,70,70,70,70,70,70,70,70,70,70,70,75,75,75,75,75,75,75,75,75,75,75,75,75,75,75,75,75,75,75,75],"card_choices":[{"not_picked":["Deflect","Reflex"],"picked":"Crippling Poison","floor":1.0},{"not_picked":["Cloak And Dagger","Riddle With Holes","Prepared"],"picked":"SKIP","floor":2.0},{"not_picked":["Bane","PiercingWail"],"picked":"Sucker Punch","floor":3.0},{"not_picked":["All Out Attack","Caltrops"],"picked":"Well Laid Plans","floor":4.0},{"not_picked":["PiercingWail","Flying Knee","Sucker Punch"],"picked":"SKIP","floor":7.0},{"not_picked":["Well Laid Plans","Sucker Punch","Blade Dance"],"picked":"SKIP","floor":13.0},{"not_picked":["Dash","Tactician"],"picked":"Flying Knee","floor":14.0},{"not_picked":[],"picked":"Quick Slash+1","floor":18.0},{"not_picked":[],"picked":"Dagger Spray+1","floor":21.0},{"not_picked":[],"picked":"Quick Slash+1","floor":24.0},{"not_picked":["Distraction"],"picked":"SKIP","floor":30.0},{"not_picked":["Deflect"],"picked":"SKIP","floor":31.0},{"not_picked":["Slice"],"picked":"SKIP","floor":35.0},{"not_picked":[],"picked":"Escape Plan+1","floor":36.0},{"not_picked":[],"picked":"Outmaneuver+1","floor":38.0},{"not_picked":["Quick Slash"],"picked":"SKIP","floor":39.0}],"player_experience":296136,"relics_obtained":[{"floor":7.0,"key":"Vajra"},{"floor":9.0,"key":"Bottled Lightning"},{"floor":13.0,"key":"Peace Pipe"},{"floor":24.0,"key":"Orichalcum"},{"floor":26.0,"key":"Pantograph"},{"floor":31.0,"key":"Boot"}],"event_choices":[{"damage_healed":23.0,"max_hp_gain":0.0,"max_hp_loss":0.0,"gold_gain":0.0,"event_name":"Big Fish","player_choice":"Banana","floor":10.0,"gold_loss":0.0,"damage_taken":0.0},{"damage_healed":0.0,"max_hp_gain":0.0,"max_hp_loss":0.0,"gold_gain":175.0,"event_name":"Liars Game","player_choice":"AGREE","floor":11.0,"gold_loss":0.0,"damage_taken":0.0,"cards_obtained":["Doubt"]},{"damage_healed":0.0,"max_hp_gain":0.0,"max_hp_loss":0.0,"gold_gain":99.0,"event_name":"Nest","player_choice":"Stole From Cult","floor":20.0,"gold_loss":0.0,"damage_taken":0.0},{"damage_healed":0.0,"max_hp_gain":5.0,"max_hp_loss":0.0,"gold_gain":0.0,"event_name":"Forgotten Altar","player_choice":"Shed Blood","floor":22.0,"gold_loss":0.0,"damage_taken":18.0},{"damage_healed":0.0,"max_hp_gain":0.0,"max_hp_loss":0.0,"gold_gain":100.0,"event_name":"Golden Shrine","player_choice":"Pray","floor":27.0,"gold_loss":0.0,"damage_taken":0.0}],"is_beta":false,"boss_relics":[{"not_picked":["Runic Dome","Calling Bell"],"picked":"Busted Crown"},{"not_picked":["Sozu","Tiny House"],"picked":"Empty Cage"}],"items_purged_floors":[12,29,37],"is_endless":false,"potions_floor_spawned":[2,4,13,30,33,38,39],"killed_by":"Giant Head","ascension_level":6}