{"gold_per_floor":[361,361,361,376,12,12,46,46,46,63,79,79,79,79,79,169,169,162,162,162,162],"floor_reached":21,"playtime":815,"items_purged":[],"score":306,"play_id":"8beef58c-a565-4f71-b9d9-2cf6d25e70bc","local_time":"20180926003408","is_ascension_mode":true,"campfire_choices":[{"data":"Body Slam","floor":6.0,"key":"SMITH"},{"data":"Twin Strike","floor":8.0,"key":"SMITH"},{"data":"True Grit","floor":13.0,"key":"SMITH"},{"data":"Iron Wave","floor":15.0,"key":"SMITH"}],"neow_cost":"CURSE","seed_source_timestamp":359121760172291,"circlet_count":0,"master_deck":["Strike_R+1","Strike_R+1","Strike_R+1","Strike_R+1","Strike_R+1","Defend_R+1","Defend_R+1","Defend_R+1","Defend_R+1","Bash","AscendersBane","Shrug It Off","Twin Strike+1","Body Slam+1","Iron Wave+1","True Grit+1","Injury","Offering"],"special_seed":0,"relics":["Burning Blood","CultistMask","Champion Belt","Incense Burner","Paper Frog","Bloody Idol","Runic Cube"],"potions_floor_usage":[21],"damage_taken":[{"damage":4.0,"enemies":"2 Louse","floor":1.0,"turns":4.0},{"damage":3.0,"enemies":"Cultist","floor":4.0,"turns":4.0},{"damage":31.0,"enemies":"3 Sentries","floor":7.0,"turns":11.0},{"damage":1.0,"enemies":"Jaw Worm","floor":10.0,"turns":3.0},{"damage":3.0,"enemies":"Looter","floor":11.0,"turns":3.0},{"damage":25.0,"enemies":"The Guardian","floor":16.0,"turns":12.0},{"damage":18.0,"enemies":"2 Thieves","floor":18.0,"turns":4.0},{"damage":12,"enemies":"Colosseum Slavers","floor":21,"turns":7},{"damage":50,"enemies":"Colosseum Nobs","floor":21,"turns":5}],"seed_played":"-8744183737357463176","potions_obtained":[{"floor":1.0,"key":"Ancient Potion"},{"floor":7.0,"key":"LiquidBronze"}],"is_trial":false,"path_per_floor":["M","?","?","M","$","R","E","R","T","M","M","?","R","?","R","B",null,"M","?","?"],"character_chosen":"IRONCLAD","items_purchased":["Champion Belt","Body Slam"],"campfire_rested":0,"item_purchase_floors":[5,5],"current_hp_per_floor":[70,70,70,73,73,73,48,48,48,53,56,33,33,33,33,14,60,48,48,48,0],"gold":162,"neow_bonus":"TWO_FIFTY_GOLD","is_prod":false,"is_daily":false,"chose_seed":false,"campfire_upgraded":4,"win_rate":0,"timestamp":1537914848,"path_taken":["M","?","?","M","$","R","E","R","T","M","M","?","R","?","R","BOSS","M","?","?","?"],"build_version":"2018-09-20","purchased_purges":0,"victory":false,"max_hp_per_floor":[75,75,75,75,75,75,75,75,75,75,75,75,75,75,75,75,75,75,75,75,75],"card_choices":[{"not_picked":["Heavy Blade","Warcry"],"picked":"Shrug It Off","floor":1.0},{"not_picked":["Perfected Strike","Thunderclap"],"picked":"Twin Strike","floor":4.0},{"not_picked":["Headbutt","Anger"],"picked":"Iron Wave","floor":7.0},{"not_picked":["Armaments","Flex"],"picked":"True Grit","floor":10.0},{"not_picked":["Shrug It Off","Limit Break","Armaments"],"picked":"SKIP","floor":11.0},{"not_picked":["Exhume","Double Tap"],"picked":"Offering","floor":16.0},{"not_picked":["Iron Wave","Twin Strike","Headbutt"],"picked":"SKIP","floor":18.0}],"player_experience":761026,"relics_obtained":[{"floor":7.0,"key":"Incense Burner"},{"floor":9.0,"key":"Paper Frog"}],"event_choices":[{"event_name":"FaceTrader","player_choice":"Trade","floor":2.0,"damage_taken":0.0},{"event_name":"Purifier","player_choice":"One Purge","floor":3.0,"damage_taken":0.0},{"event_name":"Shining Light","player_choice":"Entered Light","floor":12.0,"damage_taken":0.0},{"event_name":"Golden Idol","player_choice":"Take Wound","floor":14.0,"damage_taken":0.0},{"event_name":"Back to Basics","player_choice":"Simplicity","floor":19,"damage_taken":0},{"event_name":"Forgotten Altar","player_choice":"Gave Idol","floor":20,"damage_taken":0},{"event_name":"Colosseum","player_choice":"Fight","floor":21,"damage_taken":0},{"event_name":"Colosseum","player_choice":"Fought Nobs","floor":21,"damage_taken":0}],"is_beta":false,"boss_relics":[{"not_picked":["Snecko Eye","Busted Crown"],"picked":"Runic Cube"}],"items_purged_floors":[],"is_endless":false,"potions_floor_spawned":[1,7,21],"killed_by":"Colosseum Nobs","ascension_level":15}