{"gold_per_floor":[114,131,131,151,151,181,198,198,198,223,223,254,254,287,287,392,392,405,416,416,432,19,54,65,65,65,76,92,56,72,91,91,91],"floor_reached":33,"playtime":3067,"items_purged":["Decay"],"score":474,"play_id":"6724fa76-981d-44f1-b97d-46e13192d0ef","local_time":"20190212161341","is_ascension_mode":true,"campfire_choices":[{"floor":8.0,"key":"REST"},{"floor":11.0,"key":"REST"},{"data":"Rampage","floor":13.0,"key":"SMITH"},{"data":"Shockwave","floor":15.0,"key":"SMITH"},{"floor":25,"key":"REST"},{"floor":32,"key":"REST"}],"neow_cost":"NONE","seed_source_timestamp":1364988291969477,"circlet_count":0,"master_deck":["AscendersBane","Strike_R","Strike_R","Strike_R","Strike_R","Strike_R","Defend_R","Defend_R","Defend_R","Defend_R","Bash","Cleave","Shockwave+1","Iron Wave","Rampage+1","Hemokinesis","Headbutt","Offering+1","Headbutt","True Grit+1","Master of Strategy+1","Sentinel+1","Corruption","Warcry+1","Feel No Pain","Shrug It Off+1"],"special_seed":0,"relics":["Burning Blood","Oddly Smooth Stone","Darkstone Periapt","Mercury Hourglass","Singing Bowl","Orichalcum","Toxic Egg 2","Eternal Feather","Bronze Scales","Bottled Flame"],"potions_floor_usage":[21,23,23,24,28,31],"damage_taken":[{"damage":10.0,"enemies":"Cultist","floor":1.0,"turns":4.0},{"damage":14.0,"enemies":"Small Slimes","floor":2.0,"turns":3.0},{"damage":7.0,"enemies":"2 Louse","floor":4.0,"turns":2.0},{"damage":38.0,"enemies":"Lagavulin","floor":6.0,"turns":6.0},{"damage":4.0,"enemies":"Red Slaver","floor":7.0,"turns":4.0},{"damage":14.0,"enemies":"3 Sentries","floor":10.0,"turns":4.0},{"damage":17.0,"enemies":"Gremlin Nob","floor":12.0,"turns":4.0},{"damage":23.0,"enemies":"3 Sentries","floor":14.0,"turns":5.0},{"damage":26.0,"enemies":"The Guardian","floor":16.0,"turns":10.0},{"damage":32.0,"enemies":"Chosen","floor":18.0,"turns":5.0},{"damage":15.0,"enemies":"Shell Parasite","floor":19.0,"turns":4.0},{"damage":23,"enemies":"Cultist and Chosen","floor":21,"turns":4},{"damage":27,"enemies":"Slavers","floor":23,"turns":5},{"damage":5,"enemies":"3 Cultists","floor":24,"turns":5},{"damage":16,"enemies":"Snake Plant","floor":27,"turns":3},{"damage":32,"enemies":"Shelled Parasite and Fungi","floor":28,"turns":3},{"damage":6,"enemies":"3 Cultists","floor":30,"turns":4},{"damage":6,"enemies":"Snake Plant","floor":31,"turns":4},{"damage":67,"enemies":"Collector","floor":33,"turns":10}],"seed_played":"-7957255725234373432","potions_obtained":[{"floor":2.0,"key":"Weak Potion"},{"floor":5.0,"key":"Fruit Juice"},{"floor":5.0,"key":"Poison Potion"},{"floor":5.0,"key":"Ancient Potion"},{"floor":7.0,"key":"SkillPotion"},{"floor":12.0,"key":"Ancient Potion"},{"floor":14.0,"key":"SteroidPotion"},{"floor":23,"key":"Fire Potion"},{"floor":24,"key":"AttackPotion"},{"floor":30,"key":"SpeedPotion"},{"floor":31,"key":"BloodPotion"}],"is_trial":false,"path_per_floor":["M","M","?","M","?","E","M","R","T","E","R","E","R","E","R","B",null,"M","M","?","M","$","E","M","R","T","M","M","$","M","M","R","B"],"character_chosen":"IRONCLAD","items_purchased":["Master of Strategy+1","Sentinel+1","SpeedPotion","Swift Potion","Feel No Pain"],"campfire_rested":4,"item_purchase_floors":[22,22,22,22,29],"current_hp_per_floor":[68,60,60,59,64,32,34,59,59,51,76,67,67,50,50,30,73,47,38,44,29,29,10,11,52,52,44,18,18,18,20,65,0],"gold":91,"neow_bonus":"RANDOM_COMMON_RELIC","is_prod":false,"is_daily":false,"chose_seed":false,"campfire_upgraded":2,"win_rate":0,"timestamp":1550006021,"path_taken":["M","?","?","M","?","E","M","R","T","E","R","E","R","E","R","BOSS","M","?","?","?","$","E","M","R","T","M","M","$","M","M","R","BOSS"],"build_version":"2019-01-23","purchased_purges":1,"victory":false,"max_hp_per_floor":[80,80,80,80,85,85,85,85,85,85,85,87,87,87,87,87,87,87,87,93,95,95,97,97,97,97,99,99,99,99,101,101,101],"card_choices":[{"not_picked":["Thunderclap","Wild Strike"],"picked":"Cleave","floor":1.0},{"not_picked":["Ghostly Armor","Heavy Blade"],"picked":"Shockwave","floor":2.0},{"not_picked":["Wild Strike","Warcry"],"picked":"Iron Wave","floor":4.0},{"not_picked":["Inflame","Second Wind","Armaments"],"picked":"SKIP","floor":6.0},{"not_picked":["Dark Embrace","Twin Strike"],"picked":"Rampage","floor":7.0},{"not_picked":["Thunderclap","Sword Boomerang"],"picked":"Hemokinesis","floor":10.0},{"not_picked":["Ghostly Armor","Fire Breathing","Wild Strike"],"picked":"Singing Bowl","floor":12.0},{"not_picked":["Seeing Red","Rampage"],"picked":"Headbutt","floor":14.0},{"not_picked":["Immolate","Feed"],"picked":"Offering+1","floor":16.0},{"not_picked":["Armaments+1","Heavy Blade"],"picked":"Headbutt","floor":18.0},{"not_picked":["Shrug It Off+1","Headbutt+1"],"picked":"True Grit+1","floor":19.0},{"not_picked":["Thunderclap","Pommel Strike","Bloodletting+1"],"picked":"Singing Bowl","floor":21},{"not_picked":["Pummel+1","Heavy Blade+1","Carnage"],"picked":"Singing Bowl","floor":23},{"not_picked":["Heavy Blade","Warcry+1"],"picked":"Corruption","floor":24},{"not_picked":["Headbutt","Flex+1","Armaments+1"],"picked":"Singing Bowl","floor":27},{"not_picked":["Fiend Fire","Carnage+1"],"picked":"Warcry+1","floor":28},{"not_picked":["Searing Blow","Twin Strike+1"],"picked":"Shrug It Off+1","floor":30},{"not_picked":["Anger","Wild Strike+1","Thunderclap"],"picked":"Singing Bowl","floor":31}],"player_experience":434738,"relics_obtained":[{"floor":6.0,"key":"Darkstone Periapt"},{"floor":9.0,"key":"Mercury Hourglass"},{"floor":10.0,"key":"Singing Bowl"},{"floor":12.0,"key":"Orichalcum"},{"floor":14.0,"key":"Toxic Egg 2"},{"floor":23,"key":"Bronze Scales"},{"floor":26,"key":"Bottled Flame"}],"event_choices":[{"damage_healed":0.0,"max_hp_gain":0.0,"max_hp_loss":0.0,"gold_gain":0.0,"event_name":"Golden Wing","player_choice":"Ignored","floor":3.0,"gold_loss":0.0,"damage_taken":0.0},{"damage_healed":0.0,"max_hp_gain":0.0,"max_hp_loss":0.0,"gold_gain":0.0,"event_name":"Lab","player_choice":"Got Potions","floor":5.0,"gold_loss":0.0,"damage_taken":0.0},{"damage_healed":0.0,"max_hp_gain":0.0,"max_hp_loss":0.0,"gold_gain":0.0,"event_name":"Wheel of Change","player_choice":"Cursed","floor":20.0,"gold_loss":0.0,"damage_taken":0.0,"cards_obtained":["Decay"]}],"is_beta":false,"boss_relics":[{"not_picked":["Snecko Eye","Runic Pyramid"],"picked":"Eternal Feather"}],"items_purged_floors":[22],"is_endless":false,"potions_floor_spawned":[2,7,12,14,23,24,30,31],"killed_by":"Collector","ascension_level":10}