{"gold_per_floor":[117,135,152,167,167,186,186,201,201,201,126,137,137,156,156,258,258,278,278,278,278,289,289,319,330,330,330,330,230,76,94,94,94],"floor_reached":33,"playtime":2426,"items_purged":["Defend_G","Strike_G"],"score":259,"play_id":"438f7431-90f3-401b-a13a-5654d8b0714b","local_time":"20181022201516","is_ascension_mode":false,"campfire_choices":[{"data":"Dodge and Roll","floor":7,"key":"SMITH"},{"data":"Survivor","floor":10,"key":"SMITH"},{"data":"Sucker Punch","floor":13,"key":"SMITH"},{"data":"Dagger Spray","floor":15,"key":"SMITH"},{"data":"Cloak And Dagger","floor":23,"key":"SMITH"},{"data":"Underhanded Strike","floor":27,"key":"SMITH"},{"data":"PiercingWail","floor":32,"key":"SMITH"}],"neow_cost":"NONE","seed_source_timestamp":66443168201004,"circlet_count":0,"master_deck":["Defend_G","Defend_G","Defend_G","Defend_G","Strike_G","Strike_G","Strike_G","Strike_G","Survivor+1","Neutralize","Sucker Punch+1","Poisoned Stab","Dodge and Roll+1","PiercingWail+1","Dagger Spray+1","Cloak And Dagger+1","Dagger Throw+1","Underhanded Strike+1","Acrobatics","Acrobatics"],"relics":["Ring of the Snake","Strawberry","Darkstone Periapt","Coffee Dripper","Bag of Preparation","Blue Candle","Letter Opener","Vajra"],"potions_floor_usage":[22,24,33,33],"damage_taken":[{"damage":0,"enemies":"Cultist","floor":1,"turns":5},{"damage":0,"enemies":"2 Louse","floor":2,"turns":3},{"damage":0,"enemies":"Jaw Worm","floor":3,"turns":3},{"damage":0,"enemies":"Looter","floor":4,"turns":3},{"damage":0,"enemies":"2 Fungi Beasts","floor":6,"turns":4},{"damage":2,"enemies":"Blue Slaver","floor":8,"turns":5},{"damage":3,"enemies":"3 Louse","floor":12,"turns":5},{"damage":0,"enemies":"Exordium Wildlife","floor":14,"turns":4},{"damage":51,"enemies":"Slime Boss","floor":16,"turns":14},{"damage":11,"enemies":"Spheric Guardian","floor":18,"turns":7},{"damage":0,"enemies":"Chosen","floor":22,"turns":6},{"damage":14,"enemies":"Book of Stabbing","floor":24,"turns":7},{"damage":8,"enemies":"Snake Plant","floor":25,"turns":5},{"damage":0,"enemies":"Colosseum Slavers","floor":28,"turns":3},{"damage":7,"enemies":"Centurion and Healer","floor":31,"turns":5},{"damage":54,"enemies":"Collector","floor":33,"turns":8}],"seed_played":"-3752182232598371020","potions_obtained":[{"floor":2,"key":"Poison Potion"},{"floor":4,"key":"SkillPotion"},{"floor":8,"key":"Fire Potion"},{"floor":25,"key":"FearPotion"}],"is_trial":false,"path_per_floor":["M","M","M","M","?","M","R","M","T","R","$","M","R","M","R","B",null,"M","?","?","?","M","R","E","M","T","R","?","$","$","M","R"],"character_chosen":"THE_SILENT","items_purchased":["Vajra"],"campfire_rested":0,"item_purchase_floors":[30],"current_hp_per_floor":[77,77,77,77,77,77,77,75,75,75,75,72,72,72,72,21,77,66,66,77,77,77,77,63,55,55,55,55,55,55,48,48,0],"gold":94,"neow_bonus":"RANDOM_COMMON_RELIC","is_prod":false,"is_daily":false,"chose_seed":false,"campfire_upgraded":7,"win_rate":0,"timestamp":1540253716,"path_taken":["M","?","M","?","?","M","R","?","T","R","$","M","R","M","R","BOSS","M","?","?","?","?","R","E","M","T","R","?","?","$","M","R","BOSS"],"build_version":"2018-10-18","purchased_purges":2,"victory":false,"max_hp_per_floor":[77,77,77,77,77,77,77,77,77,77,77,77,77,77,77,77,77,77,77,77,77,77,77,77,77,77,77,77,77,77,77,77,77],"card_choices":[{"not_picked":["Masterful Stab","Blade Dance"],"picked":"Sucker Punch","floor":1},{"not_picked":["Eviscerate","Underhanded Strike"],"picked":"Poisoned Stab","floor":2},{"not_picked":["Slice","Terror","Reflex"],"picked":"SKIP","floor":3},{"not_picked":["Prepared","Escape Plan"],"picked":"Dodge and Roll","floor":4},{"not_picked":["Outmaneuver","Calculated Gamble","Die Die Die"],"picked":"SKIP","floor":6},{"not_picked":["Blade Dance","Noxious Fumes","Leg Sweep"],"picked":"SKIP","floor":8},{"not_picked":["Blade Dance","All Out Attack"],"picked":"PiercingWail","floor":12},{"not_picked":["Dagger Throw","Catalyst"],"picked":"Dagger Spray","floor":14},{"not_picked":["Bane","Endless Agony+1"],"picked":"Cloak And Dagger","floor":18},{"not_picked":["Deadly Poison","Underhanded Strike"],"picked":"Dagger Throw+1","floor":22},{"not_picked":["Predator","Flying Knee"],"picked":"Underhanded Strike","floor":24},{"not_picked":["Sucker Punch","Crippling Poison"],"picked":"Acrobatics","floor":25},{"not_picked":["Predator","Outmaneuver"],"picked":"Acrobatics","floor":31}],"player_experience":219649,"relics_obtained":[{"floor":9,"key":"Darkstone Periapt"},{"floor":24,"key":"Blue Candle"},{"floor":26,"key":"Letter Opener"}],"event_choices":[{"damage_healed":0,"gold_gain":0,"player_choice":"Ignored","damage_taken":0,"max_hp_gain":0,"max_hp_loss":0,"event_name":"Liars Game","floor":5,"gold_loss":0},{"damage_healed":0,"gold_gain":0,"player_choice":"Ignored","damage_taken":0,"max_hp_gain":0,"max_hp_loss":0,"event_name":"Ghosts","floor":19,"gold_loss":0},{"damage_healed":25,"gold_gain":0,"player_choice":"Heal","damage_taken":0,"max_hp_gain":0,"max_hp_loss":0,"event_name":"The Library","floor":20,"gold_loss":0},{"damage_healed":0,"gold_gain":0,"player_choice":"Opened","damage_taken":0,"relics_obtained":["Bag of Preparation"],"max_hp_gain":0,"max_hp_loss":0,"event_name":"The Mausoleum","floor":21,"gold_loss":0},{"damage_healed":0,"gold_gain":0,"player_choice":"Fight","damage_taken":0,"max_hp_gain":0,"max_hp_loss":0,"event_name":"Colosseum","floor":28,"gold_loss":0},{"damage_healed":0,"gold_gain":0,"player_choice":"Fled From Nobs","damage_taken":0,"max_hp_gain":0,"max_hp_loss":0,"event_name":"Colosseum","floor":28,"gold_loss":0}],"is_beta":false,"boss_relics":[{"not_picked":["Pandora\u0027s Box","Orrery"],"picked":"Coffee Dripper"}],"items_purged_floors":[11,29],"is_endless":false,"potions_floor_spawned":[2,4,8,12,14,25,28],"killed_by":"Collector","ascension_level":0}