{"gold_per_floor":[112,129,99,109,127,127,155,155,179,194,194,48,48,48,48,150,150,169,169,84,73,28,28,55,55,128,139,139,155,7,7,7,7],"floor_reached":33,"playtime":3882,"items_purged":["Strike_G","Strike_G"],"score":263,"play_id":"a67d79de-dc6c-4b88-b9a5-ce83ca26de76","local_time":"20181125153331","is_ascension_mode":false,"campfire_choices":[{"floor":6,"key":"REST"},{"data":"Skewer","floor":8,"key":"SMITH"},{"data":"Die Die Die","floor":11,"key":"SMITH"},{"data":"After Image","floor":15,"key":"SMITH"},{"floor":23,"key":"REST"},{"floor":25,"key":"REST"},{"floor":32,"key":"REST"}],"neow_cost":"PERCENT_DAMAGE","seed_source_timestamp":416699939994030,"circlet_count":0,"master_deck":["Defend_G","Defend_G","Defend_G","Defend_G","Defend_G","Strike_G","Strike_G","Strike_G","Survivor","Neutralize","Die Die Die+1","Noxious Fumes","Skewer+1","Backflip","Slice","Dagger Spray","Finisher","Outmaneuver","Quick Slash","After Image+1","Glass Knife","Footwork+1","Bane","Deflect","Acrobatics","Poisoned Stab","Flying Knee+1","Writhe"],"relics":["Ring of the Snake","Bronze Scales","Juzu Bracelet","Lizard Tail","Potion Belt","Pen Nib","Ninja Scroll","Matryoshka"],"potions_floor_usage":[5,7,10,16,16,18,24,33,33,33],"damage_taken":[{"damage":0,"enemies":"Jaw Worm","floor":1,"turns":4},{"damage":0,"enemies":"Cultist","floor":2,"turns":4},{"damage":0,"enemies":"2 Louse","floor":4,"turns":1},{"damage":0,"enemies":"Looter","floor":5,"turns":3},{"damage":18,"enemies":"Gremlin Nob","floor":7,"turns":4},{"damage":0,"enemies":"Exordium Thugs","floor":10,"turns":4},{"damage":19,"enemies":"Slime Boss","floor":16,"turns":10},{"damage":0,"enemies":"Chosen","floor":18,"turns":5},{"damage":49,"enemies":"Colosseum Slavers","floor":19,"turns":5},{"damage":10,"enemies":"2 Thieves","floor":21,"turns":4},{"damage":41,"enemies":"Slavers","floor":24,"turns":5},{"damage":15,"enemies":"Centurion and Healer","floor":27,"turns":6},{"damage":5,"enemies":"Snecko","floor":29,"turns":3},{"damage":49,"enemies":"Automaton","floor":33,"turns":10}],"seed_played":"4812664401159822427","potions_obtained":[{"floor":2,"key":"Energy Potion"},{"floor":3,"key":"Explosive Potion"},{"floor":3,"key":"Energy Potion"},{"floor":7,"key":"Regen Potion"},{"floor":10,"key":"Ancient Potion"},{"floor":16,"key":"SpeedPotion"},{"floor":21,"key":"Fire Potion"},{"floor":27,"key":"SteroidPotion"},{"floor":29,"key":"Block Potion"}],"is_trial":false,"path_per_floor":["M","M","?","M","M","R","E","R","T","M","R","$","?","?","R","B",null,"M","?","?","M","$","R","E","R","T","M","?","M","$","?","R","B"],"character_chosen":"THE_SILENT","items_purchased":["Outmaneuver","Quick Slash","Deflect","SteroidPotion"],"campfire_rested":4,"item_purchase_floors":[12,12,22,30],"current_hp_per_floor":[49,49,49,49,49,70,52,52,52,66,66,66,66,66,66,47,70,70,21,21,11,11,32,32,53,53,38,31,26,26,26,47,0],"gold":7,"neow_bonus":"THREE_RARE_CARDS","is_prod":false,"is_daily":false,"chose_seed":false,"campfire_upgraded":3,"win_rate":0.0,"timestamp":1543160011,"path_taken":["M","M","?","?","M","R","E","R","T","M","R","$","?","?","R","BOSS","M","?","?","M","$","R","E","R","T","M","?","M","?","?","R","BOSS"],"build_version":"2018-11-15","purchased_purges":2,"victory":false,"max_hp_per_floor":[70,70,70,70,70,70,70,70,70,70,70,70,70,70,70,70,70,70,70,70,70,70,70,70,70,70,70,70,70,70,70,70,70],"card_choices":[{"not_picked":["Adrenaline","Wraith Form v2"],"picked":"Die Die Die","floor":0},{"not_picked":["Outmaneuver","Slice"],"picked":"Noxious Fumes","floor":1},{"not_picked":["PiercingWail","Bouncing Flask"],"picked":"Skewer","floor":2},{"not_picked":["Poisoned Stab","Bane"],"picked":"Backflip","floor":4},{"not_picked":["Tactician","Infinite Blades"],"picked":"Slice","floor":5},{"not_picked":["Wraith Form v2","Acrobatics"],"picked":"Dagger Spray","floor":7},{"not_picked":["Footwork","Prepared"],"picked":"Finisher","floor":10},{"not_picked":["Burst","Bullet Time"],"picked":"Glass Knife","floor":16},{"not_picked":["Blade Dance","Acrobatics"],"picked":"Footwork+1","floor":18},{"not_picked":["Dagger Throw","Flying Knee"],"picked":"Bane","floor":21},{"not_picked":["Crippling Poison","Choke"],"picked":"Acrobatics","floor":24},{"not_picked":["Backflip","Prepared"],"picked":"Poisoned Stab","floor":27},{"not_picked":["All Out Attack","Predator"],"picked":"Flying Knee+1","floor":29}],"player_experience":35456,"relics_obtained":[{"floor":7,"key":"Bronze Scales"},{"floor":9,"key":"Juzu Bracelet"},{"floor":24,"key":"Pen Nib"},{"floor":26,"key":"Ninja Scroll"}],"event_choices":[{"damage_healed":0,"gold_gain":0,"player_choice":"Bought 2 Potions","damage_taken":0,"max_hp_gain":0,"max_hp_loss":0,"event_name":"The Woman in Blue","floor":3,"gold_loss":0},{"damage_healed":0,"gold_gain":0,"player_choice":"1 cards matched","damage_taken":0,"max_hp_gain":0,"max_hp_loss":0,"event_name":"Match and Keep!","floor":13,"gold_loss":0,"cards_obtained":["After Image"]},{"damage_healed":0,"gold_gain":0,"player_choice":"Ignored","damage_taken":0,"max_hp_gain":0,"max_hp_loss":0,"event_name":"Liars Game","floor":14,"gold_loss":0},{"damage_healed":0,"gold_gain":0,"player_choice":"Fight","damage_taken":0,"max_hp_gain":0,"max_hp_loss":0,"event_name":"Colosseum","floor":19,"gold_loss":0},{"damage_healed":0,"gold_gain":0,"player_choice":"Fled From Nobs","damage_taken":0,"max_hp_gain":0,"max_hp_loss":0,"event_name":"Colosseum","floor":19,"gold_loss":0},{"damage_healed":0,"gold_gain":0,"player_choice":"Obtained Relic","damage_taken":0,"relics_obtained":["Potion Belt"],"max_hp_gain":0,"max_hp_loss":0,"event_name":"Addict","floor":20,"gold_loss":85},{"damage_healed":0,"gold_gain":0,"player_choice":"","damage_taken":7,"max_hp_gain":0,"max_hp_loss":0,"event_name":"Knowing Skull","floor":28,"potions_obtained":[],"gold_loss":0,"cards_obtained":[]},{"damage_healed":0,"gold_gain":0,"player_choice":"Opened","damage_taken":0,"relics_obtained":["Matryoshka"],"max_hp_gain":0,"max_hp_loss":0,"event_name":"The Mausoleum","floor":31,"gold_loss":0,"cards_obtained":["Writhe"]}],"is_beta":false,"boss_relics":[{"not_picked":["Runic Pyramid","Runic Dome"],"picked":"Lizard Tail"}],"items_purged_floors":[12,30],"is_endless":false,"potions_floor_spawned":[2,7,10,16,21,27,29],"killed_by":"Automaton","ascension_level":0}