{"gold_per_floor":[20,120,137,45,45,45,61,136,213,228,228,255,267,297,297,392,392,409,27,27,47,72,72,98,98,98,117,43,43,71,81,81,81],"floor_reached":33,"playtime":1127,"items_purged":[],"score":440,"play_id":"349bdf93-e99e-4297-993e-3bb8961e1fb8","local_time":"20190206104941","is_ascension_mode":true,"campfire_choices":[{"data":"Neutralize","floor":6.0,"key":"SMITH"},{"data":"Finisher","floor":11.0,"key":"SMITH"},{"floor":15.0,"key":"REST"},{"data":"Phantasmal Killer","floor":23.0,"key":"SMITH"},{"floor":25.0,"key":"REST"},{"floor":32,"key":"REST"}],"neow_cost":"NO_GOLD","seed_source_timestamp":286507708596803,"circlet_count":0,"master_deck":["AscendersBane","Defend_G","Defend_G","Defend_G","Defend_G","Strike_G","Strike_G","Strike_G","Strike_G","Strike_G","Survivor","Neutralize+1","Slice","Finisher+1","Finesse","Dagger Spray","Storm of Steel","Dash","Backflip","Footwork","Phantasmal Killer+1","Infinite Blades","Outmaneuver","Endless Agony","Backstab","Well Laid Plans","Cloak And Dagger"],"special_seed":0,"relics":["Ring of the Snake","Peace Pipe","Darkstone Periapt","Art of War","Shuriken","Black Star","Ice Cream","Oddly Smooth Stone","Regal Pillow","Mummified Hand","Prayer Wheel","Turnip","Bottled Tornado","Ginger"],"potions_floor_usage":[31],"damage_taken":[{"damage":0.0,"enemies":"2 Louse","floor":1.0,"turns":3.0},{"damage":0.0,"enemies":"Cultist","floor":3.0,"turns":4.0},{"damage":0.0,"enemies":"Small Slimes","floor":7.0,"turns":3.0},{"damage":4.0,"enemies":"Exordium Thugs","floor":10.0,"turns":2.0},{"damage":18.0,"enemies":"3 Sentries","floor":12.0,"turns":6.0},{"damage":0.0,"enemies":"Lots of Slimes","floor":13.0,"turns":3.0},{"damage":22.0,"enemies":"Lagavulin","floor":14.0,"turns":10.0},{"damage":35.0,"enemies":"Hexaghost","floor":16.0,"turns":10.0},{"damage":7.0,"enemies":"3 Byrds","floor":18.0,"turns":4.0},{"damage":10.0,"enemies":"Shell Parasite","floor":21.0,"turns":5.0},{"damage":17.0,"enemies":"Book of Stabbing","floor":24.0,"turns":4.0},{"damage":20.0,"enemies":"Snake Plant","floor":27.0,"turns":6.0},{"damage":18.0,"enemies":"Gremlin Leader","floor":30.0,"turns":7.0},{"damage":0,"enemies":"Sentry and Sphere","floor":31,"turns":1},{"damage":71,"enemies":"Automaton","floor":33,"turns":6}],"seed_played":"-6817364101158728362","potions_obtained":[{"floor":10.0,"key":"Fire Potion"},{"floor":12.0,"key":"GhostInAJar"},{"floor":13.0,"key":"Regen Potion"},{"floor":16.0,"key":"SteroidPotion"},{"floor":24.0,"key":"EssenceOfSteel"},{"floor":30.0,"key":"SteroidPotion"}],"is_trial":false,"path_per_floor":["M","?","M","$","?","R","M","?","T","M","R","E","M","E","R","B",null,"M","$","?","M","T","R","E","R","T","M","$","?","E","M","R","B"],"character_chosen":"THE_SILENT","items_purchased":["Finesse","Ice Cream","Infinite Blades","Backstab"],"campfire_rested":3,"item_purchase_floors":[4,19,19,28],"current_hp_per_floor":[63,63,63,63,56,56,56,45,45,41,41,23,23,16,37,2,53,46,46,46,36,36,36,19,55,55,35,35,35,17,17,53,0],"gold":81,"neow_bonus":"ONE_RARE_RELIC","is_prod":false,"is_daily":false,"chose_seed":false,"campfire_upgraded":3,"win_rate":0,"timestamp":1549446581,"path_taken":["M","?","?","?","?","R","M","?","T","M","R","E","M","E","R","BOSS","M","$","?","M","?","R","E","R","T","?","$","?","E","M","R","BOSS"],"build_version":"2019-01-23","purchased_purges":0,"victory":false,"max_hp_per_floor":[70,70,70,70,70,70,70,70,70,70,70,70,70,70,70,70,70,70,70,70,70,70,70,70,70,70,70,70,70,70,70,70,70],"card_choices":[{"not_picked":["Deflect","Tactician"],"picked":"Slice","floor":1.0},{"not_picked":["Dagger Spray","Deflect"],"picked":"Finisher","floor":3.0},{"not_picked":["Deadly Poison","Outmaneuver"],"picked":"Dagger Spray","floor":7.0},{"not_picked":["Sucker Punch","Quick Slash"],"picked":"Storm of Steel","floor":10.0},{"not_picked":["Underhanded Strike","Blade Dance"],"picked":"Dash","floor":12.0},{"not_picked":["Dagger Throw","Acrobatics"],"picked":"Backflip","floor":13.0},{"not_picked":["Slice","Bane"],"picked":"Footwork","floor":14.0},{"not_picked":["Grand Finale","Bullet Time"],"picked":"Phantasmal Killer","floor":16.0},{"not_picked":["Sucker Punch","Dagger Spray","Blur"],"picked":"SKIP","floor":18.0},{"not_picked":["Bouncing Flask","Tactician"],"picked":"Outmaneuver","floor":21.0},{"not_picked":["Flying Knee+1","Quick Slash"],"picked":"Endless Agony","floor":24.0},{"not_picked":["Dagger Spray+1","Setup"],"picked":"Masterful Stab+1","floor":27.0},{"not_picked":["Prepared","Backflip","Reflex"],"picked":"SKIP","floor":27.0},{"not_picked":["Crippling Poison","A Thousand Cuts"],"picked":"Well Laid Plans","floor":30.0},{"not_picked":["Blur","Sucker Punch"],"picked":"Cloak And Dagger","floor":31},{"not_picked":["Prepared","Eviscerate","Sucker Punch"],"picked":"SKIP","floor":31}],"player_experience":993434,"relics_obtained":[{"floor":9.0,"key":"Darkstone Periapt"},{"floor":12.0,"key":"Art of War"},{"floor":14.0,"key":"Shuriken"},{"floor":22.0,"key":"Oddly Smooth Stone"},{"floor":24.0,"key":"Regal Pillow"},{"floor":24.0,"key":"Mummified Hand"},{"floor":26.0,"key":"Prayer Wheel"},{"floor":30.0,"key":"Bottled Tornado"},{"floor":30.0,"key":"Ginger"}],"event_choices":[{"damage_healed":0.0,"max_hp_gain":0.0,"max_hp_loss":0.0,"gold_gain":100.0,"event_name":"Golden Shrine","player_choice":"Pray","floor":2.0,"gold_loss":0.0,"damage_taken":0.0},{"cards_removed":["Defend_G"],"damage_healed":0.0,"max_hp_gain":0.0,"max_hp_loss":0.0,"gold_gain":0.0,"event_name":"Golden Wing","player_choice":"Card Removal","floor":5.0,"gold_loss":0.0,"damage_taken":7.0},{"damage_healed":0.0,"max_hp_gain":0.0,"max_hp_loss":0.0,"gold_gain":75.0,"event_name":"World of Goop","player_choice":"Gather Gold","floor":8.0,"gold_loss":0.0,"damage_taken":11.0},{"damage_healed":0.0,"max_hp_gain":0.0,"max_hp_loss":0.0,"gold_gain":0.0,"event_name":"Ghosts","player_choice":"Ignored","floor":20.0,"gold_loss":0.0,"damage_taken":0.0},{"cards_removed":["Masterful Stab"],"damage_healed":0.0,"max_hp_gain":0.0,"max_hp_loss":0.0,"gold_gain":0.0,"event_name":"WeMeetAgain","player_choice":"Gave Card","floor":29.0,"gold_loss":0.0,"damage_taken":0.0,"relics_obtained":["Turnip"]}],"is_beta":false,"boss_relics":[{"not_picked":["Busted Crown","Runic Dome"],"picked":"Black Star"}],"items_purged_floors":[],"is_endless":false,"potions_floor_spawned":[10,12,13,16,24,30],"killed_by":"Automaton","ascension_level":10}