{"gold_per_floor":[116,127,127,137,212,212,227,227,254,254,62,78,98,98,98,196,196,213,213,123,141,141],"floor_reached":22,"playtime":19704,"items_purged":["Strike_G"],"score":276,"play_id":"c7f32a26-3f95-413f-8c7b-4fd9ee8e70ee","local_time":"20190220030753","is_ascension_mode":false,"campfire_choices":[{"data":"Noxious Fumes","floor":6,"key":"SMITH"},{"data":"Neutralize","floor":8,"key":"SMITH"},{"data":"Forethought","floor":10,"key":"SMITH"},{"data":"Noxious Fumes","floor":15,"key":"SMITH"}],"neow_cost":"NONE","seed_source_timestamp":15665440594751,"circlet_count":0,"master_deck":["Defend_G","Defend_G","Defend_G","Defend_G","Defend_G","Strike_G+1","Strike_G","Strike_G+1","Survivor+1","Neutralize+1","Forethought+1","Dodge and Roll","Backflip","Noxious Fumes+1","Crippling Poison","Noxious Fumes+1","Bouncing Flask","Blur","Night Terror","Riddle With Holes+1","Expertise"],"special_seed":0,"relics":["Ring of the Snake","Boot","Sozu"],"potions_floor_usage":[16,16,19],"damage_taken":[{"damage":0,"enemies":"Cultist","floor":1,"turns":4},{"damage":0,"enemies":"2 Louse","floor":2,"turns":3},{"damage":0,"enemies":"Small Slimes","floor":4,"turns":4},{"damage":1,"enemies":"2 Fungi Beasts","floor":7,"turns":5},{"damage":0,"enemies":"Looter","floor":12,"turns":4},{"damage":0,"enemies":"Red Slaver","floor":13,"turns":4},{"damage":17,"enemies":"Hexaghost","floor":16,"turns":8},{"damage":7,"enemies":"Chosen","floor":18,"turns":5},{"damage":30,"enemies":"Colosseum Slavers","floor":19,"turns":6},{"damage":25,"enemies":"2 Thieves","floor":21,"turns":5},{"damage":8,"enemies":"Snake Plant","floor":22,"turns":2}],"seed_played":"2494846056396897821","potions_obtained":[{"floor":1,"key":"AttackPotion"},{"floor":4,"key":"Energy Potion"},{"floor":13,"key":"Fire Potion"}],"is_trial":false,"path_per_floor":["M","M","?","M","?","R","M","R","T","R","$","M","M","?","R","B",null,"M","?","?","M","M"],"character_chosen":"THE_SILENT","items_purchased":["Noxious Fumes","Bouncing Flask"],"campfire_rested":0,"item_purchase_floors":[11,11],"current_hp_per_floor":[70,70,56,56,45,45,44,44,44,44,44,44,44,67,67,50,70,63,33,33,8,0],"gold":141,"neow_bonus":"RANDOM_COLORLESS","is_prod":false,"is_daily":false,"chose_seed":false,"campfire_upgraded":4,"win_rate":0,"timestamp":1550653673,"path_taken":["M","M","?","M","?","R","M","R","T","R","$","M","M","?","R","BOSS","M","?","?","?","M"],"build_version":"2019-01-23","purchased_purges":1,"victory":false,"max_hp_per_floor":[70,70,70,70,70,70,70,70,70,70,70,70,70,70,70,70,70,70,70,70,70,70],"card_choices":[{"not_picked":["Poisoned Stab","Bane"],"picked":"Dodge and Roll","floor":1},{"not_picked":["Dagger Throw","Acrobatics"],"picked":"Backflip","floor":2},{"not_picked":["Deadly Poison","Backflip"],"picked":"Noxious Fumes","floor":4},{"not_picked":["PiercingWail","Bullet Time"],"picked":"Crippling Poison","floor":7},{"not_picked":["Dodge and Roll","Bane"],"picked":"Blur","floor":12},{"not_picked":["PiercingWail","Reflex","Dodge and Roll"],"picked":"SKIP","floor":13},{"not_picked":["Unload","Grand Finale"],"picked":"Night Terror","floor":16},{"not_picked":["Escape Plan+1","Prepared"],"picked":"Riddle With Holes+1","floor":18},{"not_picked":["Dagger Throw","Poisoned Stab"],"picked":"Expertise","floor":21}],"player_experience":893977,"relics_obtained":[{"floor":9,"key":"Boot"}],"event_choices":[{"damage_healed":0,"gold_gain":0,"player_choice":"Entered Light","damage_taken":14,"max_hp_gain":0,"max_hp_loss":0,"event_name":"Shining Light","floor":3,"gold_loss":0,"cards_upgraded":["Strike_G","Strike_G"]},{"damage_healed":0,"gold_gain":75,"player_choice":"Gather Gold","damage_taken":11,"max_hp_gain":0,"max_hp_loss":0,"event_name":"World of Goop","floor":5,"gold_loss":0},{"damage_healed":23,"gold_gain":0,"player_choice":"Banana","damage_taken":0,"max_hp_gain":0,"max_hp_loss":0,"event_name":"Big Fish","floor":14,"gold_loss":0},{"damage_healed":0,"gold_gain":0,"player_choice":"Fight","damage_taken":0,"max_hp_gain":0,"max_hp_loss":0,"event_name":"Colosseum","floor":19,"gold_loss":0},{"damage_healed":0,"gold_gain":0,"player_choice":"Fled From Nobs","damage_taken":0,"max_hp_gain":0,"max_hp_loss":0,"event_name":"Colosseum","floor":19,"gold_loss":0},{"cards_removed":["Strike_G"],"damage_healed":0,"gold_gain":0,"player_choice":"Upgrade and Remove","damage_taken":0,"max_hp_gain":0,"max_hp_loss":0,"event_name":"Designer","floor":20,"gold_loss":90,"cards_upgraded":["Survivor"]}],"is_beta":false,"boss_relics":[{"not_picked":["Velvet Choker","Eternal Feather"],"picked":"Sozu"}],"items_purged_floors":[11],"is_endless":false,"potions_floor_spawned":[1,4,13,19,21],"killed_by":"Snake Plant","ascension_level":0}