{"path_per_floor":["M","M","?","M","$","R","M","R","T","M","M","M","E","M","R","B",null,"M","M","T","?","?","R","?","$","T","T","M","R","$","M","R","B",null,"M","M","$","?","?","R","T","M","T","R","?","R","M","M","R"],"character_chosen":"IRONCLAD","items_purchased":["Demon Form","Metallicize","Perfected Strike","Madness","Inflame","Infernal Blade"],"gold_per_floor":[114,129,129,144,7,7,24,24,24,36,50,70,95,109,109,212,212,224,234,286,286,286,286,286,21,75,75,93,93,23,43,43,144,144,161,179,3,55,55,55,55,70,70,70,70,70,83,101,101],"floor_reached":50,"campfire_rested":4,"playtime":3578,"current_hp_per_floor":[78,80,80,72,72,72,56,56,56,32,30,34,14,9,33,30,80,25,15,15,15,15,39,39,39,39,39,37,37,37,26,50,43,80,80,77,77,45,45,45,59,37,37,65,55,55,55,17,17],"items_purged":["Writhe","Decay"],"gold":101,"play_id":"d1e968d0-26b0-44cd-92fa-f9b8e3c00d94","is_prod":false,"is_daily":false,"is_ascension_mode":false,"campfire_upgraded":6,"path_taken":["M","?","?","M","$","R","M","R","T","M","M","M","E","?","R","BOSS","M","M","?","?","?","R","?","$","T","?","M","R","$","M","R","BOSS","M","M","$","?","?","R","?","?","T","R","?","R","M","M","R","BOSS"],"build_version":"2018-02-01-PROD1","purchased_purges":2,"victory":false,"master_deck":["Strike_R","Strike_R","Strike_R","Strike_R","Defend_R","Defend_R","Defend_R","Defend_R","Bash","Perfected Strike","Anger+1","Anger","Demon Form+1","Flex","Intimidate","Anger","Rage","Flex","Armaments","Barricade+1","Pommel Strike","Shrug It Off","Shockwave","Perfected Strike","Body Slam","Iron Wave+1","Iron Wave","Metallicize+1","Perfected Strike","Madness","Flex+1","Inflame","Juggernaut","Reaper","Battle Trance+1","Shrug It Off+1","Infernal Blade","Shrug It Off","Fire Breathing+1","Madness","Madness","Shrug It Off","Fire Breathing+1"],"max_hp_per_floor":[80,80,80,80,80,80,80,80,80,80,80,80,80,80,80,80,80,80,80,80,80,80,80,80,80,80,80,80,80,80,80,80,80,80,80,80,80,80,80,80,94,94,94,94,94,94,94,94,94],"relics":["Burning Blood","Red Skull","Pantograph","Orichalcum","Orrery","Bronze Scales","Matryoshka","Oddly Smooth Stone","Happy Flower","Mercury Hourglass","Magic Flower","Sozu","Unceasing Top","Mango","Peace Pipe"],"card_choices":[{"not_picked":["Body Slam","Warcry"],"picked":"Perfected Strike"},{"not_picked":["Headbutt","True Grit"],"picked":"Anger"},{"not_picked":["Combust","Sword Boomerang"],"picked":"Anger"},{"not_picked":["Body Slam","Pommel Strike"],"picked":"Flex"},{"not_picked":["Clash","Perfected Strike"],"picked":"Intimidate"},{"not_picked":["Perfected Strike","Warcry"],"picked":"Anger"},{"not_picked":["Sword Boomerang","Reckless Charge"],"picked":"Rage"},{"not_picked":["Blood for Blood","Dark Embrace"],"picked":"Flex"},{"not_picked":["Twin Strike","Disarm"],"picked":"Armaments"},{"not_picked":["Berserk","Demon Form"],"picked":"Barricade"},{"not_picked":["Warcry","Cleave"],"picked":"Pommel Strike"},{"not_picked":["Seeing Red","Iron Wave"],"picked":"Shrug It Off"},{"not_picked":["True Grit","Whirlwind"],"picked":"Shockwave"},{"not_picked":["Hemokinesis","Headbutt"],"picked":"Perfected Strike"},{"not_picked":["Power Through","Dropkick"],"picked":"Body Slam"},{"not_picked":["Hemokinesis","Clash"],"picked":"Iron Wave"},{"not_picked":["Warcry","Cleave"],"picked":"Iron Wave"},{"not_picked":["Armaments","Searing Blow"],"picked":"Flex"},{"not_picked":["Pommel Strike","Cleave"],"picked":"Juggernaut"},{"not_picked":["Fiend Fire","Brutality"],"picked":"Reaper"},{"not_picked":["Shockwave","Bloodletting"],"picked":"Battle Trance"},{"not_picked":["Iron Wave","Clash"],"picked":"Shrug It Off"},{"not_picked":["Infernal Blade","Dual Wield"],"picked":"Shrug It Off"},{"not_picked":["Intimidate","Feel No Pain"],"picked":"Fire Breathing"},{"not_picked":["Warcry","Feel No Pain"],"picked":"Shrug It Off"},{"not_picked":["Warcry","Bloodletting"],"picked":"Fire Breathing"}],"player_experience":2355,"potions_floor_usage":[28],"damage_taken":[{"damage":8.0,"enemies":"Blue Slaver","floor":1.0,"turns":7.0},{"damage":3.0,"enemies":"Cultist","floor":2.0,"turns":3.0},{"damage":14.0,"enemies":"Small Slimes","floor":4.0,"turns":3.0},{"damage":22.0,"enemies":"Exordium Wildlife","floor":7.0,"turns":6.0},{"damage":30.0,"enemies":"Lots of Slimes","floor":10.0,"turns":5.0},{"damage":8.0,"enemies":"Red Slaver","floor":11.0,"turns":2.0},{"damage":2.0,"enemies":"Looter","floor":12.0,"turns":2.0},{"damage":26.0,"enemies":"3 Sentries","floor":13.0,"turns":4.0},{"damage":11.0,"enemies":"2 Fungi Beasts","floor":14.0,"turns":4.0},{"damage":34.0,"enemies":"Hexaghost","floor":16.0,"turns":8.0},{"damage":61,"enemies":"3 Byrds","floor":18,"turns":7},{"damage":16,"enemies":"Shell Parasite","floor":19,"turns":6},{"damage":11,"enemies":"Centurion and Healer","floor":28,"turns":6},{"damage":20,"enemies":"Sentry and Sphere","floor":31,"turns":4},{"damage":46,"enemies":"Champ","floor":33,"turns":12},{"damage":22,"enemies":"3 Shapes","floor":35,"turns":5},{"damage":12,"enemies":"Orb Walker","floor":36,"turns":3},{"damage":41,"enemies":"Mysterious Sphere","floor":38,"turns":6},{"damage":45,"enemies":"4 Shapes","floor":42,"turns":5},{"damage":18,"enemies":"Maw","floor":47,"turns":9},{"damage":59,"enemies":"Sphere and 2 Shapes","floor":48,"turns":6},{"damage":96,"enemies":"Awakened One","floor":50,"turns":5}],"event_choices":[{"event_name":"Liars Game","player_choice":"disagreed","floor":3.0,"damage_taken":0.0},{"event_name":"The Mausoleum","player_choice":"Yes","floor":21,"damage_taken":0},{"event_name":"Forgotten Altar","player_choice":"Smashed Altar","floor":22,"damage_taken":0},{"event_name":"Purifier","player_choice":"One Purge","floor":24,"damage_taken":0},{"event_name":"Mysterious Sphere","player_choice":"Fight","floor":38,"damage_taken":0},{"event_name":"Bonfire Elementals","player_choice":"BASIC","floor":39,"damage_taken":0},{"event_name":"Winding Halls","player_choice":"Embrace Madness","floor":45,"damage_taken":0}],"boss_relics":[{"not_picked":["Tiny House","Runic Cube"],"picked":"Orrery"},{"not_picked":["White Beast Statue","Lizard Tail"],"picked":"Sozu"}],"potions_floor_spawned":[2,4,11,14,16,18,28,31,36,38,42],"seed_played":"-3685017594846483618","killed_by":"Awakened One","ascension_level":0,"is_trial":false}