{"gold_per_floor":[111,186,42,59,72,100,100,100,100,116,116,130,130,142,142,237,237,257,257,257,103,121,121,155,5,32,52,78,89,107,107],"floor_reached":31,"playtime":1517,"items_purged":["Writhe"],"score":296,"play_id":"f2a6daa4-a408-4276-ab0d-292bb6592c42","local_time":"20190317092202","is_ascension_mode":true,"campfire_choices":[{"data":"Spot Weakness","floor":7.0,"key":"SMITH"},{"data":"Bash","floor":13.0,"key":"SMITH"},{"data":"Strike_R","floor":15.0,"key":"SMITH"},{"data":"Pummel","floor":23.0,"key":"SMITH"}],"neow_cost":"NONE","seed_source_timestamp":0,"circlet_count":0,"master_deck":["Strike_R","Strike_R+1","Strike_R+1","Strike_R","Strike_R+1","Defend_R+1","Defend_R+1","Defend_R","Defend_R","Bash+1","Spot Weakness+1","Inflame","Pummel+1","Cleave+1"],"special_seed":0,"relics":["Coffee Dripper","Orichalcum","Pantograph","Bag of Preparation","Singing Bowl","Eternal Feather","War Paint","Ornamental Fan","Lantern","Dream Catcher","Whetstone"],"potions_floor_usage":[],"damage_taken":[{"damage":7.0,"enemies":"Jaw Worm","floor":1.0,"turns":3.0},{"damage":0.0,"enemies":"2 Louse","floor":4.0,"turns":3.0},{"damage":0.0,"enemies":"Cultist","floor":5.0,"turns":3.0},{"damage":1.0,"enemies":"Gremlin Nob","floor":6.0,"turns":3.0},{"damage":9.0,"enemies":"Exordium Wildlife","floor":10.0,"turns":5.0},{"damage":7.0,"enemies":"2 Fungi Beasts","floor":12.0,"turns":3.0},{"damage":8.0,"enemies":"Blue Slaver","floor":14.0,"turns":3.0},{"damage":46.0,"enemies":"The Guardian","floor":16.0,"turns":6.0},{"damage":6.0,"enemies":"Chosen","floor":18.0,"turns":3.0},{"damage":18.0,"enemies":"3 Byrds","floor":22.0,"turns":5.0},{"damage":33.0,"enemies":"Book of Stabbing","floor":24.0,"turns":4.0},{"damage":24,"enemies":"Shelled Parasite and Fungi","floor":27,"turns":3},{"damage":0,"enemies":"Sentry and Sphere","floor":29,"turns":3},{"damage":8,"enemies":"3 Cultists","floor":30,"turns":4},{"damage":20,"enemies":"Centurion and Healer","floor":31,"turns":3}],"seed_played":"-136401995459119262","potions_obtained":[{"floor":4.0,"key":"Dexterity Potion"},{"floor":5.0,"key":"Weak Potion"},{"floor":14.0,"key":"FearPotion"},{"floor":16.0,"key":"Strength Potion"}],"is_trial":false,"path_per_floor":["M","?","$","M","M","E","R","?","T","M","T","M","R","M","R","B",null,"M","?","?","$","M","R","E","$","T","M","T","M","M","M"],"character_chosen":"IRONCLAD","items_purchased":["Orichalcum","Inflame","Lantern"],"campfire_rested":0,"item_purchase_floors":[3,21,25],"current_hp_per_floor":[73,62,62,62,62,61,61,61,61,52,52,47,47,41,41,22,86,82,82,82,82,64,70,37,37,37,15,15,17,11,0],"gold":107,"neow_bonus":"BOSS_RELIC","is_prod":false,"is_daily":false,"chose_seed":false,"campfire_upgraded":4,"win_rate":0,"timestamp":1552774922,"path_taken":["M","?","$","M","M","E","R","?","T","?","?","M","R","M","R","BOSS","M","?","?","$","M","R","E","?","T","M","?","M","M","M"],"build_version":"2019-01-23","purchased_purges":1,"victory":false,"max_hp_per_floor":[80,80,80,80,80,80,80,80,80,80,80,82,82,84,84,86,86,88,88,88,88,88,88,88,88,88,90,90,92,94,94],"card_choices":[{"not_picked":["Heavy Blade","Shrug It Off","Power Through"],"picked":"SKIP","floor":1.0},{"not_picked":["Perfected Strike","Combust","Battle Trance"],"picked":"SKIP","floor":4.0},{"not_picked":["Metallicize","Bloodletting"],"picked":"Spot Weakness","floor":5.0},{"not_picked":["Body Slam","Shrug It Off","Clash"],"picked":"SKIP","floor":6.0},{"not_picked":["Perfected Strike","Headbutt","Corruption"],"picked":"SKIP","floor":10.0},{"not_picked":["Evolve","Second Wind","Havoc"],"picked":"Singing Bowl","floor":12.0},{"not_picked":["Offering","Shrug It Off","Rage"],"picked":"Singing Bowl","floor":14.0},{"not_picked":["Juggernaut","Feed","Fiend Fire"],"picked":"Singing Bowl","floor":16.0},{"not_picked":["Anger","Perfected Strike","Burning Pact+1"],"picked":"Singing Bowl","floor":18.0},{"not_picked":["Thunderclap","Second Wind"],"picked":"Pummel","floor":22.0},{"not_picked":["Clash","Disarm"],"picked":"Cleave+1","floor":24.0},{"not_picked":["Searing Blow","Bloodletting","Rampage"],"picked":"Singing Bowl","floor":27},{"not_picked":["Metallicize","Seeing Red","Havoc"],"picked":"Singing Bowl","floor":29},{"not_picked":["Shrug It Off","Perfected Strike","Warcry+1"],"picked":"Singing Bowl","floor":30}],"player_experience":223492,"relics_obtained":[{"floor":6.0,"key":"Pantograph"},{"floor":9.0,"key":"Bag of Preparation"},{"floor":11.0,"key":"Singing Bowl"},{"floor":24.0,"key":"Ornamental Fan"},{"floor":26.0,"key":"Dream Catcher"},{"floor":28,"key":"Whetstone"}],"event_choices":[{"damage_healed":0.0,"max_hp_gain":0.0,"max_hp_loss":0.0,"gold_gain":75.0,"event_name":"World of Goop","player_choice":"Gather Gold","floor":2.0,"gold_loss":0.0,"damage_taken":11.0},{"damage_healed":0.0,"max_hp_gain":0.0,"max_hp_loss":0.0,"gold_gain":0.0,"event_name":"Purifier","player_choice":"Ignored","floor":8.0,"gold_loss":0.0,"damage_taken":0.0},{"damage_healed":0.0,"max_hp_gain":0.0,"max_hp_loss":0.0,"gold_gain":0.0,"event_name":"The Mausoleum","player_choice":"Opened","floor":19.0,"gold_loss":0.0,"damage_taken":0.0,"relics_obtained":["War Paint"],"cards_obtained":["Writhe"]},{"damage_healed":0.0,"max_hp_gain":0.0,"max_hp_loss":0.0,"gold_gain":0.0,"event_name":"Vampires","player_choice":"Ignored","floor":20.0,"gold_loss":0.0,"damage_taken":0.0}],"is_beta":false,"boss_relics":[{"not_picked":["Orrery","Empty Cage"],"picked":"Eternal Feather"}],"items_purged_floors":[21],"is_endless":false,"potions_floor_spawned":[4,5,14,16,18,24,29],"killed_by":"Centurion and Healer","ascension_level":3}