{"gold_per_floor":[116,132,150,150,202,266,266,266,315,14,14,26,55,73,73,174,174,191,191,191,191,36,69,69,86,140,140,140,171,122,47,47,147,147,159,170,89,89,101,101,136,136,182,200,125,137,168,168,168,168,168,168,45,77,77],"floor_reached":55,"playtime":1998,"items_purged":["Strike_B"],"score":1229,"play_id":"bf64617c-ade0-4ec3-b84f-9f9ad2038ebf","local_time":"20190211013445","is_ascension_mode":true,"campfire_choices":[{"data":"Chaos","floor":7.0,"key":"SMITH"},{"data":"Defragment","floor":11.0,"key":"SMITH"},{"data":"Zap","floor":15.0,"key":"SMITH"},{"data":"Thunder Strike","floor":24.0,"key":"SMITH"},{"floor":27.0,"key":"REST"},{"data":"Dualcast","floor":32.0,"key":"SMITH"},{"data":"Defragment","floor":40.0,"key":"SMITH"},{"floor":42.0,"key":"RECALL"},{"data":"Creative AI","floor":49.0,"key":"SMITH"},{"floor":52.0,"key":"REST"}],"neow_cost":"TEN_PERCENT_HP_LOSS","seed_source_timestamp":684183908804475,"circlet_count":0,"master_deck":["AscendersBane","Zap+1","Dualcast+1","Chaos+1","Ball Lightning","Thunder Strike+1","Defragment+1","Double Energy","Echo Form","Fission+1","Chill+1","Meteor Strike+1","Electrodynamics","Chill","Defragment+1","PanicButton","Tempest+1","Regret","Rainbow","White Noise+1","Creative AI+1","Fusion+1","Leap"],"special_seed":0,"relics":["Cracked Core","Juzu Bracelet","Tiny Chest","Oddly Smooth Stone","Bag of Preparation","Lantern","Blue Candle","Astrolabe","MutagenicStrength","Enchiridion","Orichalcum","Boot","Ancient Tea Set","Incense Burner","Dream Catcher","Cursed Key","FossilizedHelix","Darkstone Periapt","Regal Pillow","Bronze Scales"],"potions_floor_usage":[55,55,55],"damage_taken":[{"damage":0.0,"enemies":"Cultist","floor":1.0,"turns":4.0},{"damage":4.0,"enemies":"Jaw Worm","floor":2.0,"turns":5.0},{"damage":6.0,"enemies":"2 Louse","floor":3.0,"turns":2.0},{"damage":13.0,"enemies":"Lagavulin","floor":6.0,"turns":5.0},{"damage":0.0,"enemies":"Looter","floor":12.0,"turns":3.0},{"damage":10.0,"enemies":"Gremlin Nob","floor":13.0,"turns":3.0},{"damage":0.0,"enemies":"2 Fungi Beasts","floor":14.0,"turns":2.0},{"damage":0.0,"enemies":"The Guardian","floor":16.0,"turns":7.0},{"damage":13.0,"enemies":"2 Thieves","floor":18.0,"turns":3.0},{"damage":8.0,"enemies":"Book of Stabbing","floor":23.0,"turns":3.0},{"damage":0.0,"enemies":"Spheric Guardian","floor":25.0,"turns":1.0},{"damage":0.0,"enemies":"Slavers","floor":29.0,"turns":3.0},{"damage":7.0,"enemies":"Collector","floor":33.0,"turns":3.0},{"damage":3.0,"enemies":"3 Shapes","floor":35.0,"turns":2.0},{"damage":0.0,"enemies":"Orb Walker","floor":36.0,"turns":2.0},{"damage":2.0,"enemies":"Spire Growth","floor":39.0,"turns":3.0},{"damage":0.0,"enemies":"Nemesis","floor":41.0,"turns":3.0},{"damage":0.0,"enemies":"4 Shapes","floor":44.0,"turns":4.0},{"damage":3.0,"enemies":"Maw","floor":46.0,"turns":5.0},{"damage":14.0,"enemies":"Reptomancer","floor":47.0,"turns":4.0},{"damage":33.0,"enemies":"Time Eater","floor":50.0,"turns":5.0},{"damage":4.0,"enemies":"Shield and Spear","floor":54.0,"turns":4.0},{"damage":94,"enemies":"The Heart","floor":55,"turns":3}],"seed_played":"4099455356815811773","potions_obtained":[{"floor":1.0,"key":"Explosive Potion"},{"floor":2.0,"key":"Poison Potion"},{"floor":6.0,"key":"Explosive Potion"},{"floor":18.0,"key":"AttackPotion"},{"floor":23.0,"key":"Regen Potion"},{"floor":29.0,"key":"FearPotion"},{"floor":35.0,"key":"Swift Potion"},{"floor":46.0,"key":"Regen Potion"},{"floor":47.0,"key":"FearPotion"}],"is_trial":false,"path_per_floor":["M","M","M","?","T","E","R","?","T","$","R","M","E","M","R","B",null,"M","?","?","?","$","E","R","M","T","R","T","E","$","?","R","B",null,"M","M","$","?","M","R","E","R","T","M","?","M","E","?","R","B",null,"R","$","E","B"],"character_chosen":"DEFECT","items_purchased":["Defragment","Lantern","Orichalcum","PowerPotion","Defragment","EssenceOfSteel","Leap"],"campfire_rested":2,"item_purchase_floors":[10,10,22,30,37,53,53],"current_hp_per_floor":[68,64,58,51,51,38,38,31,31,31,31,31,21,21,21,21,56,43,43,43,27,27,19,19,19,19,39,39,39,39,39,39,32,59,56,56,56,56,54,54,54,54,54,54,54,51,42,42,42,9,53,68,68,64,0],"gold":77,"neow_bonus":"REMOVE_TWO","is_prod":false,"is_daily":false,"chose_seed":false,"campfire_upgraded":7,"win_rate":0,"timestamp":1549845285,"path_taken":["M","?","?","?","?","E","R","?","T","$","R","M","E","M","R","BOSS","M","?","?","?","$","E","R","M","T","R","?","E","$","?","R","BOSS","M","M","$","?","M","R","E","R","T","M","?","M","E","?","R","BOSS","R","$","E","BOSS"],"build_version":"2019-01-23","purchased_purges":1,"victory":false,"max_hp_per_floor":[68,68,68,68,68,68,68,68,68,68,68,68,68,68,68,68,68,68,68,68,68,68,68,68,68,68,68,68,68,68,68,68,68,68,68,68,68,68,68,68,68,68,68,68,68,68,68,68,68,68,68,68,68,68,68],"card_choices":[{"not_picked":["Double Energy","Undo"],"picked":"White Noise","floor":1.0},{"not_picked":["Redo","Recycle"],"picked":"Chaos","floor":2.0},{"not_picked":["Turbo","Storm"],"picked":"Ball Lightning","floor":3.0},{"not_picked":["Go for the Eyes","Rainbow"],"picked":"Thunder Strike","floor":6.0},{"not_picked":["Skim","Gash","Sweeping Beam"],"picked":"SKIP","floor":12.0},{"not_picked":["Machine Learning","Hologram"],"picked":"Double Energy","floor":13.0},{"not_picked":["Reprogram","Rebound"],"picked":"Cold Snap","floor":14.0},{"not_picked":["All For One","Reboot"],"picked":"Echo Form","floor":16.0},{"not_picked":["Storm","Sweeping Beam","Go for the Eyes"],"picked":"SKIP","floor":18.0},{"not_picked":["Rebound","Redo","Barrage"],"picked":"SKIP","floor":23.0},{"not_picked":["Gash","Rebound","Beam Cell"],"picked":"SKIP","floor":25.0},{"not_picked":["Hyperbeam","Coolheaded+1","Barrage"],"picked":"SKIP","floor":29.0},{"not_picked":["Buffer","Creative AI"],"picked":"Electrodynamics","floor":33.0},{"not_picked":["Blizzard+1","Turbo+1","Beam Cell+1"],"picked":"SKIP","floor":35.0},{"not_picked":["Sweeping Beam","Compile Driver+1"],"picked":"Chill","floor":36.0},{"not_picked":["Deep Breath","Bandage Up"],"picked":"PanicButton","floor":38.0},{"not_picked":["Echo Form","Cold Snap","Ball Lightning"],"picked":"SKIP","floor":39.0},{"not_picked":["Streamline","Heatsinks+1"],"picked":"Tempest+1","floor":41.0},{"not_picked":["Rebound","Turbo"],"picked":"Rainbow","floor":44.0},{"not_picked":["Consume+1","Barrage"],"picked":"White Noise+1","floor":46.0},{"not_picked":["Rebound+1","Go for the Eyes"],"picked":"Creative AI","floor":47.0},{"not_picked":["Turbo+1","Sweeping Beam+1"],"picked":"Fusion+1","floor":52.0},{"not_picked":["Gash","Go for the Eyes","Ball Lightning+1"],"picked":"SKIP","floor":54.0}],"player_experience":1040630,"relics_obtained":[{"floor":5.0,"key":"Juzu Bracelet"},{"floor":6.0,"key":"Tiny Chest"},{"floor":9.0,"key":"Bag of Preparation"},{"floor":13.0,"key":"Blue Candle"},{"floor":21.0,"key":"Enchiridion"},{"floor":23.0,"key":"Boot"},{"floor":26.0,"key":"Ancient Tea Set"},{"floor":28.0,"key":"Incense Burner"},{"floor":29.0,"key":"Dream Catcher"},{"floor":41.0,"key":"FossilizedHelix"},{"floor":47.0,"key":"Regal Pillow"},{"floor":54.0,"key":"Bronze Scales"}],"event_choices":[{"cards_removed":["Strike_B"],"damage_healed":0.0,"max_hp_gain":0.0,"max_hp_loss":0.0,"gold_gain":0.0,"event_name":"Golden Wing","player_choice":"Card Removal","floor":4.0,"gold_loss":0.0,"damage_taken":7.0},{"damage_healed":0.0,"max_hp_gain":0.0,"max_hp_loss":0.0,"gold_gain":0.0,"event_name":"Scrap Ooze","player_choice":"Success","floor":8.0,"gold_loss":0.0,"damage_taken":7.0,"relics_obtained":["Oddly Smooth Stone"]},{"cards_removed":["Defend_B"],"damage_healed":0.0,"max_hp_gain":0.0,"max_hp_loss":0.0,"gold_gain":0.0,"event_name":"Back to Basics","player_choice":"Elegance","floor":19.0,"gold_loss":0.0,"damage_taken":0.0},{"damage_healed":0.0,"max_hp_gain":0.0,"max_hp_loss":0.0,"gold_gain":0.0,"event_name":"Drug Dealer","player_choice":"Inject Mutagens","floor":20.0,"gold_loss":0.0,"damage_taken":0.0,"relics_obtained":["MutagenicStrength"]},{"damage_healed":0.0,"max_hp_gain":0.0,"max_hp_loss":0.0,"gold_gain":0.0,"event_name":"Cursed Tome","player_choice":"Obtained Book","floor":21.0,"gold_loss":0.0,"damage_taken":16.0},{"cards_removed":["Defend_B"],"damage_healed":0.0,"max_hp_gain":0.0,"max_hp_loss":0.0,"gold_gain":0.0,"event_name":"Beggar","player_choice":"Gave Gold","floor":31.0,"gold_loss":75.0,"damage_taken":0.0},{"damage_healed":0.0,"max_hp_gain":0.0,"max_hp_loss":0.0,"gold_gain":0.0,"event_name":"SensoryStone","player_choice":"Memory 1","floor":38.0,"gold_loss":0.0,"damage_taken":0.0},{"damage_healed":0.0,"max_hp_gain":0.0,"max_hp_loss":0.0,"gold_gain":0.0,"event_name":"WeMeetAgain","player_choice":"Paid Gold","floor":45.0,"gold_loss":75.0,"damage_taken":0.0,"relics_obtained":["Darkstone Periapt"]},{"cards_removed":["White Noise"],"damage_healed":0.0,"max_hp_gain":0.0,"max_hp_loss":0.0,"gold_gain":0.0,"event_name":"Falling","player_choice":"Removed Skill","floor":48.0,"gold_loss":0.0,"damage_taken":0.0}],"is_beta":false,"boss_relics":[{"not_picked":["Runic Dome","Coffee Dripper"],"picked":"Astrolabe"},{"not_picked":["Empty Cage","Fusion Hammer"],"picked":"Cursed Key"}],"items_purged_floors":[10],"is_endless":false,"potions_floor_spawned":[1,2,6,18,23,29,35,46,47],"killed_by":"The Heart","ascension_level":10}