{"gold_per_floor":[362,362,312,326,336,336,353,378,403,117,135,135,85,104,104,104],"floor_reached":16,"playtime":904,"items_purged":["Strike_R","Strike_R"],"score":158,"play_id":"2f72818a-df17-4cf9-bb64-75e4681d90c7","local_time":"20190307230351","is_ascension_mode":true,"campfire_choices":[{"data":"Bash","floor":6,"key":"SMITH"},{"data":"Whirlwind","floor":12,"key":"SMITH"},{"data":"Barricade","floor":15,"key":"SMITH"}],"neow_cost":"TEN_PERCENT_HP_LOSS","seed_source_timestamp":20428109332505,"circlet_count":0,"master_deck":["AscendersBane","Strike_R","Strike_R","Defend_R","Defend_R","Defend_R","Defend_R","Bash+1","Clash","Barricade+1","Pommel Strike","Cleave","Enlightenment","Whirlwind+1"],"relics":["Burning Blood","Art of War","Smiling Mask","Orichalcum"],"potions_floor_usage":[8,8],"damage_taken":[{"damage":0,"enemies":"Small Slimes","floor":1,"turns":3},{"damage":3,"enemies":"Jaw Worm","floor":4,"turns":5},{"damage":14,"enemies":"2 Louse","floor":5,"turns":4},{"damage":14,"enemies":"Blue Slaver","floor":7,"turns":5},{"damage":46,"enemies":"Lagavulin","floor":8,"turns":6},{"damage":8,"enemies":"Lots of Slimes","floor":11,"turns":3},{"damage":7,"enemies":"Large Slime","floor":14,"turns":5},{"damage":22,"enemies":"Slime Boss","floor":16,"turns":6}],"seed_played":"-6380676106224940037","potions_obtained":[{"floor":1,"key":"SteroidPotion"},{"floor":7,"key":"AttackPotion"}],"is_trial":false,"path_per_floor":["M","?","?","M","M","R","M","E","T","$","M","R","$","M","R","B"],"character_chosen":"IRONCLAD","items_purchased":["Orichalcum","Enlightenment"],"campfire_rested":0,"item_purchase_floors":[10,10],"current_hp_per_floor":[72,77,77,77,69,69,61,21,21,21,19,19,19,18,18,0],"gold":104,"neow_bonus":"TWO_FIFTY_GOLD","is_prod":false,"is_daily":false,"chose_seed":false,"campfire_upgraded":3,"win_rate":0,"timestamp":1552017831,"path_taken":["M","?","?","M","M","R","M","E","T","$","M","R","?","M","R","BOSS"],"build_version":"2019-01-23","purchased_purges":2,"victory":false,"max_hp_per_floor":[72,77,77,77,77,77,77,77,77,77,77,77,77,77,77,77],"card_choices":[{"not_picked":["Bloodletting","Havoc"],"picked":"Clash","floor":1},{"not_picked":["Wild Strike","Anger"],"picked":"Barricade","floor":4},{"not_picked":["Wild Strike","Pommel Strike","Anger"],"picked":"SKIP","floor":5},{"not_picked":["Wild Strike","Anger"],"picked":"Pommel Strike","floor":5},{"not_picked":["Wild Strike","Heavy Blade"],"picked":"Cleave","floor":7},{"not_picked":["Sever Soul","Exhume","Corruption"],"picked":"SKIP","floor":8},{"not_picked":["Havoc","Rage"],"picked":"Whirlwind","floor":11},{"not_picked":["Battle Trance","Clothesline","Wild Strike"],"picked":"SKIP","floor":14}],"player_experience":333519,"relics_obtained":[{"floor":8,"key":"Art of War"},{"floor":9,"key":"Smiling Mask"}],"event_choices":[{"damage_healed":0,"gold_gain":0,"player_choice":"Donut","damage_taken":0,"max_hp_gain":5,"max_hp_loss":0,"event_name":"Big Fish","floor":2,"gold_loss":0},{"cards_removed":["Strike_R"],"damage_healed":0,"gold_gain":0,"player_choice":"Card Removal","damage_taken":0,"max_hp_gain":0,"max_hp_loss":0,"event_name":"The Cleric","floor":3,"gold_loss":50}],"is_beta":false,"boss_relics":[],"items_purged_floors":[10,13],"is_endless":false,"potions_floor_spawned":[1,7],"killed_by":"Slime Boss","ascension_level":11}