{"gold_per_floor":[20,20,38,54,67,67,82,110,162,162,187,187,262,187,187,266,266,276,326,326,326,343,343,343],"floor_reached":24,"playtime":678,"items_purged":[],"score":398,"play_id":"5edc9462-7424-4f47-848e-1e0cd063d56b","local_time":"20190127001106","is_ascension_mode":true,"campfire_choices":[{"data":"Cleave","floor":6.0,"key":"SMITH"},{"data":"Fiend Fire","floor":10.0,"key":"SMITH"},{"data":"Bash","floor":12.0,"key":"SMITH"},{"floor":15.0,"key":"REST"},{"data":"Exhume","floor":23.0,"key":"SMITH"}],"neow_cost":"NO_GOLD","seed_source_timestamp":1486799322074680,"circlet_count":0,"master_deck":["AscendersBane","Strike_R","Strike_R","Strike_R","Strike_R","Defend_R","Defend_R","Defend_R","Bash+1","Cleave+1","Shrug It Off","Ghostly Armor","Inflame","Fiend Fire+1","Exhume+1"],"special_seed":0,"relics":["Burning Blood","WarpedTongs","Bottled Flame","Orichalcum","Dodecahedron","Eternal Feather","Vajra"],"potions_floor_usage":[24],"damage_taken":[{"damage":12.0,"enemies":"Small Slimes","floor":1.0,"turns":3.0},{"damage":6.0,"enemies":"Cultist","floor":3.0,"turns":3.0},{"damage":3.0,"enemies":"2 Louse","floor":4.0,"turns":3.0},{"damage":21.0,"enemies":"Looter","floor":5.0,"turns":4.0},{"damage":5.0,"enemies":"2 Fungi Beasts","floor":7.0,"turns":3.0},{"damage":27.0,"enemies":"Lagavulin","floor":8.0,"turns":7.0},{"damage":22.0,"enemies":"3 Sentries","floor":11.0,"turns":8.0},{"damage":32.0,"enemies":"Hexaghost","floor":16.0,"turns":9.0},{"damage":17.0,"enemies":"2 Thieves","floor":18.0,"turns":4.0},{"damage":6.0,"enemies":"Chosen","floor":22.0,"turns":3.0},{"damage":75,"enemies":"Book of Stabbing","floor":24,"turns":5}],"seed_played":"-497660153507219051","potions_obtained":[{"floor":3.0,"key":"SteroidPotion"},{"floor":7.0,"key":"Weak Potion"},{"floor":8.0,"key":"Regen Potion"},{"floor":18.0,"key":"Fire Potion"},{"floor":22.0,"key":"Regen Potion"}],"is_trial":false,"path_per_floor":["M","?","M","M","M","R","M","E","T","R","E","R","?","?","R","B",null,"M","?","?","T","M","R","E"],"character_chosen":"IRONCLAD","items_purchased":[],"campfire_rested":1,"item_purchase_floors":[],"current_hp_per_floor":[62,62,62,65,50,50,51,30,30,30,29,29,18,18,40,14,60,49,49,49,49,49,58,0],"gold":343,"neow_bonus":"REMOVE_TWO","is_prod":false,"is_daily":false,"chose_seed":false,"campfire_upgraded":4,"win_rate":0,"timestamp":1548544266,"path_taken":["M","?","M","?","M","R","M","E","T","R","E","R","?","?","R","BOSS","M","?","?","?","M","R","E"],"build_version":"2019-01-23","purchased_purges":0,"victory":false,"max_hp_per_floor":[75,75,75,75,75,75,75,75,75,75,75,75,75,75,75,75,75,75,75,75,75,75,75,75],"card_choices":[{"not_picked":["Body Slam","Anger"],"picked":"Cleave","floor":1.0},{"not_picked":["Sword Boomerang","Entrench","Cleave"],"picked":"SKIP","floor":3.0},{"not_picked":["Armaments","Clash"],"picked":"Shrug It Off","floor":4.0},{"not_picked":["Shrug It Off","Armaments"],"picked":"Ghostly Armor","floor":5.0},{"not_picked":["Dropkick","Ghostly Armor"],"picked":"Inflame","floor":7.0},{"not_picked":["Perfected Strike","Rampage"],"picked":"Fiend Fire","floor":8.0},{"not_picked":["Armaments","Rupture","Havoc"],"picked":"SKIP","floor":11.0},{"not_picked":["Fiend Fire","Double Tap"],"picked":"Exhume","floor":16.0},{"not_picked":["Twin Strike","Shrug It Off","Heavy Blade"],"picked":"SKIP","floor":18.0},{"not_picked":["Heavy Blade","Warcry","Anger"],"picked":"SKIP","floor":22.0}],"player_experience":942272,"relics_obtained":[{"floor":8.0,"key":"Bottled Flame"},{"floor":9.0,"key":"Orichalcum"},{"floor":11.0,"key":"Dodecahedron"},{"floor":21.0,"key":"Vajra"}],"event_choices":[{"damage_healed":0.0,"max_hp_gain":0.0,"max_hp_loss":0.0,"gold_gain":0.0,"event_name":"Accursed Blacksmith","player_choice":"Rummage","floor":2.0,"gold_loss":0.0,"damage_taken":0.0,"relics_obtained":["WarpedTongs"],"cards_obtained":["Pain"]},{"damage_healed":0.0,"max_hp_gain":0.0,"max_hp_loss":0.0,"gold_gain":75.0,"event_name":"World of Goop","player_choice":"Gather Gold","floor":13.0,"gold_loss":0.0,"damage_taken":11.0},{"cards_removed":["Pain"],"damage_healed":0.0,"max_hp_gain":0.0,"max_hp_loss":0.0,"gold_gain":0.0,"event_name":"The Cleric","player_choice":"Card Removal","floor":14.0,"gold_loss":75.0,"damage_taken":0.0},{"damage_healed":0.0,"max_hp_gain":0.0,"max_hp_loss":0.0,"gold_gain":50.0,"event_name":"Nest","player_choice":"Stole From Cult","floor":19.0,"gold_loss":0.0,"damage_taken":0.0},{"damage_healed":0.0,"max_hp_gain":0.0,"max_hp_loss":0.0,"gold_gain":0.0,"event_name":"Ghosts","player_choice":"Ignored","floor":20.0,"gold_loss":0.0,"damage_taken":0.0}],"is_beta":false,"boss_relics":[{"not_picked":["Black Blood","Coffee Dripper"],"picked":"Eternal Feather"}],"items_purged_floors":[],"is_endless":false,"potions_floor_spawned":[3,7,8,18,22],"killed_by":"Book of Stabbing","ascension_level":19}