{"gold_per_floor":[112,187,19,19,19,19,54,54,54,54,72,72,88,98,98,171,171,171,171,171,171,171,171,171],"floor_reached":24,"playtime":857,"items_purged":[],"score":431,"play_id":"53ce1ce2-4298-4f7b-8c0e-f5ca97d23215","local_time":"20181010112811","is_ascension_mode":true,"campfire_choices":[{"data":"Riddle With Holes","floor":6,"key":"SMITH"},{"data":"Malaise","floor":8,"key":"SMITH"},{"data":"Neutralize","floor":10,"key":"SMITH"},{"data":"Dagger Throw","floor":12,"key":"SMITH"},{"data":"Prepared","floor":15,"key":"SMITH"},{"floor":23,"key":"REST"}],"neow_cost":"NONE","seed_source_timestamp":995784313463690,"circlet_count":0,"master_deck":["Defend_G","Defend_G","Defend_G+1","Defend_G","Defend_G","Strike_G","Strike_G","Strike_G","Strike_G","Strike_G","Survivor+1","Neutralize+1","AscendersBane","Riddle With Holes+1","Malaise+1","Dagger Throw+1","Prepared+1","A Thousand Cuts","Flying Knee+1","Underhanded Strike"],"relics":["Ring of the Snake","NeowsBlessing","Oddly Smooth Stone","Calipers","Pantograph","Ectoplasm"],"potions_floor_usage":[21,22,24],"damage_taken":[{"damage":0,"enemies":"Jaw Worm","floor":1,"turns":1},{"damage":0,"enemies":"Lagavulin","floor":7,"turns":1},{"damage":0,"enemies":"2 Louse","floor":11,"turns":1},{"damage":0,"enemies":"Small Slimes","floor":13,"turns":2},{"damage":5,"enemies":"3 Louse","floor":14,"turns":4},{"damage":20,"enemies":"The Guardian","floor":16,"turns":20},{"damage":0,"enemies":"3 Byrds","floor":18,"turns":4},{"damage":3,"enemies":"Shell Parasite","floor":19,"turns":7},{"damage":18,"enemies":"Shelled Parasite and Fungi","floor":21,"turns":7},{"damage":12,"enemies":"Centurion and Healer","floor":22,"turns":7},{"damage":48,"enemies":"Slavers","floor":24,"turns":7}],"seed_played":"-11340396883147779","potions_obtained":[{"floor":1,"key":"Explosive Potion"},{"floor":14,"key":"FairyPotion"},{"floor":19,"key":"Poison Potion"},{"floor":21,"key":"Ancient Potion"}],"is_trial":false,"path_per_floor":["M","?","$","?","$","R","E","R","T","R","M","R","M","M","R","B",null,"M","M","?","M","M","R"],"character_chosen":"THE_SILENT","items_purchased":["Oddly Smooth Stone"],"campfire_rested":1,"item_purchase_floors":[3],"current_hp_per_floor":[59,48,48,28,28,28,28,28,28,28,28,28,28,23,23,28,57,57,54,54,36,24,43,0],"gold":171,"neow_bonus":"THREE_ENEMY_KILL","is_prod":false,"is_daily":false,"chose_seed":false,"campfire_upgraded":5,"win_rate":0,"timestamp":1539163691,"path_taken":["M","?","$","?","?","R","E","R","T","R","M","R","?","?","R","BOSS","M","M","?","M","M","R","E"],"build_version":"2018-10-04v2","purchased_purges":0,"victory":false,"max_hp_per_floor":[66,66,66,66,66,66,66,66,66,66,66,66,66,66,66,66,66,66,66,66,66,66,66,66],"card_choices":[{"not_picked":["Quick Slash","Caltrops"],"picked":"Riddle With Holes","floor":1},{"not_picked":["Quick Slash","Distraction"],"picked":"Malaise","floor":7},{"not_picked":["Outmaneuver","Crippling Poison"],"picked":"Dagger Throw","floor":11},{"not_picked":["Poisoned Stab","Bane","Sucker Punch"],"picked":"SKIP","floor":13},{"not_picked":["Bouncing Flask","Riddle With Holes"],"picked":"Prepared","floor":14},{"not_picked":["Bullet Time","Malaise"],"picked":"A Thousand Cuts","floor":16},{"not_picked":["PiercingWail+1","Deflect"],"picked":"Flying Knee+1","floor":18},{"not_picked":["Blur","Distraction"],"picked":"Underhanded Strike","floor":19},{"not_picked":["Flying Knee+1","Caltrops","Sucker Punch"],"picked":"SKIP","floor":21},{"not_picked":["Deadly Poison","Bane","Night Terror"],"picked":"SKIP","floor":22}],"player_experience":817566,"relics_obtained":[{"floor":7,"key":"Calipers"},{"floor":9,"key":"Pantograph"}],"event_choices":[{"event_name":"World of Goop","player_choice":"Gather Gold","floor":2,"damage_taken":0},{"event_name":"Shining Light","player_choice":"Entered Light","floor":4,"damage_taken":0},{"event_name":"Nest","player_choice":"Stole From Cult","floor":20,"damage_taken":0}],"is_beta":false,"boss_relics":[{"not_picked":["HoveringKite","Runic Dome"],"picked":"Ectoplasm"}],"items_purged_floors":[],"is_endless":false,"potions_floor_spawned":[1,14,19,21],"killed_by":"Slavers","ascension_level":19}