{"gold_per_floor":[114,114,131,146,116,116,82,98,168,186,201,216,251,268,268,363,363,374,374,384,384,395,395,395,406,406,416,428,440,453,40,40,143,143,158,171,271,18,18,18,18,36,36,36,36,56,56,70,70,70,70,70,3,28,28],"floor_reached":55,"playtime":4621,"items_purged":[],"score":684,"play_id":"09a1e0f1-8385-4f2a-bd08-df2a2c961c47","local_time":"20190101024600","is_ascension_mode":false,"campfire_choices":[{"data":"Neutralize","floor":6,"key":"SMITH"},{"floor":15,"key":"DIG"},{"floor":23,"key":"DIG"},{"floor":32,"key":"REST"},{"floor":40,"key":"DIG"},{"floor":45,"key":"RECALL"},{"floor":49,"key":"DIG"},{"floor":52,"key":"DIG"}],"neow_cost":"NONE","seed_source_timestamp":41552402565431,"circlet_count":0,"master_deck":["Defend_G+1","Defend_G+1","Defend_G+1","Defend_G+1","Defend_G+1","Strike_G+1","Strike_G+1","Strike_G+1","Strike_G+1","Survivor","Neutralize+1","Terror","Blur","PiercingWail","Dash","Accuracy","Bouncing Flask","Tools of the Trade","Necronomicurse","Infinite Blades+1","Cloak And Dagger","Noxious Fumes","Bouncing Flask+1","Infinite Blades","Footwork","Cloak And Dagger","After Image","Cloak And Dagger+1","Iron Wave","Dash","Quick Slash+1","After Image","Footwork"],"relics":["Ring of the Snake","Ninja Scroll","Shovel","PreservedInsect","WristBlade","Necronomicon","Smiling Mask","Bronze Scales","Incense Burner","Philosopher\u0027s Stone","Girya","Pantograph","Darkstone Periapt","Tough Bandages","Pear","Boot"],"potions_floor_usage":[13,16,20,27,29,54,55,55,55],"damage_taken":[{"damage":0,"enemies":"Small Slimes","floor":1,"turns":6},{"damage":2,"enemies":"Jaw Worm","floor":3,"turns":4},{"damage":0,"enemies":"2 Louse","floor":4,"turns":4},{"damage":0,"enemies":"Looter","floor":5,"turns":4},{"damage":0,"enemies":"Exordium Thugs","floor":7,"turns":6},{"damage":3,"enemies":"Red Slaver","floor":8,"turns":4},{"damage":0,"enemies":"Blue Slaver","floor":10,"turns":4},{"damage":0,"enemies":"Exordium Thugs","floor":11,"turns":5},{"damage":0,"enemies":"Red Slaver","floor":12,"turns":2},{"damage":1,"enemies":"3 Sentries","floor":13,"turns":8},{"damage":1,"enemies":"Lots of Slimes","floor":14,"turns":3},{"damage":38,"enemies":"Hexaghost","floor":16,"turns":10},{"damage":0,"enemies":"Shell Parasite","floor":18,"turns":8},{"damage":0,"enemies":"Chosen","floor":20,"turns":4},{"damage":39,"enemies":"Sentry and Sphere","floor":22,"turns":10},{"damage":5,"enemies":"Centurion and Healer","floor":25,"turns":5},{"damage":0,"enemies":"Cultist and Chosen","floor":27,"turns":5},{"damage":12,"enemies":"Snake Plant","floor":28,"turns":4},{"damage":1,"enemies":"Centurion and Healer","floor":29,"turns":6},{"damage":2,"enemies":"Cultist and Chosen","floor":30,"turns":5},{"damage":22,"enemies":"Automaton","floor":33,"turns":10},{"damage":4,"enemies":"Orb Walker","floor":35,"turns":4},{"damage":0,"enemies":"3 Shapes","floor":36,"turns":4},{"damage":2,"enemies":"Mind Bloom Boss Battle","floor":37,"turns":6},{"damage":1,"enemies":"Sphere and 2 Shapes","floor":42,"turns":6},{"damage":15,"enemies":"Spire Growth","floor":46,"turns":5},{"damage":0,"enemies":"3 Darklings","floor":48,"turns":5},{"damage":37,"enemies":"Awakened One","floor":50,"turns":15},{"damage":30,"enemies":"Shield and Spear","floor":54,"turns":7},{"damage":82,"enemies":"The Heart","floor":55,"turns":5}],"seed_played":"4648103764726421743","potions_obtained":[{"floor":4,"key":"PowerPotion"},{"floor":7,"key":"Explosive Potion"},{"floor":10,"key":"Strength Potion"},{"floor":11,"key":"Fire Potion"},{"floor":14,"key":"Ancient Potion"},{"floor":20,"key":"Explosive Potion"},{"floor":27,"key":"Weak Potion"},{"floor":33,"key":"SkillPotion"},{"floor":35,"key":"Block Potion"},{"floor":54,"key":"Ancient Potion"}],"is_trial":false,"path_per_floor":["M","?","M","M","M","R","M","M","T","M","M","M","E","M","R","B",null,"M","?","M","?","M","R","?","M","T","M","M","M","M","$","R","B",null,"M","M","?","$","?","R","$","M","T","$","R","M","?","M","R","B",null,"R","$","E","B"],"character_chosen":"THE_SILENT","items_purchased":["Footwork","Incense Burner","Cloak And Dagger","Pantograph","Footwork"],"campfire_rested":1,"item_purchase_floors":[31,31,31,38,53],"current_hp_per_floor":[77,70,68,68,68,68,68,65,65,65,65,65,64,63,63,25,77,77,61,61,61,22,22,22,17,17,17,5,4,2,2,25,3,77,73,73,71,71,71,71,71,70,70,70,70,55,55,55,55,40,77,87,87,57,0],"gold":28,"neow_bonus":"TEN_PERCENT_HP_BONUS","is_prod":false,"is_daily":false,"chose_seed":false,"campfire_upgraded":1,"win_rate":0,"timestamp":1546281960,"path_taken":["M","?","M","M","M","R","M","M","T","M","M","M","E","M","R","BOSS","M","?","M","?","M","R","?","M","T","M","M","M","M","$","R","BOSS","M","M","?","$","?","R","$","?","T","?","R","M","?","M","R","BOSS","R","$","E","BOSS"],"build_version":"2018-12-20","purchased_purges":0,"victory":false,"max_hp_per_floor":[77,77,77,77,77,77,77,77,77,77,77,77,77,77,77,77,77,77,77,77,77,77,77,77,77,77,77,77,77,77,77,77,77,77,77,77,77,77,77,77,77,77,77,77,77,77,77,77,77,77,77,87,87,87,87],"card_choices":[{"not_picked":["Poisoned Stab","Calculated Gamble"],"picked":"Terror","floor":1},{"not_picked":["Dagger Spray","Dodge and Roll"],"picked":"Blur","floor":3},{"not_picked":["Bane","Quick Slash"],"picked":"PiercingWail","floor":4},{"not_picked":["Blade Dance","Deflect"],"picked":"Dash","floor":5},{"not_picked":["Choke","Wraith Form v2","Dagger Throw"],"picked":"SKIP","floor":7},{"not_picked":["Poisoned Stab","Finisher","Deadly Poison"],"picked":"SKIP","floor":8},{"not_picked":["Bane","Calculated Gamble","Deadly Poison"],"picked":"SKIP","floor":10},{"not_picked":["Dagger Throw","Terror","Eviscerate"],"picked":"SKIP","floor":11},{"not_picked":["Riddle With Holes","Flying Knee"],"picked":"Dagger Spray","floor":12},{"not_picked":["Sucker Punch","Prepared"],"picked":"Accuracy","floor":13},{"not_picked":["Poisoned Stab","Night Terror"],"picked":"Bouncing Flask","floor":14},{"not_picked":["Wraith Form v2","Bullet Time"],"picked":"Tools of the Trade","floor":16},{"not_picked":["Setup","Slice","Bouncing Flask"],"picked":"SKIP","floor":18},{"not_picked":["Underhanded Strike","Quick Slash","Blur"],"picked":"SKIP","floor":20},{"not_picked":["Predator","Bane+1"],"picked":"Infinite Blades+1","floor":22},{"not_picked":["Slice","Quick Slash"],"picked":"Cloak And Dagger","floor":25},{"not_picked":["Outmaneuver","Dagger Throw","Deflect"],"picked":"SKIP","floor":27},{"not_picked":["Bane+1","Dagger Throw"],"picked":"Noxious Fumes","floor":28},{"not_picked":["Bane+1","Terror"],"picked":"Bouncing Flask+1","floor":29},{"not_picked":["Outmaneuver+1","Deadly Poison"],"picked":"Infinite Blades","floor":30},{"not_picked":["Malaise","Die Die Die"],"picked":"After Image","floor":33},{"not_picked":["Calculated Gamble+1","Dagger Spray+1","Flying Knee"],"picked":"SKIP","floor":35},{"not_picked":["Flying Knee+1","Outmaneuver+1"],"picked":"Cloak And Dagger+1","floor":36},{"not_picked":["Dagger Spray+1","Well Laid Plans+1"],"picked":"Dash","floor":42},{"not_picked":["Underhanded Strike","Blur"],"picked":"Quick Slash+1","floor":46},{"not_picked":["Backflip+1","PiercingWail+1"],"picked":"After Image","floor":48},{"not_picked":["Sucker Punch+1","Flying Knee+1","Deadly Poison"],"picked":"SKIP","floor":54}],"player_experience":293996,"relics_obtained":[{"floor":9,"key":"Ninja Scroll"},{"floor":13,"key":"Shovel"},{"floor":15,"key":"PreservedInsect"},{"floor":19,"key":"Necronomicon"},{"floor":23,"key":"Smiling Mask"},{"floor":26,"key":"Bronze Scales"},{"floor":37,"key":"Girya"},{"floor":40,"key":"Darkstone Periapt"},{"floor":49,"key":"Tough Bandages"},{"floor":52,"key":"Pear"},{"floor":54,"key":"Boot"}],"event_choices":[{"cards_removed":["Strike_G"],"damage_healed":0,"gold_gain":0,"player_choice":"Card Removal","damage_taken":7,"max_hp_gain":0,"max_hp_loss":0,"event_name":"Golden Wing","floor":2,"gold_loss":0},{"damage_healed":0,"gold_gain":0,"player_choice":"Obtained Book","damage_taken":16,"max_hp_gain":0,"max_hp_loss":0,"event_name":"Cursed Tome","floor":19,"gold_loss":0},{"damage_healed":0,"gold_gain":0,"player_choice":"Simplicity","damage_taken":0,"max_hp_gain":0,"max_hp_loss":0,"event_name":"Back to Basics","floor":21,"gold_loss":0,"cards_upgraded":["Defend_G","Defend_G","Defend_G","Defend_G","Defend_G","Strike_G","Strike_G","Strike_G","Strike_G"]},{"damage_healed":0,"gold_gain":0,"player_choice":"Ignored","damage_taken":0,"max_hp_gain":0,"max_hp_loss":0,"event_name":"Ghosts","floor":24,"gold_loss":0},{"damage_healed":0,"gold_gain":0,"player_choice":"Fight","damage_taken":0,"max_hp_gain":0,"max_hp_loss":0,"event_name":"MindBloom","floor":37,"gold_loss":0},{"cards_removed":["Dagger Spray"],"damage_healed":0,"gold_gain":0,"player_choice":"Took Card","damage_taken":0,"max_hp_gain":0,"max_hp_loss":0,"event_name":"NoteForYourself","floor":39,"gold_loss":0,"cards_obtained":["Iron Wave"]},{"damage_healed":0,"gold_gain":0,"player_choice":"0 cards matched","damage_taken":0,"max_hp_gain":0,"max_hp_loss":0,"event_name":"Match and Keep!","floor":47,"gold_loss":0,"cards_obtained":[]}],"is_beta":false,"boss_relics":[{"not_picked":["Eternal Feather","Orrery"],"picked":"WristBlade"},{"not_picked":["Runic Dome","Black Star"],"picked":"Philosopher\u0027s Stone"}],"items_purged_floors":[],"is_endless":false,"potions_floor_spawned":[4,7,10,11,14,20,27,33,35,36,37,54],"killed_by":"The Heart","ascension_level":0}