{"gold_per_floor":[114,127,202,46,60,60,60,80,80,80,113,38,50,50,50,151,201,186,200,110,129,143,143,159,159,159,159,159,159,170,186,186,287,287],"floor_reached":34,"playtime":2621,"items_purged":["Strike_R"],"score":379,"play_id":"6105383b-6879-4ab5-8439-034478337b8a","local_time":"20190105232431","is_ascension_mode":false,"campfire_choices":[{"data":"Bash","floor":6,"key":"SMITH"},{"data":"Pommel Strike","floor":15,"key":"SMITH"},{"data":"Feed","floor":23,"key":"SMITH"},{"data":"RitualDagger","floor":28,"key":"SMITH"},{"data":"Disarm","floor":32,"key":"SMITH"}],"neow_cost":"NONE","seed_source_timestamp":3269430015950,"circlet_count":0,"master_deck":["Strike_R","Strike_R+1","Defend_R","Defend_R","Defend_R","Defend_R","Bash+1","Pommel Strike+1","Impervious","Rampage","Barricade+1","Body Slam+1","Feed+1","Inflame+1","Metallicize","RitualDagger+1","Disarm+1","Berserk+1"],"relics":["Burning Blood","Oddly Smooth Stone","Kunai","Magic Flower","Tiny House","Blue Candle","Anchor","Frozen Egg 2","Philosopher\u0027s Stone"],"potions_floor_usage":[21,30,33,33],"damage_taken":[{"damage":6,"enemies":"2 Louse","floor":1,"turns":3},{"damage":2,"enemies":"Small Slimes","floor":2,"turns":3},{"damage":0,"enemies":"Cultist","floor":5,"turns":3},{"damage":13,"enemies":"Exordium Thugs","floor":8,"turns":4},{"damage":26,"enemies":"Lagavulin","floor":11,"turns":9},{"damage":0,"enemies":"2 Fungi Beasts","floor":13,"turns":4},{"damage":34,"enemies":"The Guardian","floor":16,"turns":13},{"damage":20,"enemies":"2 Thieves","floor":18,"turns":4},{"damage":10,"enemies":"Chosen","floor":19,"turns":4},{"damage":24,"enemies":"Shelled Parasite and Fungi","floor":21,"turns":11},{"damage":10,"enemies":"Chosen and Byrds","floor":22,"turns":8},{"damage":28,"enemies":"Cultist and Chosen","floor":24,"turns":6},{"damage":5,"enemies":"Snake Plant","floor":30,"turns":3},{"damage":0,"enemies":"Sentry and Sphere","floor":31,"turns":12},{"damage":46,"enemies":"Automaton","floor":33,"turns":16}],"seed_played":"-619975425312585131","potions_obtained":[{"floor":1,"key":"FearPotion"},{"floor":2,"key":"GamblersBrew"},{"floor":16,"key":"Weak Potion"},{"floor":17,"key":"PowerPotion"},{"floor":24,"key":"AttackPotion"},{"floor":31,"key":"SpeedPotion"},{"floor":33,"key":"Explosive Potion"}],"is_trial":false,"path_per_floor":["M","M","?","$","M","R","?","M","T","$","E","$","M","?","R","B",null,"M","M","?","M","M","R","M","T","T","?","R","?","M","M","R","B",null],"character_chosen":"IRONCLAD","items_purchased":["Oddly Smooth Stone"],"campfire_rested":0,"item_purchase_floors":[4],"current_hp_per_floor":[88,88,77,77,83,83,88,81,81,81,61,61,70,63,63,38,98,87,86,86,71,75,75,56,56,56,50,50,50,54,69,69,32,105],"gold":287,"neow_bonus":"TEN_PERCENT_HP_BONUS","is_prod":false,"is_daily":false,"chose_seed":false,"campfire_upgraded":5,"win_rate":0,"timestamp":1546759471,"path_taken":["M","M","?","$","M","R","?","M","T","$","E","$","M","?","R","BOSS","M","M","?","?","M","R","M","?","T","?","R","?","?","M","R","BOSS"],"build_version":"2019-01-03v4","purchased_purges":1,"victory":false,"max_hp_per_floor":[88,88,88,88,88,88,93,93,93,93,93,93,93,93,93,93,98,98,98,98,98,101,101,101,101,101,101,101,101,101,105,105,105,105],"card_choices":[{"not_picked":["Reckless Charge","Searing Blow"],"picked":"Pommel Strike","floor":1},{"not_picked":["Body Slam","Sword Boomerang","Cleave"],"picked":"SKIP","floor":2},{"not_picked":["Power Through","Intimidate","Body Slam"],"picked":"SKIP","floor":5},{"not_picked":["Burning Pact","Clothesline"],"picked":"Impervious","floor":8},{"not_picked":["Headbutt","Combust"],"picked":"Rampage","floor":11},{"not_picked":["Bloodletting","Perfected Strike","Intimidate"],"picked":"SKIP","floor":13},{"not_picked":["Reaper","Juggernaut"],"picked":"Barricade","floor":16},{"not_picked":["Iron Wave","Heavy Blade"],"picked":"Body Slam+1","floor":18},{"not_picked":["Clothesline","Thunderclap","Perfected Strike"],"picked":"SKIP","floor":19},{"not_picked":["Heavy Blade","Flex"],"picked":"Feed","floor":21},{"not_picked":["Bloodletting","Reckless Charge"],"picked":"Inflame+1","floor":22},{"not_picked":["Fire Breathing","Searing Blow"],"picked":"Metallicize","floor":24},{"not_picked":["Flame Barrier","Dropkick","Havoc"],"picked":"SKIP","floor":30},{"not_picked":["Wild Strike","Headbutt"],"picked":"Disarm","floor":31},{"not_picked":["Impervious","Exhume"],"picked":"Berserk+1","floor":33}],"player_experience":311644,"relics_obtained":[{"floor":9,"key":"Kunai"},{"floor":11,"key":"Magic Flower"},{"floor":25,"key":"Blue Candle"},{"floor":26,"key":"Anchor"},{"floor":29,"key":"Frozen Egg 2"}],"event_choices":[{"damage_healed":0,"gold_gain":75,"player_choice":"Gather Gold","damage_taken":11,"max_hp_gain":0,"max_hp_loss":0,"event_name":"World of Goop","floor":3,"gold_loss":0},{"damage_healed":0,"gold_gain":0,"player_choice":"Donut","damage_taken":0,"max_hp_gain":5,"max_hp_loss":0,"event_name":"Big Fish","floor":7,"gold_loss":0},{"cards_removed":["Strike_R"],"damage_healed":0,"gold_gain":0,"player_choice":"Card Removal","damage_taken":7,"max_hp_gain":0,"max_hp_loss":0,"event_name":"Golden Wing","floor":14,"gold_loss":0},{"cards_removed":["Strike_R"],"damage_healed":0,"gold_gain":0,"player_choice":"Upgrade and Remove","damage_taken":0,"max_hp_gain":0,"max_hp_loss":0,"event_name":"Designer","floor":20,"gold_loss":90,"cards_upgraded":["Strike_R"]},{"damage_healed":0,"gold_gain":0,"player_choice":"Joined the Cult","damage_taken":6,"max_hp_gain":0,"max_hp_loss":0,"event_name":"Nest","floor":27,"gold_loss":0,"cards_obtained":["RitualDagger"]},{"damage_healed":0,"gold_gain":0,"player_choice":"Relic","damage_taken":0,"max_hp_gain":0,"max_hp_loss":0,"event_name":"Wheel of Change","floor":29,"gold_loss":0}],"is_beta":false,"boss_relics":[{"not_picked":["Velvet Choker","Runic Cube"],"picked":"Tiny House"},{"not_picked":["Calling Bell","Black Star"],"picked":"Philosopher\u0027s Stone"}],"items_purged_floors":[12],"is_endless":false,"potions_floor_spawned":[1,2,16,24,31,33],"ascension_level":0}