{"gold_per_floor":[109,129,149,149,96,96,121,121,148,168,168,179,197,197,197,299,299,315,315,24,42,42,76,76,111,161,161,189,189,189,205,205,303,303,316,662,132,146,146,172,172,201,201,217,26,26,40,55,55,55],"floor_reached":50,"playtime":2721,"items_purged":[],"score":613,"play_id":"f1fa9153-2e5a-44d2-8302-41f1a670ef44","local_time":"20190317233028","is_ascension_mode":false,"campfire_choices":[{"data":"Catalyst","floor":6,"key":"SMITH"},{"data":"Crippling Poison","floor":11,"key":"SMITH"},{"floor":15,"key":"REST"},{"data":"Outmaneuver","floor":24,"key":"SMITH"},{"data":"Corpse Explosion","floor":27,"key":"SMITH"},{"data":"Deadly Poison","floor":30,"key":"SMITH"},{"data":"Deadly Poison","floor":32,"key":"SMITH"},{"data":"Transmutation","floor":46,"key":"SMITH"},{"data":"Envenom","floor":49,"key":"SMITH"}],"neow_cost":"TEN_PERCENT_HP_LOSS","seed_source_timestamp":396554984553403,"circlet_count":0,"master_deck":["Defend_G","Defend_G","Defend_G","Defend_G","Strike_G+1","Strike_G","Strike_G","Strike_G","Survivor","Neutralize+1","Acrobatics","Catalyst+1","Deadly Poison+1","Poisoned Stab","Reflex","Crippling Poison+1","Backflip","Poisoned Stab","Corpse Explosion+1","Bane","Catalyst+1","Outmaneuver+1","Caltrops","Acrobatics","Sucker Punch+1","Quick Slash","Deadly Poison+1","Infinite Blades","Envenom+1","Caltrops+1","Endless Agony","Transmutation+1","Bandage Up","Riddle With Holes+1","Madness","Madness","Backstab","Outmaneuver+1","Injury","Heel Hook+1","Quick Slash+1"],"relics":["Ring of the Snake","Thread and Needle","Bag of Preparation","PreservedInsect","Ancient Tea Set","Eternal Feather","DollysMirror","MutagenicStrength","Lantern","Happy Flower","Anchor","Red Mask","Cursed Key","Old Coin","Gremlin Horn","Vajra","Blue Candle","Molten Egg 2","Lee\u0027s Waffle"],"potions_floor_usage":[7,16,21,40,40,44,47,50],"damage_taken":[{"damage":0,"enemies":"Cultist","floor":1,"turns":4},{"damage":3,"enemies":"Small Slimes","floor":2,"turns":3},{"damage":7,"enemies":"Jaw Worm","floor":3,"turns":7},{"damage":7,"enemies":"Lagavulin","floor":7,"turns":5},{"damage":4,"enemies":"2 Fungi Beasts","floor":10,"turns":3},{"damage":2,"enemies":"Red Slaver","floor":12,"turns":3},{"damage":0,"enemies":"Exordium Wildlife","floor":13,"turns":2},{"damage":7,"enemies":"The Guardian","floor":16,"turns":6},{"damage":0,"enemies":"Shell Parasite","floor":18,"turns":4},{"damage":0,"enemies":"3 Byrds","floor":21,"turns":1},{"damage":19,"enemies":"Slavers","floor":23,"turns":2},{"damage":4,"enemies":"Book of Stabbing","floor":25,"turns":2},{"damage":0,"enemies":"Masked Bandits","floor":28,"turns":2},{"damage":0,"enemies":"Cultist and Chosen","floor":31,"turns":3},{"damage":15,"enemies":"Champ","floor":33,"turns":5},{"damage":2,"enemies":"Orb Walker","floor":35,"turns":3},{"damage":18,"enemies":"2 Orb Walkers","floor":36,"turns":3},{"damage":0,"enemies":"3 Shapes","floor":38,"turns":1},{"damage":15,"enemies":"Reptomancer","floor":40,"turns":3},{"damage":18,"enemies":"Giant Head","floor":42,"turns":7},{"damage":1,"enemies":"Sphere and 2 Shapes","floor":44,"turns":3},{"damage":8,"enemies":"Maw","floor":47,"turns":5},{"damage":22,"enemies":"Transient","floor":48,"turns":5},{"damage":78,"enemies":"Time Eater","floor":50,"turns":6}],"seed_played":"3424326873660112860","potions_obtained":[{"floor":1,"key":"Block Potion"},{"floor":3,"key":"Fire Potion"},{"floor":10,"key":"EssenceOfSteel"},{"floor":18,"key":"SteroidPotion"},{"floor":31,"key":"Fire Potion"},{"floor":33,"key":"Swift Potion"},{"floor":42,"key":"Ancient Potion"},{"floor":48,"key":"AttackPotion"}],"is_trial":false,"path_per_floor":["M","M","M","?","$","R","E","?","T","M","R","M","M","?","R","B",null,"M","?","$","M","?","E","R","E","T","R","?","?","R","M","R","B",null,"M","?","$","M","?","E","?","E","T","M","$","R","M","M","R","B"],"character_chosen":"THE_SILENT","items_purchased":["Poisoned Stab","DollysMirror","Outmaneuver","Caltrops","Gremlin Horn","Transmutation","Bandage Up","Lee\u0027s Waffle"],"campfire_rested":1,"item_purchase_floors":[5,20,20,20,37,37,37,45],"current_hp_per_floor":[63,60,53,41,41,41,34,34,34,30,30,28,28,15,33,26,63,63,63,63,63,63,44,59,55,55,63,63,52,67,67,68,53,68,66,48,48,52,43,32,32,18,18,21,75,75,67,49,73,0],"gold":55,"neow_bonus":"ONE_RARE_RELIC","is_prod":false,"is_daily":false,"chose_seed":false,"campfire_upgraded":8,"win_rate":0.0,"timestamp":1552890628,"path_taken":["M","M","?","?","?","R","E","?","T","M","R","?","M","?","R","BOSS","M","?","$","M","?","E","R","E","T","R","?","?","R","M","R","BOSS","M","?","$","M","?","E","?","E","T","M","$","R","M","M","R","BOSS"],"build_version":"2019-01-23","purchased_purges":0,"victory":false,"max_hp_per_floor":[63,63,63,63,63,63,63,63,63,63,63,63,63,63,63,63,63,63,63,63,63,63,63,63,63,63,63,63,68,68,68,68,68,68,68,68,68,68,68,68,68,68,68,68,75,75,75,75,75,75],"card_choices":[{"not_picked":["Blur","Finisher"],"picked":"Acrobatics","floor":1},{"not_picked":["Endless Agony","Bane"],"picked":"Catalyst","floor":2},{"not_picked":["Outmaneuver","Deflect"],"picked":"Deadly Poison","floor":3},{"not_picked":["Outmaneuver","Leg Sweep"],"picked":"Reflex","floor":7},{"not_picked":["Well Laid Plans","Blur"],"picked":"Crippling Poison","floor":10},{"not_picked":["Sucker Punch","Blade Dance"],"picked":"Backflip","floor":12},{"not_picked":["Deflect","Distraction"],"picked":"Poisoned Stab","floor":13},{"not_picked":["Adrenaline","Tools of the Trade"],"picked":"Corpse Explosion","floor":16},{"not_picked":["Blade Dance+1","Masterful Stab"],"picked":"Bane","floor":18},{"not_picked":["Footwork","Reflex"],"picked":"Acrobatics","floor":21},{"not_picked":["Masterful Stab","Bane"],"picked":"Sucker Punch+1","floor":23},{"not_picked":["Endless Agony","Skewer"],"picked":"Quick Slash","floor":25},{"not_picked":["Leg Sweep","Outmaneuver"],"picked":"Deadly Poison","floor":28},{"not_picked":["Endless Agony","Sucker Punch"],"picked":"Infinite Blades","floor":31},{"not_picked":["Bullet Time","Night Terror"],"picked":"Envenom","floor":33},{"not_picked":["Heel Hook","Eviscerate"],"picked":"Caltrops+1","floor":35},{"not_picked":["Flechettes","PiercingWail"],"picked":"Endless Agony","floor":36},{"not_picked":["Eviscerate","Slice+1"],"picked":"Riddle With Holes+1","floor":38},{"not_picked":["Infinite Blades+1","Backflip"],"picked":"Backstab","floor":40},{"not_picked":["Dagger Spray+1","Finisher+1"],"picked":"Outmaneuver+1","floor":42},{"not_picked":["Backflip+1","Dodge and Roll"],"picked":"Heel Hook+1","floor":44},{"not_picked":["Masterful Stab+1","Blade Dance+1","Predator+1"],"picked":"SKIP","floor":47},{"not_picked":["Dagger Spray+1","Outmaneuver+1"],"picked":"Quick Slash+1","floor":48}],"player_experience":269070,"relics_obtained":[{"floor":7,"key":"PreservedInsect"},{"floor":9,"key":"Ancient Tea Set"},{"floor":23,"key":"Lantern"},{"floor":25,"key":"Happy Flower"},{"floor":26,"key":"Anchor"},{"floor":28,"key":"Red Mask"},{"floor":36,"key":"Old Coin"},{"floor":40,"key":"Vajra"},{"floor":42,"key":"Blue Candle"},{"floor":43,"key":"Molten Egg 2"}],"event_choices":[{"damage_healed":0,"gold_gain":0,"player_choice":"Success","damage_taken":12,"relics_obtained":["Bag of Preparation"],"max_hp_gain":0,"max_hp_loss":0,"event_name":"Scrap Ooze","floor":4,"gold_loss":0},{"cards_removed":["Defend_G"],"damage_healed":0,"gold_gain":0,"player_choice":"Purged","damage_taken":0,"max_hp_gain":0,"max_hp_loss":0,"event_name":"Purifier","floor":8,"gold_loss":0},{"damage_healed":0,"gold_gain":0,"player_choice":"Entered Light","damage_taken":13,"max_hp_gain":0,"max_hp_loss":0,"event_name":"Shining Light","floor":14,"gold_loss":0,"cards_upgraded":["Neutralize","Strike_G"]},{"damage_healed":0,"gold_gain":0,"player_choice":"Ignored","damage_taken":0,"max_hp_gain":0,"max_hp_loss":0,"event_name":"Beggar","floor":19,"gold_loss":0},{"damage_healed":0,"gold_gain":0,"player_choice":"Inject Mutagens","damage_taken":0,"relics_obtained":["MutagenicStrength"],"max_hp_gain":0,"max_hp_loss":0,"event_name":"Drug Dealer","floor":22,"gold_loss":0},{"damage_healed":0,"gold_gain":0,"player_choice":"Fought Bandits","damage_taken":0,"max_hp_gain":0,"max_hp_loss":0,"event_name":"Masked Bandits","floor":28,"gold_loss":0},{"damage_healed":0,"gold_gain":0,"player_choice":"Shed Blood","damage_taken":16,"max_hp_gain":5,"max_hp_loss":0,"event_name":"Forgotten Altar","floor":29,"gold_loss":0},{"damage_healed":0,"gold_gain":0,"player_choice":"Fight","damage_taken":0,"max_hp_gain":0,"max_hp_loss":0,"event_name":"Mysterious Sphere","floor":36,"gold_loss":0},{"damage_healed":0,"gold_gain":0,"player_choice":"Embrace Madness","damage_taken":9,"max_hp_gain":0,"max_hp_loss":0,"event_name":"Winding Halls","floor":39,"gold_loss":0,"cards_obtained":["Madness","Madness"]},{"cards_removed":["Strike_G"],"damage_healed":0,"gold_gain":0,"player_choice":"Removed Attack","damage_taken":0,"max_hp_gain":0,"max_hp_loss":0,"event_name":"Falling","floor":41,"gold_loss":0}],"is_beta":false,"boss_relics":[{"not_picked":["Snecko Eye","Sozu"],"picked":"Eternal Feather"},{"not_picked":["White Beast Statue","Calling Bell"],"picked":"Cursed Key"}],"items_purged_floors":[],"is_endless":false,"potions_floor_spawned":[1,3,10,18,31,33,38,42,48],"killed_by":"Time Eater","ascension_level":0}