{"gold_per_floor":[111,138,138,149,161,161,161,192,192,192,223,223,223,238,238,238],"floor_reached":16,"playtime":632,"items_purged":[],"score":200,"play_id":"6063cfbb-92d9-4024-9d99-5cbb8193f044","local_time":"20181124165041","is_ascension_mode":true,"campfire_choices":[{"data":"Iron Wave","floor":6.0,"key":"SMITH"},{"data":"Thunderclap","floor":10.0,"key":"SMITH"},{"data":"Headbutt","floor":12.0,"key":"SMITH"},{"floor":15,"key":"REST"}],"neow_cost":"NONE","seed_source_timestamp":848409765072192,"circlet_count":0,"master_deck":["AscendersBane","Strike_R","Strike_R","Strike_R","Strike_R","Strike_R","Defend_R","Defend_R","Bash","Impervious","Shrug It Off","Feel No Pain","Iron Wave+1","Thunderclap+1","Headbutt+1","Pain","Intimidate"],"special_seed":0,"relics":["Burning Blood","Art of War","Ornamental Fan","Matryoshka","Paper Frog","WarpedTongs"],"potions_floor_usage":[16],"damage_taken":[{"damage":12.0,"enemies":"Cultist","floor":1.0,"turns":4.0},{"damage":1.0,"enemies":"2 Louse","floor":4.0,"turns":5.0},{"damage":0.0,"enemies":"Small Slimes","floor":5.0,"turns":5.0},{"damage":29.0,"enemies":"Gremlin Nob","floor":8.0,"turns":5.0},{"damage":26.0,"enemies":"3 Sentries","floor":11.0,"turns":8.0},{"damage":18,"enemies":"Gremlin Gang","floor":14,"turns":5},{"damage":40,"enemies":"Hexaghost","floor":16,"turns":11}],"seed_played":"-4642896986793373918","potions_obtained":[{"floor":1.0,"key":"AttackPotion"},{"floor":14,"key":"Dexterity Potion"}],"is_trial":false,"path_per_floor":["M","T","?","M","M","R","?","E","T","R","E","R","?","M","R","B"],"character_chosen":"IRONCLAD","items_purchased":[],"campfire_rested":1,"item_purchase_floors":[],"current_hp_per_floor":[62,62,62,67,73,73,66,43,43,43,23,23,23,11,33,0],"gold":238,"neow_bonus":"ONE_RANDOM_RARE_CARD","is_prod":false,"is_daily":false,"chose_seed":false,"campfire_upgraded":3,"win_rate":0,"timestamp":1543074641,"path_taken":["M","?","?","M","M","R","?","E","T","R","E","R","?","M","R","BOSS"],"build_version":"2018-11-15","purchased_purges":0,"victory":false,"max_hp_per_floor":[75,75,75,75,75,75,75,75,75,75,75,75,75,75,75,75],"card_choices":[{"not_picked":["Hemokinesis","Carnage"],"picked":"Shrug It Off","floor":1.0},{"not_picked":["Rupture","Seeing Red"],"picked":"Iron Wave","floor":4.0},{"not_picked":["Heavy Blade","Cleave"],"picked":"Thunderclap","floor":5.0},{"not_picked":["Iron Wave","Feel No Pain","Anger"],"picked":"SKIP","floor":8.0},{"not_picked":["Entrench","Fire Breathing"],"picked":"Headbutt","floor":11.0},{"not_picked":["Iron Wave","Pummel"],"picked":"Intimidate","floor":14}],"player_experience":880370,"relics_obtained":[{"floor":2.0,"key":"Art of War"},{"floor":8.0,"key":"Ornamental Fan"},{"floor":9.0,"key":"Matryoshka"},{"floor":11.0,"key":"Paper Frog"}],"event_choices":[{"damage_healed":0.0,"max_hp_gain":0.0,"max_hp_loss":0.0,"gold_gain":0.0,"cards_transformed":["Defend_R"],"event_name":"Living Wall","player_choice":"Change","floor":3.0,"gold_loss":0.0,"damage_taken":0.0,"cards_obtained":["Feel No Pain"]},{"cards_removed":["Defend_R"],"damage_healed":0.0,"max_hp_gain":0.0,"max_hp_loss":0.0,"gold_gain":0.0,"event_name":"Golden Wing","player_choice":"Card Removal","floor":7.0,"gold_loss":0.0,"damage_taken":7.0},{"damage_healed":0.0,"max_hp_gain":0.0,"max_hp_loss":0.0,"gold_gain":0.0,"event_name":"Accursed Blacksmith","player_choice":"Rummage","floor":13.0,"gold_loss":0.0,"damage_taken":0.0,"relics_obtained":["WarpedTongs"],"cards_obtained":["Pain"]}],"is_beta":false,"boss_relics":[],"items_purged_floors":[],"is_endless":false,"potions_floor_spawned":[1,14],"killed_by":"Hexaghost","ascension_level":17}