{"gold_per_floor":[118,118,218,236,236,249,249,268,268,283,300,313,313,324,324,324],"floor_reached":16,"playtime":1207,"items_purged":[],"score":96,"play_id":"448f9c61-6fde-4a59-84e7-502129b5c37e","local_time":"20180716023218","is_ascension_mode":false,"campfire_choices":[{"data":"Neutralize","floor":7,"key":"SMITH"},{"floor":13,"key":"REST"},{"floor":15,"key":"REST"}],"neow_cost":"","seed_source_timestamp":120558649132758,"circlet_count":0,"master_deck":["Defend_G","Defend_G","Defend_G","Defend_G","Defend_G","Strike_G","Strike_G","Strike_G","Strike_G","Survivor","Neutralize+1","Poisoned Stab","Escape Plan","Backflip","Poisoned Stab","Deadly Poison","Escape Plan","Prepared"],"relics":["Ring of the Snake","Gambling Chip","Dodecahedron"],"potions_floor_usage":[16,16,16],"damage_taken":[{"damage":2,"enemies":"Small Slimes","floor":1,"turns":5},{"damage":0,"enemies":"Jaw Worm","floor":4,"turns":4},{"damage":0,"enemies":"2 Louse","floor":6,"turns":3},{"damage":0,"enemies":"Large Slime","floor":8,"turns":6},{"damage":0,"enemies":"Blue Slaver","floor":10,"turns":4},{"damage":10,"enemies":"Gremlin Gang","floor":11,"turns":8},{"damage":1,"enemies":"3 Louse","floor":12,"turns":4},{"damage":0,"enemies":"Red Slaver","floor":14,"turns":3},{"damage":62,"enemies":"Slime Boss","floor":16,"turns":12}],"seed_played":"-7519836699678976535","potions_obtained":[{"floor":4,"key":"Swift Potion"},{"floor":6,"key":"SneckoOil"},{"floor":11,"key":"Energy Potion"},{"floor":14,"key":"SpeedPotion"}],"is_trial":false,"path_per_floor":["M","?","?","M","?","M","R","M","T","M","M","M","R","M","R"],"character_chosen":"THE_SILENT","items_purchased":[],"campfire_rested":2,"item_purchase_floors":[],"current_hp_per_floor":[68,61,61,61,28,28,28,28,28,28,18,17,38,38,59,0],"gold":324,"neow_bonus":"","is_prod":false,"is_daily":false,"chose_seed":false,"campfire_upgraded":1,"win_rate":0.0,"timestamp":1531722738,"path_taken":["M","?","?","?","?","M","R","M","T","M","M","M","R","M","R","BOSS"],"build_version":"2018-07-12","purchased_purges":0,"victory":false,"max_hp_per_floor":[70,70,70,70,70,70,70,70,70,70,70,70,70,70,70,70],"card_choices":[{"not_picked":["Acrobatics","Dagger Throw"],"picked":"Poisoned Stab","floor":1},{"not_picked":["Acrobatics","Dodge and Roll"],"picked":"Escape Plan","floor":4},{"not_picked":["Dagger Throw","Choke"],"picked":"Backflip","floor":6},{"not_picked":["Quick Slash","Bullet Time"],"picked":"Poisoned Stab","floor":8},{"not_picked":["Sucker Punch","Dodge and Roll"],"picked":"Deadly Poison","floor":10},{"not_picked":["All Out Attack","Sucker Punch"],"picked":"Escape Plan","floor":11},{"not_picked":["Outmaneuver","Deadly Poison"],"picked":"Prepared","floor":12},{"not_picked":["Outmaneuver","Acrobatics","Choke"],"picked":"SKIP","floor":14}],"player_experience":26834,"relics_obtained":[{"floor":9,"key":"Dodecahedron"}],"event_choices":[{"event_name":"Golden Wing","player_choice":"Card Removal","floor":2,"damage_taken":0},{"event_name":"Wheel of Change","player_choice":"Gold","floor":3,"damage_taken":0},{"event_name":"Scrap Ooze","player_choice":"success","floor":5,"damage_taken":33}],"boss_relics":[],"items_purged_floors":[],"is_endless":false,"potions_floor_spawned":[4,6,11,14],"killed_by":"Slime Boss","ascension_level":0}