{"gold_per_floor":[118,118,118,118,128,128,162,162,162,193,203,220,255,285,297,388,400,425,452,475,501,532,544,591,603,696,708,750,762,9,9,9,9],"floor_reached":33,"playtime":1367,"items_purged":[],"score":660,"play_id":"7c4e48ee-be36-40eb-9759-29d2720a1d6a","local_time":"20190225030926","is_ascension_mode":true,"campfire_choices":[{"data":"Fusion","floor":6.0,"key":"SMITH"},{"data":"Hello World","floor":8.0,"key":"SMITH"},{"data":"Defragment","floor":15.0,"key":"SMITH"},{"data":"Zap","floor":23.0,"key":"SMITH"},{"floor":27.0,"key":"REST"},{"floor":32.0,"key":"REST"}],"neow_cost":"NONE","seed_source_timestamp":0,"circlet_count":0,"master_deck":["AscendersBane","Strike_B+1","Strike_B+1","Defend_B+1","Defend_B+1","Defend_B+1","Defend_B+1","Zap+1","Dualcast","Turbo","Fusion+1","Cold Snap","Hello World+1","Defragment+1","Ball Lightning+1","FTL+1","Compile Driver+1","Meteor Strike+1","Coolheaded+1","BootSequence","Electrodynamics","Mind Blast+1","RitualDagger+1"],"special_seed":0,"relics":["Cracked Core","NeowsBlessing","Molten Egg 2","Meat on the Bone","Torii","MawBank","Nuclear Battery","Strawberry","Tiny Chest","The Courier","Bottled Flame","Sundial","Lantern","Art of War"],"potions_floor_usage":[],"damage_taken":[{"damage":0.0,"enemies":"2 Louse","floor":1.0,"turns":1.0},{"damage":0.0,"enemies":"Jaw Worm","floor":5.0,"turns":1.0},{"damage":0.0,"enemies":"Gremlin Nob","floor":7.0,"turns":1.0},{"damage":13.0,"enemies":"Lagavulin","floor":10.0,"turns":7.0},{"damage":0.0,"enemies":"Cultist","floor":11.0,"turns":3.0},{"damage":1.0,"enemies":"Large Slime","floor":12.0,"turns":4.0},{"damage":31.0,"enemies":"3 Sentries","floor":13.0,"turns":7.0},{"damage":15.0,"enemies":"3 Louse","floor":14.0,"turns":3.0},{"damage":10.0,"enemies":"Slime Boss","floor":16.0,"turns":7.0},{"damage":17.0,"enemies":"Shell Parasite","floor":18.0,"turns":4.0},{"damage":1.0,"enemies":"Spheric Guardian","floor":19.0,"turns":3.0},{"damage":6.0,"enemies":"3 Cultists","floor":20.0,"turns":4.0},{"damage":10.0,"enemies":"Cultist and Chosen","floor":21.0,"turns":6.0},{"damage":2.0,"enemies":"Centurion and Healer","floor":22.0,"turns":5.0},{"damage":11.0,"enemies":"Book of Stabbing","floor":24.0,"turns":5.0},{"damage":45.0,"enemies":"Gremlin Leader","floor":28.0,"turns":7.0},{"damage":88,"enemies":"Champ","floor":33,"turns":10}],"seed_played":"6665202443370385040","potions_obtained":[{"floor":10.0,"key":"EssenceOfSteel"},{"floor":11.0,"key":"GamblersBrew"},{"floor":13.0,"key":"Fire Potion"},{"floor":16.0,"key":"GamblersBrew"},{"floor":19.0,"key":"Weak Potion"},{"floor":20.0,"key":"Block Potion"},{"floor":22.0,"key":"Weak Potion"},{"floor":24.0,"key":"EntropicBrew"}],"is_trial":false,"path_per_floor":["M","?","?","?","M","R","E","R","T","E","M","M","E","M","R","B",null,"M","M","M","M","M","R","E","?","T","R","E","?","$","?","R","B"],"character_chosen":"DEFECT","items_purchased":["Mind Blast+1","Bottled Flame","Sundial","Lantern","Art of War"],"campfire_rested":2,"item_purchase_floors":[30,30,30,30,30],"current_hp_per_floor":[64,69,62,62,62,62,62,62,62,49,49,48,29,26,26,28,64,47,46,40,42,40,40,48,48,48,72,39,39,39,33,57,0],"gold":9,"neow_bonus":"THREE_ENEMY_KILL","is_prod":false,"is_daily":false,"chose_seed":false,"campfire_upgraded":4,"win_rate":0,"timestamp":1551060566,"path_taken":["M","?","?","?","M","R","E","R","T","E","?","M","E","M","R","BOSS","M","M","?","M","M","R","E","?","T","R","E","?","$","?","R","BOSS"],"build_version":"2019-01-23","purchased_purges":0,"victory":false,"max_hp_per_floor":[71,76,76,76,76,76,76,76,76,76,76,76,76,76,76,76,76,76,76,76,76,76,76,83,83,83,83,83,83,83,83,83,83],"card_choices":[{"not_picked":["Go for the Eyes","Coolheaded"],"picked":"Turbo","floor":1.0},{"not_picked":["Steam Power","Streamline"],"picked":"Cold Snap","floor":5.0},{"not_picked":["Gash","Amplify"],"picked":"Hello World","floor":7.0},{"not_picked":["Skim","Go for the Eyes+1","Steam"],"picked":"SKIP","floor":10.0},{"not_picked":["Steam","White Noise"],"picked":"Defragment","floor":11.0},{"not_picked":["Force Field","Sweeping Beam+1"],"picked":"Ball Lightning+1","floor":12.0},{"not_picked":["Skim","Cold Snap+1"],"picked":"FTL+1","floor":13.0},{"not_picked":["Heatsinks","Turbo"],"picked":"Compile Driver+1","floor":14.0},{"not_picked":["Hyperbeam+1","Fission"],"picked":"Meteor Strike+1","floor":16.0},{"not_picked":["Barrage+1","Leap"],"picked":"Coolheaded+1","floor":18.0},{"not_picked":["Storm","Conserve Battery","Sweeping Beam+1"],"picked":"SKIP","floor":19.0},{"not_picked":["Leap+1","Static Discharge","Cold Snap+1"],"picked":"SKIP","floor":20.0},{"not_picked":["Rip and Tear+1","Blizzard+1"],"picked":"BootSequence","floor":21.0},{"not_picked":["Conserve Battery","Rip and Tear+1","Beam Cell+1"],"picked":"SKIP","floor":22.0},{"not_picked":["Rebound+1","Coolheaded","Undo"],"picked":"SKIP","floor":24.0},{"not_picked":["Steam","Seek"],"picked":"Electrodynamics","floor":28.0}],"player_experience":1138746,"relics_obtained":[{"floor":7.0,"key":"Molten Egg 2"},{"floor":9.0,"key":"Meat on the Bone"},{"floor":10.0,"key":"Torii"},{"floor":13.0,"key":"MawBank"},{"floor":24.0,"key":"Strawberry"},{"floor":26.0,"key":"Tiny Chest"},{"floor":28.0,"key":"The Courier"}],"event_choices":[{"damage_healed":0.0,"max_hp_gain":5.0,"max_hp_loss":0.0,"gold_gain":0.0,"event_name":"Big Fish","player_choice":"Donut","floor":2.0,"gold_loss":0.0,"damage_taken":0.0},{"cards_removed":["Strike_B"],"damage_healed":0.0,"max_hp_gain":0.0,"max_hp_loss":0.0,"gold_gain":0.0,"event_name":"Golden Wing","player_choice":"Card Removal","floor":3.0,"gold_loss":0.0,"damage_taken":7.0},{"damage_healed":0.0,"max_hp_gain":0.0,"max_hp_loss":0.0,"gold_gain":0.0,"cards_transformed":["Strike_B"],"event_name":"Living Wall","player_choice":"Change","floor":4.0,"gold_loss":0.0,"damage_taken":0.0,"cards_obtained":["Fusion"]},{"damage_healed":0.0,"max_hp_gain":0.0,"max_hp_loss":0.0,"gold_gain":0.0,"event_name":"The Mausoleum","player_choice":"Ignored","floor":25.0,"gold_loss":0.0,"damage_taken":0.0},{"damage_healed":0.0,"max_hp_gain":0.0,"max_hp_loss":0.0,"gold_gain":0.0,"event_name":"Back to Basics","player_choice":"Simplicity","floor":29.0,"gold_loss":0.0,"damage_taken":0.0,"cards_upgraded":["Strike_B","Strike_B","Defend_B","Defend_B","Defend_B","Defend_B"]},{"damage_healed":0.0,"max_hp_gain":0.0,"max_hp_loss":0.0,"gold_gain":0.0,"event_name":"Nest","player_choice":"Joined the Cult","floor":31.0,"gold_loss":0.0,"damage_taken":6.0,"cards_obtained":["RitualDagger"]}],"is_beta":false,"boss_relics":[{"not_picked":["Lizard Tail","Empty Cage"],"picked":"Nuclear Battery"}],"items_purged_floors":[],"is_endless":false,"potions_floor_spawned":[10,11,13,14,16,19,20,22,24],"killed_by":"Champ","ascension_level":20}