{"gold_per_floor":[15,26,26,26,44,44,58,91,91,91,120,120,120,153,153,226,226,240,240,253,272,53,53,83,83,83,83,83,97,97,125,125,199,199,213,40,56,72,72,105,105,134,186,186,203,213,224,254,254,254],"floor_reached":50,"playtime":2435,"items_purged":[],"score":1172,"play_id":"ae589693-3e78-4113-9428-fd2eac1a0e42","local_time":"20190123225414","is_ascension_mode":true,"campfire_choices":[{"data":"Carnage","floor":6,"key":"SMITH"},{"data":"Reaper","floor":10,"key":"SMITH"},{"data":"Bash","floor":13,"key":"SMITH"},{"data":"Intimidate","floor":15,"key":"SMITH"},{"floor":23,"key":"REST"},{"data":"Armaments","floor":25,"key":"SMITH"},{"data":"Disarm","floor":28,"key":"SMITH"},{"data":"Metallicize","floor":30,"key":"SMITH"},{"floor":32,"key":"REST"},{"floor":41,"key":"REST"},{"floor":44,"key":"REST"},{"floor":49,"key":"REST"}],"neow_cost":"NO_GOLD","seed_source_timestamp":1221340862132682,"circlet_count":0,"master_deck":["AscendersBane","Bash+1","Battle Trance","Intimidate+1","Carnage+1","Rampage","Reaper+1","Thunderclap+1","Reckless Charge+1","Disarm+1","Armaments+1","Searing Blow+1","Clash+1","Body Slam+1","Metallicize+1","Iron Wave+1","Bludgeon+1","Flame Barrier+1"],"relics":["Burning Blood","Dodecahedron","Letter Opener","Molten Egg 2","Kunai","Sundial","Pandora\u0027s Box","MutagenicStrength","Toolbox","Self Forming Clay","PreservedInsect","Regal Pillow","White Beast Statue","Orichalcum","Boot","Bottled Lightning","Happy Flower","Art of War"],"potions_floor_usage":[8,14,18,21,31,33,37,37,40,42,45,46,47,48,50,50],"damage_taken":[{"damage":4,"enemies":"Cultist","floor":1,"turns":4},{"damage":4,"enemies":"Jaw Worm","floor":2,"turns":3},{"damage":0,"enemies":"2 Louse","floor":5,"turns":2},{"damage":11,"enemies":"Looter","floor":7,"turns":2},{"damage":23,"enemies":"Lagavulin","floor":8,"turns":5},{"damage":25,"enemies":"3 Sentries","floor":11,"turns":5},{"damage":35,"enemies":"Lagavulin","floor":14,"turns":5},{"damage":44,"enemies":"Hexaghost","floor":16,"turns":8},{"damage":14,"enemies":"3 Byrds","floor":18,"turns":4},{"damage":34,"enemies":"Shell Parasite","floor":20,"turns":4},{"damage":30,"enemies":"Shelled Parasite and Fungi","floor":21,"turns":4},{"damage":24,"enemies":"Slavers","floor":24,"turns":4},{"damage":20,"enemies":"Sentry and Sphere","floor":29,"turns":4},{"damage":12,"enemies":"Book of Stabbing","floor":31,"turns":4},{"damage":59,"enemies":"Collector","floor":33,"turns":9},{"damage":21,"enemies":"3 Shapes","floor":35,"turns":5},{"damage":18,"enemies":"3 Darklings","floor":37,"turns":6},{"damage":27,"enemies":"Maw","floor":38,"turns":8},{"damage":79,"enemies":"Nemesis","floor":40,"turns":5},{"damage":75,"enemies":"Giant Head","floor":42,"turns":6},{"damage":15,"enemies":"Jaw Worm Horde","floor":45,"turns":5},{"damage":12,"enemies":"Writhing Mass","floor":46,"turns":5},{"damage":35,"enemies":"4 Shapes","floor":47,"turns":7},{"damage":48,"enemies":"Reptomancer","floor":48,"turns":5},{"damage":83,"enemies":"Awakened One","floor":50,"turns":14}],"seed_played":"446761940528091170","potions_obtained":[{"floor":1,"key":"Swift Potion"},{"floor":5,"key":"EssenceOfSteel"},{"floor":8,"key":"GamblersBrew"},{"floor":11,"key":"BloodPotion"},{"floor":18,"key":"Swift Potion"},{"floor":29,"key":"EssenceOfSteel"},{"floor":31,"key":"Weak Potion"},{"floor":33,"key":"FearPotion"},{"floor":35,"key":"Block Potion"},{"floor":37,"key":"SpeedPotion"},{"floor":38,"key":"Explosive Potion"},{"floor":40,"key":"FearPotion"},{"floor":42,"key":"Block Potion"},{"floor":45,"key":"FearPotion"},{"floor":46,"key":"Poison Potion"},{"floor":47,"key":"SkillPotion"},{"floor":48,"key":"SpeedPotion"}],"is_trial":false,"path_per_floor":["M","M","$","?","M","R","M","E","T","R","E","?","R","E","R","B",null,"M","?","M","M","$","R","E","R","T","?","R","M","R","E","R","B",null,"M","$","M","M","?","E","R","E","T","R","M","M","M","E","R","B"],"character_chosen":"IRONCLAD","items_purchased":["Toolbox","Orichalcum"],"campfire_rested":5,"item_purchase_floors":[22,36],"current_hp_per_floor":[70,72,72,61,67,67,62,45,45,45,41,66,66,51,51,13,60,67,67,47,27,27,50,36,36,36,36,36,22,22,23,62,23,68,57,57,45,32,97,25,69,9,9,53,44,38,41,20,64,0],"gold":254,"neow_bonus":"TRANSFORM_TWO_CARDS","is_prod":false,"is_daily":false,"chose_seed":false,"campfire_upgraded":7,"win_rate":0,"timestamp":1548280454,"path_taken":["M","M","?","?","?","R","M","E","T","R","E","?","R","E","R","BOSS","M","?","M","M","$","R","E","R","T","?","R","M","R","E","R","BOSS","M","?","M","M","?","E","R","E","T","R","M","M","M","E","R","BOSS"],"build_version":"2019-01-23","purchased_purges":0,"victory":false,"max_hp_per_floor":[75,75,75,75,75,75,75,75,75,75,75,75,75,75,75,75,75,75,75,75,79,79,79,83,83,83,83,83,83,83,83,83,83,83,87,87,87,87,97,97,97,97,97,97,97,97,97,97,97,97],"card_choices":[{"not_picked":["Rupture","Anger"],"picked":"Carnage","floor":1},{"not_picked":["Heavy Blade","Sentinel","Entrench"],"picked":"SKIP","floor":2},{"not_picked":["Entrench","Sword Boomerang"],"picked":"Rampage","floor":5},{"not_picked":["Iron Wave","Entrench","Second Wind"],"picked":"SKIP","floor":7},{"not_picked":["Metallicize","Battle Trance"],"picked":"Reaper","floor":8},{"not_picked":["Shockwave","Dual Wield"],"picked":"Thunderclap+1","floor":11},{"not_picked":["Flex","Fire Breathing"],"picked":"Reckless Charge+1","floor":14},{"not_picked":["Double Tap","Dark Embrace"],"picked":"Feed+1","floor":16},{"not_picked":["Flex+1","Spot Weakness","Fire Breathing"],"picked":"SKIP","floor":18},{"not_picked":["Sword Boomerang+1","Clothesline+1"],"picked":"Iron Wave+1","floor":20},{"not_picked":["Warcry","Exhume","Headbutt+1"],"picked":"SKIP","floor":21},{"not_picked":["Entrench","Clash+1","Rupture"],"picked":"SKIP","floor":24},{"not_picked":["Hemokinesis+1","Combust","Corruption"],"picked":"SKIP","floor":29},{"not_picked":["Power Through+1","Iron Wave+1","Body Slam+1"],"picked":"SKIP","floor":31},{"not_picked":["Offering","Limit Break"],"picked":"Bludgeon+1","floor":33},{"not_picked":["Shrug It Off","Warcry","Thunderclap+1"],"picked":"SKIP","floor":35},{"not_picked":["Warcry","Shockwave+1","Seeing Red"],"picked":"SKIP","floor":37},{"not_picked":["Intimidate","Thunderclap+1","Havoc"],"picked":"SKIP","floor":38},{"not_picked":["Feel No Pain+1","Heavy Blade+1"],"picked":"Flame Barrier+1","floor":40},{"not_picked":["Headbutt+1","Iron Wave+1","Anger+1"],"picked":"SKIP","floor":42},{"not_picked":["Iron Wave+1","Armaments+1","Havoc"],"picked":"SKIP","floor":45},{"not_picked":["True Grit","Body Slam+1","Shrug It Off"],"picked":"SKIP","floor":46},{"not_picked":["Sever Soul+1","Perfected Strike+1","Brutality"],"picked":"SKIP","floor":47},{"not_picked":["Iron Wave+1","Reckless Charge+1","Wild Strike+1"],"picked":"SKIP","floor":48}],"player_experience":922090,"relics_obtained":[{"floor":8,"key":"Letter Opener"},{"floor":9,"key":"Molten Egg 2"},{"floor":11,"key":"Kunai"},{"floor":14,"key":"Sundial"},{"floor":24,"key":"Self Forming Clay"},{"floor":26,"key":"PreservedInsect"},{"floor":31,"key":"Regal Pillow"},{"floor":40,"key":"Boot"},{"floor":42,"key":"Bottled Lightning"},{"floor":43,"key":"Happy Flower"},{"floor":48,"key":"Art of War"}],"event_choices":[{"damage_healed":0,"gold_gain":0,"player_choice":"Success","damage_taken":11,"relics_obtained":["Dodecahedron"],"max_hp_gain":0,"max_hp_loss":0,"event_name":"Scrap Ooze","floor":4,"gold_loss":0},{"damage_healed":25,"gold_gain":0,"player_choice":"Banana","damage_taken":0,"max_hp_gain":0,"max_hp_loss":0,"event_name":"Big Fish","floor":12,"gold_loss":0},{"damage_healed":0,"gold_gain":0,"player_choice":"Inject Mutagens","damage_taken":0,"relics_obtained":["MutagenicStrength"],"max_hp_gain":0,"max_hp_loss":0,"event_name":"Drug Dealer","floor":19,"gold_loss":0},{"cards_removed":["Spot Weakness"],"damage_healed":0,"gold_gain":0,"player_choice":"Purged","damage_taken":0,"max_hp_gain":0,"max_hp_loss":0,"event_name":"Purifier","floor":27,"gold_loss":0},{"cards_removed":["Feed"],"damage_healed":55,"gold_gain":0,"player_choice":"Offered Rare","damage_taken":0,"max_hp_gain":10,"max_hp_loss":0,"event_name":"Bonfire Elementals","floor":39,"gold_loss":0}],"is_beta":false,"boss_relics":[{"not_picked":["Coffee Dripper","Sozu"],"picked":"Pandora\u0027s Box"},{"not_picked":["Fusion Hammer","Astrolabe"],"picked":"White Beast Statue"}],"items_purged_floors":[],"is_endless":false,"potions_floor_spawned":[1,5,8,11,18,29,31,33,35,37,38,40,42,45,46,47,48],"killed_by":"Awakened One","ascension_level":19}