{"gold_per_floor":[109,61,61,74,89,89,120,120,120,140,156,174,185,197,197,302,302,320,245,100,10,21,21,21,55,103,136,148,73,172,205,205,305,305,320,320,339,359,285,303,323,323,323,351,226,226,23,58,58,58],"floor_reached":51,"playtime":6034,"items_purged":["Strike_R","Strike_R","Strike_R","Strike_R","Defend_R"],"score":1147,"play_id":"9141352e-1742-4a96-a2b1-022dcf164cf0","local_time":"20190219010433","is_ascension_mode":true,"campfire_choices":[{"data":"Iron Wave","floor":6.0,"key":"SMITH"},{"data":"Rampage","floor":15.0,"key":"SMITH"},{"data":"Fiend Fire","floor":23.0,"key":"SMITH"},{"floor":32.0,"key":"REST"},{"floor":46.0,"key":"REST"},{"data":"Offering","floor":49.0,"key":"SMITH"}],"neow_cost":"NONE","seed_source_timestamp":0,"circlet_count":0,"master_deck":["AscendersBane","Defend_R","Defend_R","Defend_R","Bash+1","Flame Barrier","Iron Wave+1","Shrug It Off","Offering+1","Rampage+1","Headbutt","Fiend Fire+1","True Grit+1","Seeing Red","Offering","Double Tap","Shockwave+1","Deep Breath","Sentinel","Warcry","Battle Trance","Corruption","Disarm"],"special_seed":0,"relics":["Black Blood","NeowsBlessing","Gambling Chip","Pocketwatch","Runic Pyramid","Regal Pillow","Mercury Hourglass","Smiling Mask","Paper Frog","Mummified Hand","Sundial","Darkstone Periapt","Happy Flower","Self Forming Clay"],"potions_floor_usage":[50,50],"damage_taken":[{"damage":0.0,"enemies":"2 Louse","floor":1.0,"turns":1.0},{"damage":0.0,"enemies":"Cultist","floor":4.0,"turns":1.0},{"damage":0.0,"enemies":"Jaw Worm","floor":5.0,"turns":1.0},{"damage":32.0,"enemies":"Gremlin Nob","floor":7.0,"turns":4.0},{"damage":7.0,"enemies":"Red Slaver","floor":10.0,"turns":3.0},{"damage":9.0,"enemies":"Lots of Slimes","floor":11.0,"turns":4.0},{"damage":4.0,"enemies":"Looter","floor":12.0,"turns":2.0},{"damage":6.0,"enemies":"Gremlin Gang","floor":13.0,"turns":5.0},{"damage":3.0,"enemies":"Large Slime","floor":14.0,"turns":5.0},{"damage":65.0,"enemies":"Slime Boss","floor":16.0,"turns":10.0},{"damage":21.0,"enemies":"3 Byrds","floor":18.0,"turns":5.0},{"damage":6.0,"enemies":"Chosen","floor":22.0,"turns":3.0},{"damage":36.0,"enemies":"Slavers","floor":25.0,"turns":6.0},{"damage":13.0,"enemies":"Book of Stabbing","floor":27.0,"turns":3.0},{"damage":23.0,"enemies":"Shelled Parasite and Fungi","floor":28.0,"turns":3.0},{"damage":9.0,"enemies":"Slavers","floor":31.0,"turns":7.0},{"damage":39.0,"enemies":"Collector","floor":33.0,"turns":3.0},{"damage":12.0,"enemies":"3 Darklings","floor":35.0,"turns":5.0},{"damage":8.0,"enemies":"3 Shapes","floor":37.0,"turns":6.0},{"damage":23.0,"enemies":"3 Darklings","floor":38.0,"turns":5.0},{"damage":15.0,"enemies":"Sphere and 2 Shapes","floor":40.0,"turns":6.0},{"damage":16.0,"enemies":"4 Shapes","floor":41.0,"turns":5.0},{"damage":22.0,"enemies":"Giant Head","floor":44.0,"turns":6.0},{"damage":19.0,"enemies":"Nemesis","floor":48.0,"turns":5.0},{"damage":37,"enemies":"Donu and Deca","floor":50,"turns":7}],"seed_played":"5144978798527812302","potions_obtained":[{"floor":1.0,"key":"Regen Potion"},{"floor":10.0,"key":"Dexterity Potion"},{"floor":12.0,"key":"Energy Potion"},{"floor":16.0,"key":"Block Potion"},{"floor":28.0,"key":"Strength Potion"},{"floor":31.0,"key":"Dexterity Potion"},{"floor":37.0,"key":"Fruit Juice"},{"floor":44.0,"key":"Weak Potion"}],"is_trial":false,"path_per_floor":["M","$","?","M","M","R","E","?","T","M","M","M","M","M","R","B",null,"M","$","$","?","M","R","?","E","T","E","M","?","?","E","R","B",null,"M","?","M","M","$","M","M","?","T","E","$","R","$","E","R","B",null],"character_chosen":"IRONCLAD","items_purchased":["Fire Potion","True Grit","Warcry","Disarm","Happy Flower"],"campfire_rested":2,"item_purchase_floors":[2,20,39,45,47],"current_hp_per_floor":[78,78,78,80,80,80,54,80,80,79,76,78,78,80,80,21,65,50,50,50,50,50,50,50,35,35,28,11,11,11,8,47,14,64,62,62,64,56,56,51,45,45,45,33,33,73,73,64,64,37],"gold":58,"neow_bonus":"THREE_ENEMY_KILL","is_prod":false,"is_daily":false,"chose_seed":false,"campfire_upgraded":4,"win_rate":0,"timestamp":1550556273,"path_taken":["M","$","?","M","?","R","E","?","T","M","M","M","M","?","R","BOSS","M","?","$","?","?","R","?","E","T","E","M","?","?","E","R","BOSS","M","?","M","M","$","M","M","?","T","E","$","R","?","E","R","BOSS"],"build_version":"2019-01-23","purchased_purges":5,"victory":true,"max_hp_per_floor":[80,80,80,80,80,80,80,80,80,80,80,80,80,80,80,80,80,80,80,80,80,80,80,80,80,80,80,80,80,80,80,80,80,80,80,80,80,85,85,85,85,85,85,85,85,85,85,85,85,85],"card_choices":[{"not_picked":["Searing Blow","Flex"],"picked":"Flame Barrier","floor":1.0},{"not_picked":["Pommel Strike","Feel No Pain"],"picked":"Iron Wave","floor":4.0},{"not_picked":["Heavy Blade","Wild Strike"],"picked":"Shrug It Off","floor":5.0},{"not_picked":["Reckless Charge","Cleave"],"picked":"Offering","floor":7.0},{"not_picked":["Havoc","True Grit"],"picked":"Rampage","floor":10.0},{"not_picked":["Second Wind","Rupture","Metallicize"],"picked":"SKIP","floor":11.0},{"not_picked":["Armaments","Warcry","Heavy Blade"],"picked":"SKIP","floor":12.0},{"not_picked":["Dual Wield","Warcry","Sentinel"],"picked":"SKIP","floor":13.0},{"not_picked":["Berserk","Havoc"],"picked":"Headbutt","floor":14.0},{"not_picked":["Reaper","Barricade"],"picked":"Fiend Fire","floor":16.0},{"not_picked":["Blood for Blood","Heavy Blade","Pommel Strike"],"picked":"SKIP","floor":18.0},{"not_picked":["Pummel","Flex","Twin Strike"],"picked":"SKIP","floor":22.0},{"not_picked":["Havoc","Headbutt","Wild Strike"],"picked":"SKIP","floor":25.0},{"not_picked":["Havoc+1","True Grit"],"picked":"Seeing Red","floor":27.0},{"not_picked":["Clash","Clothesline","Carnage"],"picked":"SKIP","floor":28.0},{"not_picked":["Disarm","Inflame"],"picked":"Offering","floor":31.0},{"not_picked":["Reaper","Brutality"],"picked":"Double Tap","floor":33.0},{"not_picked":["Pommel Strike","Reckless Charge","Shockwave+1"],"picked":"SKIP","floor":35.0},{"not_picked":["Pommel Strike","Reckless Charge"],"picked":"Shockwave+1","floor":35.0},{"not_picked":["Discovery","Bandage Up"],"picked":"Deep Breath","floor":36.0},{"not_picked":["Twin Strike","Clash"],"picked":"Sentinel","floor":37.0},{"not_picked":["Iron Wave","Spot Weakness","Twin Strike"],"picked":"SKIP","floor":38.0},{"not_picked":["Heavy Blade","Uppercut","Thunderclap"],"picked":"SKIP","floor":40.0},{"not_picked":["Anger","Inflame"],"picked":"Battle Trance","floor":41.0},{"not_picked":["Combust+1","Cleave"],"picked":"Corruption","floor":44.0},{"not_picked":["Fire Breathing","Iron Wave+1","Twin Strike+1"],"picked":"SKIP","floor":48.0}],"player_experience":498980,"relics_obtained":[{"floor":7.0,"key":"Gambling Chip"},{"floor":9.0,"key":"Pocketwatch"},{"floor":25.0,"key":"Mercury Hourglass"},{"floor":26.0,"key":"Smiling Mask"},{"floor":27.0,"key":"Paper Frog"},{"floor":31.0,"key":"Mummified Hand"},{"floor":43.0,"key":"Sundial"},{"floor":44.0,"key":"Darkstone Periapt"},{"floor":48.0,"key":"Self Forming Clay"}],"event_choices":[{"damage_healed":0.0,"max_hp_gain":0.0,"max_hp_loss":0.0,"gold_gain":0.0,"event_name":"Upgrade Shrine","player_choice":"Upgraded","floor":3.0,"gold_loss":0.0,"damage_taken":0.0,"cards_upgraded":["Bash"]},{"damage_healed":26.0,"max_hp_gain":0.0,"max_hp_loss":0.0,"gold_gain":0.0,"event_name":"Wheel of Change","player_choice":"Full Heal","floor":8.0,"gold_loss":0.0,"damage_taken":0.0},{"cards_removed":["Strike_R"],"damage_healed":0.0,"max_hp_gain":0.0,"max_hp_loss":0.0,"gold_gain":0.0,"event_name":"Designer","player_choice":"Upgrade and Remove","floor":21.0,"gold_loss":90.0,"damage_taken":0.0,"cards_upgraded":["True Grit"]},{"damage_healed":0.0,"max_hp_gain":0.0,"max_hp_loss":0.0,"gold_gain":0.0,"event_name":"The Mausoleum","player_choice":"Opened","floor":24.0,"gold_loss":0.0,"damage_taken":0.0,"relics_obtained":["Regal Pillow"],"cards_obtained":["Writhe"]},{"cards_removed":["Writhe"],"damage_healed":0.0,"max_hp_gain":0.0,"max_hp_loss":0.0,"gold_gain":0.0,"event_name":"Beggar","player_choice":"Gave Gold","floor":29.0,"gold_loss":75.0,"damage_taken":0.0},{"damage_healed":0.0,"max_hp_gain":0.0,"max_hp_loss":0.0,"gold_gain":99.0,"event_name":"Nest","player_choice":"Stole From Cult","floor":30.0,"gold_loss":0.0,"damage_taken":0.0},{"damage_healed":0.0,"max_hp_gain":0.0,"max_hp_loss":0.0,"gold_gain":0.0,"event_name":"SensoryStone","player_choice":"Memory 1","floor":36.0,"gold_loss":0.0,"damage_taken":0.0},{"damage_healed":0.0,"max_hp_gain":0.0,"max_hp_loss":0.0,"gold_gain":0.0,"event_name":"Tomb of Lord Red Mask","player_choice":"Ignored","floor":42.0,"gold_loss":0.0,"damage_taken":0.0}],"is_beta":false,"boss_relics":[{"not_picked":["Eternal Feather","Ectoplasm"],"picked":"Runic Pyramid"},{"not_picked":["Coffee Dripper","Mark of Pain"],"picked":"Black Blood"}],"items_purged_floors":[19,20,39,45,47],"is_endless":false,"potions_floor_spawned":[1,10,12,13,16,18,28,31,37,44,48],"ascension_level":12}