{"gold_per_floor":[111,286,286,3,14,40,40,51,77,97,97,110,165,184,184,286,286,296,296,312,58,58,58,109,109,109,142,142,142,198,227,227,332,332,367,267,310,410,421,421,448,448,448,474,474,474,493,545,545,545,545,545,142,199,199],"floor_reached":55,"playtime":2185,"items_purged":["Doubt","Strike_B","Strike_B"],"score":1444,"play_id":"29421e72-6d74-43b0-9823-2efffa3259cb","local_time":"20190210231330","is_ascension_mode":true,"campfire_choices":[{"data":"Zap","floor":7.0,"key":"SMITH"},{"data":"Dualcast","floor":11.0,"key":"SMITH"},{"data":"Conserve Battery","floor":15.0,"key":"SMITH"},{"data":"HandOfGreed","floor":23.0,"key":"SMITH"},{"data":"Ball Lightning","floor":25.0,"key":"SMITH"},{"data":"Doom and Gloom","floor":28.0,"key":"SMITH"},{"floor":32.0,"key":"REST"},{"data":"Consume","floor":40.0,"key":"SMITH"},{"floor":42.0,"key":"RECALL"},{"floor":45.0,"key":"REST"},{"data":"Biased Cognition","floor":49.0,"key":"SMITH"},{"floor":52,"key":"REST"}],"neow_cost":"NONE","seed_source_timestamp":0,"circlet_count":0,"master_deck":["AscendersBane","Strike_B+1","Strike_B+1","Defend_B","Defend_B+1","Defend_B","Defend_B","Zap+1","Dualcast+1","Cold Snap","Cold Snap","Doom and Gloom+1","Coolheaded+1","Conserve Battery+1","Ball Lightning+1","Echo Form","BootSequence","HandOfGreed+1","Beam Cell+1","Electrodynamics","Compile Driver+1","Biased Cognition+1","Consume+1","Blizzard+1","Mayhem","Glacier+1"],"special_seed":0,"relics":["Cracked Core","NeowsBlessing","MawBank","Thread and Needle","PreservedInsect","War Paint","Torii","Philosopher\u0027s Stone","Dodecahedron","WingedGreaves","Art of War","Cables","Calipers","Meat on the Bone","Inserter","Emotion Chip","Strawberry","Sundial","Anchor","Whetstone","Mango"],"potions_floor_usage":[50,54,54,55,55],"damage_taken":[{"damage":0.0,"enemies":"Small Slimes","floor":1.0,"turns":1.0},{"damage":0.0,"enemies":"Jaw Worm","floor":5.0,"turns":1.0},{"damage":0.0,"enemies":"Lagavulin","floor":6.0,"turns":1.0},{"damage":0.0,"enemies":"2 Louse","floor":8.0,"turns":2.0},{"damage":0.0,"enemies":"2 Fungi Beasts","floor":10.0,"turns":3.0},{"damage":0.0,"enemies":"Large Slime","floor":12.0,"turns":4.0},{"damage":5.0,"enemies":"Lagavulin Event","floor":13.0,"turns":6.0},{"damage":0.0,"enemies":"Red Slaver","floor":14.0,"turns":2.0},{"damage":0.0,"enemies":"The Guardian","floor":16.0,"turns":14.0},{"damage":7.0,"enemies":"3 Byrds","floor":18.0,"turns":3.0},{"damage":0.0,"enemies":"Chosen","floor":20.0,"turns":5.0},{"damage":9.0,"enemies":"Slavers","floor":24.0,"turns":5.0},{"damage":20.0,"enemies":"Gremlin Leader","floor":27.0,"turns":6.0},{"damage":10.0,"enemies":"Book of Stabbing","floor":30.0,"turns":4.0},{"damage":0.0,"enemies":"Gremlin Leader","floor":31.0,"turns":3.0},{"damage":28.0,"enemies":"Automaton","floor":33.0,"turns":11.0},{"damage":29.0,"enemies":"3 Darklings","floor":35.0,"turns":6.0},{"damage":0.0,"enemies":"3 Shapes","floor":37.0,"turns":4.0},{"damage":0.0,"enemies":"Mind Bloom Boss Battle","floor":38.0,"turns":5.0},{"damage":14.0,"enemies":"Spire Growth","floor":39.0,"turns":4.0},{"damage":1.0,"enemies":"Reptomancer","floor":41.0,"turns":5.0},{"damage":0.0,"enemies":"Giant Head","floor":44.0,"turns":7.0},{"damage":12.0,"enemies":"4 Shapes","floor":47.0,"turns":4.0},{"damage":16.0,"enemies":"Nemesis","floor":48.0,"turns":5.0},{"damage":35,"enemies":"Awakened One","floor":50,"turns":12},{"damage":55,"enemies":"Shield and Spear","floor":54,"turns":6},{"damage":62,"enemies":"The Heart","floor":55,"turns":3}],"seed_played":"7397825507298931029","potions_obtained":[{"floor":10.0,"key":"Fruit Juice"},{"floor":12.0,"key":"LiquidBronze"},{"floor":14.0,"key":"Regen Potion"},{"floor":27.0,"key":"Fire Potion"},{"floor":30.0,"key":"Weak Potion"},{"floor":35.0,"key":"LiquidBronze"},{"floor":37.0,"key":"Block Potion"},{"floor":39.0,"key":"AttackPotion"},{"floor":54,"key":"Poison Potion"}],"is_trial":false,"path_per_floor":["M","?","?","$","M","E","R","M","T","M","R","M","?","M","R","B",null,"M","?","M","$","?","R","E","R","T","E","R","?","E","E","R","B",null,"M","$","M","?","M","R","E","R","T","E","R","?","M","E","R","B",null,"R","$","E","B"],"character_chosen":"DEFECT","items_purchased":["Thread and Needle","HandOfGreed","Whetstone","EssenceOfSteel","Swift Potion"],"campfire_rested":3,"item_purchase_floors":[4,21,53,53,53],"current_hp_per_floor":[68,68,56,56,56,56,56,56,56,61,61,61,56,56,56,56,74,67,67,67,67,67,67,72,72,72,52,52,44,34,34,58,42,71,42,42,42,42,40,40,58,58,58,58,84,84,72,56,56,33,74,87,87,58,0],"gold":199,"neow_bonus":"THREE_ENEMY_KILL","is_prod":false,"is_daily":false,"chose_seed":false,"campfire_upgraded":8,"win_rate":0,"timestamp":1549836810,"path_taken":["M","?","?","$","M","E","R","M","T","?","R","M","?","M","R","BOSS","M","?","M","$","?","R","E","R","T","E","R","?","E","E","R","BOSS","M","?","M","?","M","R","E","R","T","E","R","?","M","E","R","BOSS","R","$","E","BOSS"],"build_version":"2019-01-23","purchased_purges":3,"victory":false,"max_hp_per_floor":[75,75,75,75,75,75,75,75,75,80,80,80,80,80,80,80,80,80,80,80,80,80,80,80,80,80,80,80,80,80,80,80,80,80,80,80,80,80,80,80,87,87,87,87,87,87,87,87,87,87,87,87,87,101,101],"card_choices":[{"not_picked":["Streamline","Sweeping Beam"],"picked":"Cold Snap","floor":1.0},{"not_picked":["Beam Cell","Barrage"],"picked":"Cold Snap","floor":5.0},{"not_picked":["Hello World","Redo"],"picked":"Doom and Gloom","floor":6.0},{"not_picked":["Sweeping Beam","Rebound"],"picked":"Coolheaded","floor":8.0},{"not_picked":["Go for the Eyes","Hologram"],"picked":"Conserve Battery","floor":10.0},{"not_picked":["Sweeping Beam","Darkness","Leap"],"picked":"SKIP","floor":12.0},{"not_picked":["Capacitor","Aggregate"],"picked":"Ball Lightning","floor":13.0},{"not_picked":["Compile Driver","Go for the Eyes","Recycle"],"picked":"SKIP","floor":14.0},{"not_picked":["Meteor Strike","Creative AI"],"picked":"Echo Form","floor":16.0},{"not_picked":["Coolheaded+1","Chaos"],"picked":"BootSequence","floor":18.0},{"not_picked":["Barrage","Reprogram","Hello World"],"picked":"SKIP","floor":20.0},{"not_picked":["Static Discharge","Streamline"],"picked":"Beam Cell+1","floor":24.0},{"not_picked":["Chaos","Redo","Fusion"],"picked":"SKIP","floor":27.0},{"not_picked":["Chaos","Reprogram","Storm"],"picked":"SKIP","floor":30.0},{"not_picked":["Beam Cell","Fusion","Turbo"],"picked":"SKIP","floor":31.0},{"not_picked":["Echo Form","Hyperbeam"],"picked":"Electrodynamics","floor":33.0},{"not_picked":["Hologram","Barrage+1"],"picked":"Compile Driver+1","floor":35.0},{"not_picked":["Steam","Streamline+1","Cold Snap"],"picked":"SKIP","floor":37.0},{"not_picked":["Sunder","Loop+1"],"picked":"Biased Cognition","floor":38.0},{"not_picked":["Compile Driver+1","Sweeping Beam+1"],"picked":"Consume","floor":39.0},{"not_picked":["Reinforced Body","Gash","Auto Shields+1"],"picked":"SKIP","floor":41.0},{"not_picked":["Ball Lightning+1","Beam Cell"],"picked":"Blizzard+1","floor":44.0},{"not_picked":["Mind Blast","Dramatic Entrance"],"picked":"Mayhem","floor":46.0},{"not_picked":["Rebound+1","Compile Driver","Redo"],"picked":"SKIP","floor":47.0},{"not_picked":["Leap+1","Conserve Battery","All For One"],"picked":"SKIP","floor":48.0},{"not_picked":["Hologram+1","Stack+1"],"picked":"Glacier+1","floor":54}],"player_experience":1034398,"relics_obtained":[{"floor":6.0,"key":"PreservedInsect"},{"floor":9.0,"key":"War Paint"},{"floor":13.0,"key":"Torii"},{"floor":24.0,"key":"WingedGreaves"},{"floor":26.0,"key":"Art of War"},{"floor":27.0,"key":"Cables"},{"floor":30.0,"key":"Calipers"},{"floor":31.0,"key":"Meat on the Bone"},{"floor":38.0,"key":"Emotion Chip"},{"floor":41.0,"key":"Strawberry"},{"floor":44.0,"key":"Sundial"},{"floor":48.0,"key":"Anchor"},{"floor":54,"key":"Mango"}],"event_choices":[{"damage_healed":0.0,"max_hp_gain":0.0,"max_hp_loss":0.0,"gold_gain":175.0,"event_name":"Liars Game","player_choice":"AGREE","floor":2.0,"gold_loss":0.0,"damage_taken":0.0,"cards_obtained":["Doubt"]},{"damage_healed":0.0,"max_hp_gain":0.0,"max_hp_loss":0.0,"gold_gain":0.0,"event_name":"Scrap Ooze","player_choice":"Success","floor":3.0,"gold_loss":0.0,"damage_taken":12.0,"relics_obtained":["MawBank"]},{"damage_healed":0.0,"max_hp_gain":0.0,"max_hp_loss":0.0,"gold_gain":30.0,"event_name":"Dead Adventurer","player_choice":"Searched \u00272\u0027 times","floor":13.0,"gold_loss":0.0,"damage_taken":0.0},{"damage_healed":0.0,"max_hp_gain":0.0,"max_hp_loss":0.0,"gold_gain":0.0,"event_name":"The Mausoleum","player_choice":"Opened","floor":19.0,"gold_loss":0.0,"damage_taken":0.0,"relics_obtained":["Dodecahedron"],"cards_obtained":["Writhe"]},{"cards_removed":["Writhe"],"damage_healed":0.0,"max_hp_gain":0.0,"max_hp_loss":0.0,"gold_gain":0.0,"event_name":"Back to Basics","player_choice":"Elegance","floor":22.0,"gold_loss":0.0,"damage_taken":0.0},{"damage_healed":0.0,"max_hp_gain":0.0,"max_hp_loss":0.0,"gold_gain":0.0,"event_name":"Knowing Skull","player_choice":"","floor":29.0,"potions_obtained":[],"gold_loss":0.0,"damage_taken":8.0,"cards_obtained":[]},{"damage_healed":0.0,"max_hp_gain":0.0,"max_hp_loss":0.0,"gold_gain":0.0,"event_name":"MindBloom","player_choice":"Fight","floor":38.0,"gold_loss":0.0,"damage_taken":0.0},{"damage_healed":0.0,"max_hp_gain":0.0,"max_hp_loss":0.0,"gold_gain":0.0,"event_name":"SensoryStone","player_choice":"Memory 1","floor":46.0,"gold_loss":0.0,"damage_taken":0.0}],"is_beta":false,"boss_relics":[{"not_picked":["Velvet Choker","Fusion Hammer"],"picked":"Philosopher\u0027s Stone"},{"not_picked":["Calling Bell","Sozu"],"picked":"Inserter"}],"items_purged_floors":[21,36,53],"is_endless":false,"potions_floor_spawned":[10,12,14,27,30,35,37,39,54],"killed_by":"The Heart","ascension_level":10}