{"gold_per_floor":[117,133,146,146,146,146,71,71,117,25,43,61,87,101,101,199,199,211,75,94,109,109,109,109,125,125,135,148,173,173,173,173,271,271,287,118,131,142,157,184,184,203,274,72,72,88,88,102,102,102,102,102,27,60,60],"floor_reached":55,"playtime":4602,"items_purged":["Strike_B","Strike_B","Zap"],"score":683,"play_id":"9dce29f5-a829-4334-bda1-70ef8a54e2f3","local_time":"20181214035142","is_ascension_mode":false,"campfire_choices":[{"floor":6,"key":"RECALL"},{"data":"Defragment","floor":15,"key":"SMITH"},{"floor":23,"key":"REST"},{"data":"Capacitor","floor":30,"key":"SMITH"},{"data":"Capacitor","floor":32,"key":"SMITH"},{"data":"Consume","floor":41,"key":"SMITH"},{"floor":45,"key":"REST"},{"floor":47,"key":"REST"},{"floor":49,"key":"REST"},{"data":"Defragment","floor":52,"key":"SMITH"}],"neow_cost":"NONE","seed_source_timestamp":590153592238666,"circlet_count":0,"master_deck":["Defend_B+1","Defend_B+1","Dualcast","Skim+1","Glacier+1","Capacitor+1","Cold Snap","Self Repair","FTL","Defragment+1","Consume+1","Electrodynamics","Tempest+1","Beam Cell+1","Capacitor+1","Genetic Algorithm","Hologram+1","Machine Learning","Coolheaded","Coolheaded","Compile Driver+1","Coolheaded+1","Defragment+1","Fusion","Darkness"],"relics":["Philosopher\u0027s Stone","War Paint","Potion Belt","Astrolabe","Vajra","Blood Vial","Lizard Tail","DataDisk","Smiling Mask","Blue Candle","Pantograph"],"potions_floor_usage":[55,55,55,55,55],"damage_taken":[{"damage":0,"enemies":"Cultist","floor":1,"turns":3},{"damage":0,"enemies":"2 Louse","floor":2,"turns":2},{"damage":0,"enemies":"Jaw Worm","floor":3,"turns":5},{"damage":0,"enemies":"2 Fungi Beasts","floor":11,"turns":5},{"damage":3,"enemies":"Looter","floor":12,"turns":4},{"damage":2,"enemies":"Lagavulin","floor":13,"turns":8},{"damage":0,"enemies":"Gremlin Gang","floor":14,"turns":6},{"damage":26,"enemies":"Hexaghost","floor":16,"turns":16},{"damage":4,"enemies":"Chosen","floor":18,"turns":4},{"damage":0,"enemies":"Spheric Guardian","floor":20,"turns":4},{"damage":36,"enemies":"Snake Plant","floor":21,"turns":4},{"damage":5,"enemies":"Chosen and Byrds","floor":25,"turns":4},{"damage":0,"enemies":"Snecko","floor":27,"turns":4},{"damage":8,"enemies":"Snake Plant","floor":28,"turns":4},{"damage":10,"enemies":"Champ","floor":33,"turns":11},{"damage":7,"enemies":"3 Shapes","floor":35,"turns":6},{"damage":9,"enemies":"3 Darklings","floor":37,"turns":8},{"damage":4,"enemies":"4 Shapes","floor":38,"turns":5},{"damage":2,"enemies":"Sphere and 2 Shapes","floor":39,"turns":5},{"damage":5,"enemies":"Nemesis","floor":40,"turns":13},{"damage":68,"enemies":"Jaw Worm Horde","floor":42,"turns":6},{"damage":11,"enemies":"3 Darklings","floor":46,"turns":15},{"damage":28,"enemies":"Sphere and 2 Shapes","floor":48,"turns":6},{"damage":37,"enemies":"Awakened One","floor":50,"turns":30},{"damage":73,"enemies":"Shield and Spear","floor":54,"turns":16},{"damage":94,"enemies":"The Heart","floor":55,"turns":14}],"seed_played":"4260084431612322610","potions_obtained":[{"floor":1,"key":"Strength Potion"},{"floor":3,"key":"AttackPotion"},{"floor":13,"key":"Fire Potion"},{"floor":18,"key":"EssenceOfSteel"},{"floor":20,"key":"Strength Potion"},{"floor":25,"key":"AttackPotion"}],"is_trial":false,"path_per_floor":["M","M","M","?","?","R","$","?","T","$","M","M","E","M","R","B",null,"M","$","M","M","?","R","?","M","T","M","M","T","R","?","R","B",null,"M","$","M","M","M","E","R","M","T","$","R","M","R","M","R","B",null,"R","$","E","B"],"character_chosen":"DEFECT","items_purchased":["Cold Snap","Self Repair","Capacitor","DataDisk","Coolheaded","Defragment","Fusion","Darkness"],"campfire_rested":4,"item_purchase_floors":[10,10,19,36,36,44,44,53],"current_hp_per_floor":[75,75,75,60,60,60,60,53,53,53,60,64,69,75,75,56,75,71,71,75,46,32,56,56,58,58,65,64,64,64,80,80,77,80,80,80,78,80,80,80,80,12,12,12,36,34,58,32,56,28,80,80,80,14,0],"gold":60,"neow_bonus":"BOSS_RELIC","is_prod":false,"is_daily":false,"chose_seed":false,"campfire_upgraded":5,"win_rate":0,"timestamp":1544777502,"path_taken":["M","M","?","?","?","R","$","?","T","?","M","?","E","M","R","BOSS","M","$","M","?","?","R","?","M","T","?","M","?","R","?","R","BOSS","M","$","M","M","M","E","R","M","T","?","R","M","R","M","R","BOSS","R","$","E","BOSS"],"build_version":"2018-12-13","purchased_purges":3,"victory":false,"max_hp_per_floor":[75,75,75,75,75,75,75,75,75,75,75,75,75,75,75,75,75,75,75,75,75,80,80,80,80,80,80,80,80,80,80,80,80,80,80,80,80,80,80,80,80,80,80,80,80,80,80,80,80,80,80,80,80,80,80],"card_choices":[{"not_picked":["Streamline","Steam"],"picked":"Skim","floor":1},{"not_picked":["Chaos","Self Repair"],"picked":"Glacier","floor":2},{"not_picked":["Heatsinks","Chill"],"picked":"Capacitor","floor":3},{"not_picked":["Hello World","Streamline"],"picked":"FTL","floor":11},{"not_picked":["Go for the Eyes","Reprogram"],"picked":"Defragment","floor":12},{"not_picked":["Leap","Gash","Hologram"],"picked":"SKIP","floor":13},{"not_picked":["Conserve Battery","Reprogram"],"picked":"Consume","floor":14},{"not_picked":["Rainbow","Fission"],"picked":"Electrodynamics","floor":16},{"not_picked":["Force Field+1","Aggregate","FTL"],"picked":"SKIP","floor":18},{"not_picked":["Redo","Turbo","Undo"],"picked":"SKIP","floor":20},{"not_picked":["Aggregate+1","Beam Cell"],"picked":"Genetic Algorithm","floor":21},{"not_picked":["Steam+1","Reprogram","Static Discharge+1"],"picked":"SKIP","floor":25},{"not_picked":["Blizzard","Beam Cell","Storm"],"picked":"SKIP","floor":27},{"not_picked":["Beam Cell+1","Stack+1"],"picked":"Hologram+1","floor":28},{"not_picked":["Rainbow","Meteor Strike"],"picked":"Machine Learning","floor":33},{"not_picked":["Hello World+1","Sweeping Beam"],"picked":"Coolheaded","floor":35},{"not_picked":["Leap","FTL","Reinforced Body"],"picked":"SKIP","floor":37},{"not_picked":["Beam Cell","Darkness"],"picked":"Compile Driver+1","floor":38},{"not_picked":["Hello World+1","Skim"],"picked":"Coolheaded+1","floor":39},{"not_picked":["Beam Cell","Biased Cognition","Leap+1"],"picked":"SKIP","floor":40},{"not_picked":["Sweeping Beam+1","Streamline+1","Compile Driver"],"picked":"SKIP","floor":42},{"not_picked":["Lockon","Go for the Eyes+1","Tempest"],"picked":"SKIP","floor":46},{"not_picked":["Coolheaded+1","Auto Shields+1","Fusion+1"],"picked":"SKIP","floor":48},{"not_picked":["Genetic Algorithm+1","Self Repair+1","Meteor Strike"],"picked":"SKIP","floor":54}],"player_experience":277269,"relics_obtained":[{"floor":9,"key":"War Paint"},{"floor":13,"key":"Potion Belt"},{"floor":29,"key":"Blood Vial"},{"floor":40,"key":"Smiling Mask"},{"floor":43,"key":"Blue Candle"},{"floor":54,"key":"Pantograph"}],"event_choices":[{"damage_healed":0,"gold_gain":0,"player_choice":"Entered Light","damage_taken":15,"max_hp_gain":0,"max_hp_loss":0,"event_name":"Shining Light","floor":4,"gold_loss":0,"cards_upgraded":["Glacier","Defend_B"]},{"damage_healed":0,"gold_gain":0,"player_choice":"Ignored","damage_taken":0,"max_hp_gain":0,"max_hp_loss":0,"event_name":"Liars Game","floor":5,"gold_loss":0},{"cards_removed":["Defend_B"],"damage_healed":0,"gold_gain":0,"player_choice":"Card Removal","damage_taken":7,"max_hp_gain":0,"max_hp_loss":0,"event_name":"Golden Wing","floor":8,"gold_loss":0},{"damage_healed":0,"gold_gain":0,"player_choice":"Shed Blood","damage_taken":19,"max_hp_gain":5,"max_hp_loss":0,"event_name":"Forgotten Altar","floor":22,"gold_loss":0},{"damage_healed":0,"gold_gain":0,"player_choice":"Opened","damage_taken":0,"relics_obtained":["Vajra"],"max_hp_gain":0,"max_hp_loss":0,"event_name":"The Mausoleum","floor":24,"gold_loss":0},{"cards_removed":["Force Field"],"damage_healed":16,"gold_gain":0,"player_choice":"Offered Uncommon","damage_taken":0,"max_hp_gain":0,"max_hp_loss":0,"event_name":"Bonfire Elementals","floor":31,"gold_loss":0}],"is_beta":false,"boss_relics":[{"not_picked":["Pandora\u0027s Box","Snecko Eye"],"picked":"Astrolabe"},{"not_picked":["Eternal Feather","Runic Dome"],"picked":"Lizard Tail"}],"items_purged_floors":[7,19,44],"is_endless":false,"potions_floor_spawned":[1,3,13,18,20,25,35,38,42],"killed_by":"The Heart","ascension_level":0}