{"gold_per_floor":[217,34,109,109,109,143,155,155,203,216,216,250,270,280,280,385,385,396,356,369,383,401,401,430,441,441,11,11,11,11,45,45,147,147,160,13,13,30,48,81,81,0,26,26,26,0,0],"floor_reached":47,"playtime":3751,"items_purged":["Strike_R","Strike_R"],"score":606,"play_id":"72735479-ad5e-422e-a270-2d4428b458ac","local_time":"20190305015534","is_ascension_mode":true,"campfire_choices":[{"data":"Searing Blow","floor":8,"key":"SMITH"},{"floor":15,"key":"REST"},{"floor":23,"key":"REST"},{"floor":28,"key":"REST"},{"data":"Searing Blow+1","floor":30,"key":"SMITH"},{"data":"Searing Blow+2","floor":32,"key":"SMITH"},{"data":"1","floor":41,"key":"LIFT"}],"neow_cost":"NONE","seed_source_timestamp":234661532419019,"circlet_count":0,"master_deck":["Strike_R","Strike_R","Strike_R","Defend_R","Defend_R","Defend_R","Defend_R","Bash","Searing Blow+3","Disarm","Whirlwind","Metallicize","Hemokinesis","Inflame","Shrug It Off","Iron Wave","Exhume","True Grit","Carnage+1","Fiend Fire","Intimidate","Pummel+1","Evolve+1","Shrug It Off","Carnage","Demon Form+1","Feel No Pain+1","Limit Break","Searing Blow+3","True Grit+1","Clothesline+1","Whirlwind+1","Entrench","Discovery"],"relics":["Burning Blood","Gremlin Horn","Shuriken","Centennial Puzzle","Potion Belt","Pen Nib","Velvet Choker","Frozen Egg 2","Dodecahedron","Blood Vial","Regal Pillow","Snecko Eye","Girya","Bag of Preparation","Red Mask"],"potions_floor_usage":[6,14,16,16,21,22,24,31,31,33,33,39,47,47,47],"damage_taken":[{"damage":6,"enemies":"Cultist","floor":1,"turns":3},{"damage":10,"enemies":"Gremlin Nob","floor":6,"turns":4},{"damage":8,"enemies":"Jaw Worm","floor":7,"turns":4},{"damage":1,"enemies":"Small Slimes","floor":10,"turns":3},{"damage":36,"enemies":"3 Sentries","floor":12,"turns":7},{"damage":14,"enemies":"Looter","floor":13,"turns":3},{"damage":22,"enemies":"Exordium Wildlife","floor":14,"turns":5},{"damage":24,"enemies":"Slime Boss","floor":16,"turns":11},{"damage":3,"enemies":"3 Byrds","floor":18,"turns":2},{"damage":24,"enemies":"Spheric Guardian","floor":20,"turns":7},{"damage":19,"enemies":"Snake Plant","floor":21,"turns":5},{"damage":21,"enemies":"Shelled Parasite and Fungi","floor":22,"turns":5},{"damage":38,"enemies":"Book of Stabbing","floor":24,"turns":7},{"damage":7,"enemies":"Centurion and Healer","floor":25,"turns":5},{"damage":3,"enemies":"Colosseum Slavers","floor":29,"turns":3},{"damage":0,"enemies":"Slavers","floor":31,"turns":1},{"damage":42,"enemies":"Automaton","floor":33,"turns":9},{"damage":46,"enemies":"3 Darklings","floor":35,"turns":6},{"damage":3,"enemies":"3 Shapes","floor":38,"turns":3},{"damage":4,"enemies":"Transient","floor":39,"turns":5},{"damage":19,"enemies":"Giant Head","floor":40,"turns":5},{"damage":62,"enemies":"Spire Growth","floor":47,"turns":4}],"seed_played":"-2227653647239781158","potions_obtained":[{"floor":1,"key":"Energy Potion"},{"floor":6,"key":"Ancient Potion"},{"floor":7,"key":"Dexterity Potion"},{"floor":12,"key":"Dexterity Potion"},{"floor":16,"key":"Swift Potion"},{"floor":19,"key":"BloodPotion"},{"floor":19,"key":"Energy Potion"},{"floor":19,"key":"Dexterity Potion"},{"floor":20,"key":"EssenceOfSteel"},{"floor":21,"key":"Poison Potion"},{"floor":24,"key":"SteroidPotion"},{"floor":33,"key":"Swift Potion"},{"floor":38,"key":"Weak Potion"},{"floor":39,"key":"AttackPotion"}],"is_trial":false,"path_per_floor":["?","T","?","?","?","$","?","?","$","$","?","?","M"],"character_chosen":"IRONCLAD","items_purchased":["Disarm","Whirlwind","Blood Vial","Evolve+1","Shrug It Off","Strength Potion","Feel No Pain+1","Limit Break","Entrench"],"campfire_rested":3,"item_purchase_floors":[2,2,27,27,27,27,36,36,42],"current_hp_per_floor":[80,80,69,69,74,70,68,68,68,73,66,36,28,12,37,19,85,85,85,67,54,39,64,32,31,31,31,56,61,61,69,69,35,85,45,45,45,50,54,43,43,43,43,43,43,43,0],"gold":0,"neow_bonus":"HUNDRED_GOLD","is_prod":false,"is_daily":false,"chose_seed":false,"campfire_upgraded":3,"win_rate":0,"timestamp":1551776134,"path_taken":["M","$","?","?","?","E","M","R","T","M","?","E","M","M","R","BOSS","M","?","M","M","M","R","E","M","T","?","R","?","R","E","R","BOSS","M","$","?","M","M","E","R","?","T","?","?","?","?"],"build_version":"2019-01-23","purchased_purges":2,"victory":false,"max_hp_per_floor":[80,80,80,80,85,85,85,85,85,85,85,85,85,85,85,85,85,85,85,85,85,85,85,85,85,85,85,85,85,85,85,85,85,85,85,85,85,85,85,85,85,85,85,85,85,85,85],"card_choices":[{"not_picked":["Pommel Strike","Clothesline"],"picked":"Searing Blow","floor":1},{"not_picked":["Rupture","Inflame"],"picked":"Metallicize","floor":6},{"not_picked":["Perfected Strike","Sever Soul"],"picked":"Hemokinesis","floor":7},{"not_picked":["Heavy Blade","Sword Boomerang"],"picked":"Inflame","floor":10},{"not_picked":["Havoc","Perfected Strike"],"picked":"Shrug It Off","floor":12},{"not_picked":["Shrug It Off","Cleave","Clothesline"],"picked":"SKIP","floor":13},{"not_picked":["Flex","Reckless Charge"],"picked":"Iron Wave","floor":14},{"not_picked":["Immolate","Reaper"],"picked":"Exhume","floor":16},{"not_picked":["Shrug It Off","Sword Boomerang"],"picked":"True Grit","floor":18},{"not_picked":["Headbutt","Anger"],"picked":"Carnage+1","floor":20},{"not_picked":["Warcry","Seeing Red"],"picked":"Fiend Fire","floor":21},{"not_picked":["Shockwave","Perfected Strike"],"picked":"Intimidate","floor":22},{"not_picked":["Dual Wield","Cleave"],"picked":"Pummel+1","floor":24},{"not_picked":["Heavy Blade","Power Through+1","Thunderclap"],"picked":"SKIP","floor":25},{"not_picked":["Iron Wave+1","Clothesline"],"picked":"Carnage","floor":31},{"not_picked":["Double Tap","Reaper"],"picked":"Demon Form+1","floor":33},{"not_picked":["Fire Breathing+1","Dropkick","Flex"],"picked":"SKIP","floor":35},{"not_picked":["Shrug It Off+1","Thunderclap+1"],"picked":"True Grit+1","floor":38},{"not_picked":["Wild Strike","Shrug It Off"],"picked":"Clothesline+1","floor":39},{"not_picked":["Anger+1","Havoc"],"picked":"Whirlwind+1","floor":40},{"not_picked":["Transmutation","Forethought"],"picked":"Discovery","floor":45}],"player_experience":112260,"relics_obtained":[{"floor":4,"key":"Gremlin Horn"},{"floor":6,"key":"Shuriken"},{"floor":9,"key":"Centennial Puzzle"},{"floor":12,"key":"Pen Nib"},{"floor":24,"key":"Frozen Egg 2"},{"floor":26,"key":"Dodecahedron"},{"floor":31,"key":"Regal Pillow"},{"floor":40,"key":"Girya"},{"floor":43,"key":"Bag of Preparation"}],"event_choices":[{"damage_healed":0,"gold_gain":75,"player_choice":"Gather Gold","damage_taken":11,"max_hp_gain":0,"max_hp_loss":0,"event_name":"World of Goop","floor":3,"gold_loss":0},{"damage_healed":0,"gold_gain":0,"player_choice":"Donut","damage_taken":0,"max_hp_gain":5,"max_hp_loss":0,"event_name":"Big Fish","floor":5,"gold_loss":0},{"damage_healed":0,"gold_gain":0,"player_choice":"Success","damage_taken":7,"relics_obtained":["Potion Belt"],"max_hp_gain":0,"max_hp_loss":0,"event_name":"Scrap Ooze","floor":11,"gold_loss":0},{"damage_healed":0,"gold_gain":0,"player_choice":"Bought 3 Potions","damage_taken":0,"max_hp_gain":0,"max_hp_loss":0,"event_name":"The Woman in Blue","floor":19,"gold_loss":0},{"damage_healed":0,"gold_gain":0,"player_choice":"Fight","damage_taken":0,"max_hp_gain":0,"max_hp_loss":0,"event_name":"Colosseum","floor":29,"gold_loss":0},{"damage_healed":0,"gold_gain":0,"player_choice":"Fled From Nobs","damage_taken":0,"max_hp_gain":0,"max_hp_loss":0,"event_name":"Colosseum","floor":29,"gold_loss":0},{"damage_healed":0,"gold_gain":0,"player_choice":"Copied","damage_taken":0,"max_hp_gain":0,"max_hp_loss":0,"event_name":"Duplicator","floor":37,"gold_loss":0,"cards_obtained":["Searing Blow"]},{"damage_healed":0,"gold_gain":0,"player_choice":"Memory 1","damage_taken":0,"max_hp_gain":0,"max_hp_loss":0,"event_name":"SensoryStone","floor":45,"gold_loss":0},{"damage_healed":0,"gold_gain":0,"player_choice":"Paid","damage_taken":0,"relics_obtained":["Red Mask"],"max_hp_gain":0,"max_hp_loss":0,"event_name":"Tomb of Lord Red Mask","floor":46,"gold_loss":26}],"is_beta":false,"boss_relics":[{"not_picked":["Busted Crown","Fusion Hammer"],"picked":"Velvet Choker"},{"not_picked":["Black Blood","Astrolabe"],"picked":"Snecko Eye"}],"items_purged_floors":[2,27],"is_endless":false,"potions_floor_spawned":[1,6,7,12,16,20,21,24,33,38,39],"killed_by":"Spire Growth","ascension_level":2}