{"gold_per_floor":[114,114,129,129,144,174,174,174,204,204,219,249,50,50,50,50],"floor_reached":16,"playtime":1895,"items_purged":[],"score":108,"play_id":"644a5728-d232-4580-b4ec-70f60a73e65e","local_time":"20180701005608","daily_mods":["Diverse","Lethality","Binary"],"is_ascension_mode":false,"campfire_choices":[{"floor":10,"key":"REST"},{"floor":15,"key":"REST"}],"neow_cost":"","seed_source_timestamp":0,"circlet_count":0,"master_deck":["Defend_G","Defend_G","Defend_G","Defend_G","Strike_G","Strike_G","Strike_G","Strike_G","Strike_G","Survivor","Neutralize+1","Poisoned Stab","Cleave"],"special_seed":17713,"relics":["Ring of the Snake","Juzu Bracelet","Tiny Chest","The Specimen","Singing Bowl","Bottled Lightning"],"potions_floor_usage":[16,16,16],"damage_taken":[{"damage":0,"enemies":"Jaw Worm","floor":1,"turns":4},{"damage":0,"enemies":"Cultist","floor":3,"turns":3},{"damage":8,"enemies":"2 Louse","floor":5,"turns":3},{"damage":19,"enemies":"Lagavulin","floor":6,"turns":6},{"damage":6,"enemies":"Gremlin Gang","floor":11,"turns":5},{"damage":38,"enemies":"3 Sentries","floor":12,"turns":8},{"damage":38,"enemies":"The Guardian","floor":16,"turns":8}],"seed_played":"-8851648875795215677","potions_obtained":[{"floor":5,"key":"LiquidBronze"},{"floor":11,"key":"Fire Potion"},{"floor":12,"key":"EssenceOfSteel"}],"is_trial":false,"path_per_floor":["M","?","M","?","M","E","?","?","T","R","M","E","$","T","R"],"character_chosen":"THE_SILENT","items_purchased":["Singing Bowl","Cleave"],"campfire_rested":2,"item_purchase_floors":[13,13],"current_hp_per_floor":[70,70,70,70,62,43,43,36,36,57,51,13,13,13,34,0],"gold":50,"neow_bonus":"","is_prod":false,"is_daily":true,"chose_seed":false,"campfire_upgraded":0,"win_rate":0.0,"timestamp":1530420968,"path_taken":["M","?","?","?","M","E","?","?","T","R","M","E","$","?","R","BOSS"],"build_version":"2018-06-28","purchased_purges":0,"victory":false,"max_hp_per_floor":[70,70,70,70,70,70,70,70,70,70,70,70,70,70,70,70],"card_choices":[{"not_picked":["Go for the Eyes","Fire Breathing"],"picked":"SKIP","floor":1},{"not_picked":["True Grit","Doom and Gloom"],"picked":"SKIP","floor":3},{"not_picked":["Hologram","Heel Hook"],"picked":"SKIP","floor":5},{"not_picked":["Acrobatics","Leg Sweep"],"picked":"SKIP","floor":6},{"not_picked":["Barrage","Finisher"],"picked":"SKIP","floor":11},{"not_picked":["Sever Soul"],"picked":"Poisoned Stab","floor":12}],"player_experience":71359,"relics_obtained":[{"floor":6,"key":"Juzu Bracelet"},{"floor":9,"key":"Tiny Chest"},{"floor":12,"key":"The Specimen"},{"floor":14,"key":"Bottled Lightning"}],"event_choices":[{"event_name":"Upgrade Shrine","player_choice":"Upgraded","floor":2,"damage_taken":0},{"event_name":"Purifier","player_choice":"One Purge","floor":4,"damage_taken":0},{"event_name":"Wheel of Change","player_choice":"Curse","floor":7,"damage_taken":0},{"event_name":"Golden Wing","player_choice":"Card Removal","floor":8,"damage_taken":0}],"boss_relics":[],"items_purged_floors":[],"is_endless":false,"potions_floor_spawned":[5,11,12],"killed_by":"The Guardian","ascension_level":0}