{"gold_per_floor":[109,127,147,159,171,171,200,219,219,244,119,119,119,137,137,210,210,220,72,72,72,86,86,115,115,115,147,167,193,212,240,240,318,318,329,348,360,360,360,386,386,418,418,117,117,144,193,0,0,0],"floor_reached":51,"playtime":5513,"items_purged":["Strike_G","Writhe"],"score":1615,"play_id":"4da7dddf-8cdc-4406-8c3a-204a4f3ccdcf","local_time":"20190315221129","is_ascension_mode":true,"campfire_choices":[{"data":"Neutralize","floor":6,"key":"SMITH"},{"data":"Caltrops","floor":13,"key":"SMITH"},{"data":"Dash","floor":15,"key":"SMITH"},{"data":"Skewer","floor":23,"key":"SMITH"},{"floor":25,"key":"REST"},{"data":"Finisher","floor":32,"key":"SMITH"},{"data":"Adrenaline","floor":41,"key":"SMITH"},{"data":"Footwork","floor":45,"key":"SMITH"},{"data":"Well Laid Plans","floor":49,"key":"SMITH"}],"neow_cost":"NONE","seed_source_timestamp":1490754235147,"circlet_count":0,"master_deck":["AscendersBane","Survivor","Neutralize+1","Adrenaline","Poisoned Stab","Cloak And Dagger","Leg Sweep","Dagger Throw","Dash+1","Footwork+1","Caltrops+1","Backflip","Doppelganger","Adrenaline","Escape Plan","Well Laid Plans+1","Skewer+1","Masterful Stab","Tactician","Infinite Blades","Bouncing Flask","Finisher+1","Predator","Flying Knee+1","Footwork+1","Dash+1","Terror+1","Crippling Poison","Adrenaline+1","Cloak And Dagger+1","Parasite","Outmaneuver+1","Accuracy"],"relics":["Ring of the Snake","Du-Vu Doll","Mango","Happy Flower","Pandora\u0027s Box","Oddly Smooth Stone","The Specimen","Ninja Scroll","Tough Bandages","Centennial Puzzle","Blue Candle","Pen Nib","Cursed Key","Sundial","Art of War","Toxic Egg 2","Mercury Hourglass","Juzu Bracelet","Question Card","StoneCalendar","Red Mask"],"potions_floor_usage":[16,29,33,40,42,50,50],"damage_taken":[{"damage":5,"enemies":"Cultist","floor":1,"turns":4},{"damage":2,"enemies":"Small Slimes","floor":2,"turns":3},{"damage":0,"enemies":"2 Louse","floor":3,"turns":2},{"damage":0,"enemies":"Looter","floor":4,"turns":4},{"damage":0,"enemies":"Red Slaver","floor":5,"turns":3},{"damage":20,"enemies":"Gremlin Nob","floor":7,"turns":5},{"damage":0,"enemies":"Exordium Wildlife","floor":8,"turns":4},{"damage":14,"enemies":"3 Sentries","floor":10,"turns":11},{"damage":0,"enemies":"3 Louse","floor":14,"turns":3},{"damage":6,"enemies":"The Guardian","floor":16,"turns":12},{"damage":0,"enemies":"Spheric Guardian","floor":18,"turns":2},{"damage":3,"enemies":"Shell Parasite","floor":22,"turns":3},{"damage":19,"enemies":"Slavers","floor":24,"turns":6},{"damage":0,"enemies":"Gremlin Leader","floor":27,"turns":5},{"damage":0,"enemies":"Centurion and Healer","floor":28,"turns":5},{"damage":3,"enemies":"Book of Stabbing","floor":29,"turns":4},{"damage":5,"enemies":"Cultist and Chosen","floor":30,"turns":3},{"damage":0,"enemies":"Slavers","floor":31,"turns":5},{"damage":39,"enemies":"Champ","floor":33,"turns":12},{"damage":0,"enemies":"3 Shapes","floor":35,"turns":2},{"damage":0,"enemies":"3 Darklings","floor":36,"turns":3},{"damage":3,"enemies":"Writhing Mass","floor":37,"turns":2},{"damage":1,"enemies":"Nemesis","floor":40,"turns":3},{"damage":1,"enemies":"Reptomancer","floor":42,"turns":4},{"damage":0,"enemies":"Giant Head","floor":46,"turns":4},{"damage":3,"enemies":"2 Orb Walkers","floor":47,"turns":3},{"damage":49,"enemies":"Time Eater","floor":50,"turns":7}],"seed_played":"5020103797122027623","potions_obtained":[{"floor":2,"key":"Energy Potion"},{"floor":4,"key":"GamblersBrew"},{"floor":16,"key":"AttackPotion"},{"floor":29,"key":"GamblersBrew"},{"floor":40,"key":"GamblersBrew"},{"floor":42,"key":"GamblersBrew"}],"is_trial":false,"path_per_floor":["M","M","M","M","M","R","E","M","T","E","$","?","R","M","R","B",null,"M","$","?","?","M","R","E","R","T","E","M","E","M","E","R","B",null,"M","M","M","?","T","E","R","E","T","$","R","E","?","?","R","B",null],"character_chosen":"THE_SILENT","items_purchased":["Backflip","Oddly Smooth Stone","Dexterity Potion","Juzu Bracelet"],"campfire_rested":1,"item_purchase_floors":[11,19,44,44],"current_hp_per_floor":[54,52,52,52,52,52,32,32,46,32,32,32,32,32,32,26,67,67,67,67,67,64,64,45,69,69,69,69,66,61,61,61,22,66,66,66,63,63,63,62,62,61,61,61,61,61,58,58,58,9],"gold":0,"neow_bonus":"ONE_RANDOM_RARE_CARD","is_prod":false,"is_daily":false,"chose_seed":false,"campfire_upgraded":8,"win_rate":0,"timestamp":1552702289,"path_taken":["M","?","M","M","M","R","E","M","T","E","$","?","R","?","R","BOSS","M","$","?","?","M","R","E","R","T","E","M","E","M","E","R","BOSS","M","M","M","?","?","E","R","E","T","$","R","E","?","?","R","BOSS"],"build_version":"2019-01-23","purchased_purges":2,"victory":true,"max_hp_per_floor":[66,66,66,66,66,66,66,66,80,80,80,80,80,80,80,80,80,80,80,80,80,80,80,80,80,80,80,80,80,80,80,80,80,80,80,80,80,80,80,80,80,80,80,80,80,80,80,80,80,80],"card_choices":[{"not_picked":["Escape Plan","Outmaneuver"],"picked":"Poisoned Stab","floor":1},{"not_picked":["Infinite Blades","Flechettes"],"picked":"Cloak And Dagger","floor":2},{"not_picked":["Acrobatics","Bouncing Flask"],"picked":"Leg Sweep","floor":3},{"not_picked":["Setup","Deadly Poison"],"picked":"Dagger Throw","floor":4},{"not_picked":["Dodge and Roll","Dagger Throw"],"picked":"Dash","floor":5},{"not_picked":["Catalyst","Acrobatics","Terror"],"picked":"SKIP","floor":7},{"not_picked":["Crippling Poison","Prepared"],"picked":"Footwork","floor":8},{"not_picked":["Finisher","Setup"],"picked":"Caltrops","floor":10},{"not_picked":["Cloak And Dagger","Bane"],"picked":"Doppelganger","floor":14},{"not_picked":["Malaise","Venomology"],"picked":"Adrenaline","floor":16},{"not_picked":["Dodge and Roll+1","Distraction"],"picked":"Flying Knee+1","floor":18},{"not_picked":["Distraction","Blade Dance","Terror"],"picked":"SKIP","floor":22},{"not_picked":["Reflex","Choke"],"picked":"Footwork","floor":24},{"not_picked":["Distraction","Bane"],"picked":"Dash+1","floor":27},{"not_picked":["PiercingWail","Blade Dance","Acrobatics"],"picked":"SKIP","floor":28},{"not_picked":["Flying Knee+1","Dagger Spray+1"],"picked":"Terror+1","floor":29},{"not_picked":["Infinite Blades","Slice"],"picked":"Crippling Poison","floor":30},{"not_picked":["Acrobatics","Finisher","Calculated Gamble+1"],"picked":"SKIP","floor":31},{"not_picked":["Night Terror","Glass Knife"],"picked":"Adrenaline","floor":33},{"not_picked":["Deadly Poison+1","Expertise"],"picked":"Cloak And Dagger+1","floor":35},{"not_picked":["Acrobatics","Sucker Punch","Terror"],"picked":"SKIP","floor":36},{"not_picked":["Blade Dance+1","Prepared","Underhanded Strike"],"picked":"SKIP","floor":37},{"not_picked":["Underhanded Strike+1","Sucker Punch","Flying Knee"],"picked":"SKIP","floor":40},{"not_picked":["Prepared","Slice"],"picked":"Outmaneuver","floor":42},{"not_picked":["Quick Slash","Blade Dance+1"],"picked":"Accuracy","floor":46}],"player_experience":718327,"relics_obtained":[{"floor":7,"key":"Du-Vu Doll"},{"floor":9,"key":"Mango"},{"floor":10,"key":"Happy Flower"},{"floor":24,"key":"Ninja Scroll"},{"floor":26,"key":"Tough Bandages"},{"floor":27,"key":"Centennial Puzzle"},{"floor":29,"key":"Blue Candle"},{"floor":31,"key":"Pen Nib"},{"floor":39,"key":"Sundial"},{"floor":40,"key":"Art of War"},{"floor":42,"key":"Toxic Egg 2"},{"floor":43,"key":"Mercury Hourglass"},{"floor":46,"key":"Question Card"},{"floor":47,"key":"StoneCalendar"}],"event_choices":[{"damage_healed":0,"gold_gain":0,"player_choice":"Upgraded","damage_taken":0,"max_hp_gain":0,"max_hp_loss":0,"event_name":"Upgrade Shrine","floor":12,"gold_loss":0,"cards_upgraded":["Footwork"]},{"damage_healed":0,"gold_gain":0,"player_choice":"Opened","damage_taken":0,"relics_obtained":["The Specimen"],"max_hp_gain":0,"max_hp_loss":0,"event_name":"The Mausoleum","floor":20,"gold_loss":0,"cards_obtained":["Writhe"]},{"cards_removed":["Writhe"],"damage_healed":0,"gold_gain":0,"player_choice":"Purged","damage_taken":0,"max_hp_gain":0,"max_hp_loss":0,"event_name":"Purifier","floor":21,"gold_loss":0},{"damage_healed":0,"gold_gain":0,"player_choice":"Memory 1","damage_taken":0,"max_hp_gain":0,"max_hp_loss":0,"event_name":"SensoryStone","floor":38,"gold_loss":0},{"damage_healed":0,"gold_gain":0,"player_choice":"Fight","damage_taken":0,"max_hp_gain":0,"max_hp_loss":0,"event_name":"Mysterious Sphere","floor":47,"gold_loss":0},{"damage_healed":0,"gold_gain":0,"player_choice":"Paid","damage_taken":0,"relics_obtained":["Red Mask"],"max_hp_gain":0,"max_hp_loss":0,"event_name":"Tomb of Lord Red Mask","floor":48,"gold_loss":193}],"is_beta":false,"boss_relics":[{"not_picked":["WristBlade","Black Star"],"picked":"Pandora\u0027s Box"},{"not_picked":["Snecko Eye","Astrolabe"],"picked":"Cursed Key"}],"items_purged_floors":[11,44],"is_endless":false,"potions_floor_spawned":[2,4,7,16,18,27,28,29,40,42],"ascension_level":15}