{"gold_per_floor":[110,110,39,57,70,70,99,64,90,90,90,116,116,185,185,287,287,306,321,321,321,321,354,380,414,414,414,24,43,43,43,43,141,141,152,170,170,170],"floor_reached":38,"playtime":3469,"items_purged":[],"score":441,"play_id":"01c8af01-d1ee-4dfc-92e4-0fb4babfb091","local_time":"20190217083022","is_ascension_mode":false,"campfire_choices":[{"data":"Bash","floor":6,"key":"SMITH"},{"data":"Armaments","floor":10,"key":"SMITH"},{"data":"Shrug It Off","floor":13,"key":"SMITH"},{"data":"Metallicize","floor":15,"key":"SMITH"},{"floor":27,"key":"REST"},{"data":"Demon Form","floor":32,"key":"SMITH"}],"neow_cost":"NONE","seed_source_timestamp":140583448058993,"circlet_count":0,"master_deck":["Strike_R","Strike_R","Strike_R","Strike_R","Defend_R","Defend_R+1","Defend_R+1","Defend_R","Bash+1","Dropkick","Armaments+1","Shrug It Off+1","Metallicize+1","Thunderclap","Demon Form+1","Uppercut","Shrug It Off","Necronomicurse","Ghostly","Ghostly","Ghostly","Ghostly","Ghostly","Clothesline+1","Pommel Strike","Sword Boomerang+1","The Bomb","Limit Break","Twin Strike+1","Metallicize"],"relics":["Burning Blood","Oddly Smooth Stone","Orichalcum","War Paint","Centennial Puzzle","Runic Cube","MutagenicStrength","Necronomicon","Juzu Bracelet","Red Mask","Omamori","Bottled Tornado","Lee\u0027s Waffle","Runic Pyramid"],"potions_floor_usage":[25,33,33,33],"damage_taken":[{"damage":13,"enemies":"Jaw Worm","floor":1,"turns":5},{"damage":0,"enemies":"Cultist","floor":4,"turns":3},{"damage":0,"enemies":"2 Louse","floor":5,"turns":2},{"damage":37,"enemies":"Lagavulin","floor":7,"turns":8},{"damage":9,"enemies":"3 Sentries","floor":12,"turns":8},{"damage":20,"enemies":"The Guardian","floor":16,"turns":13},{"damage":7,"enemies":"Shell Parasite","floor":18,"turns":8},{"damage":4,"enemies":"Chosen","floor":19,"turns":5},{"damage":5,"enemies":"Book of Stabbing","floor":23,"turns":8},{"damage":4,"enemies":"Masked Bandits","floor":24,"turns":5},{"damage":30,"enemies":"Gremlin Leader","floor":25,"turns":7},{"damage":4,"enemies":"Centurion and Healer","floor":29,"turns":4},{"damage":17,"enemies":"Colosseum Slavers","floor":30,"turns":5},{"damage":20,"enemies":"Collector","floor":33,"turns":9},{"damage":17,"enemies":"3 Shapes","floor":35,"turns":8},{"damage":14,"enemies":"3 Darklings","floor":36,"turns":6},{"damage":40,"enemies":"Writhing Mass","floor":38,"turns":4}],"seed_played":"-3929556868425318248","potions_obtained":[{"floor":1,"key":"Regen Potion"},{"floor":4,"key":"PowerPotion"},{"floor":16,"key":"Explosive Potion"},{"floor":25,"key":"Ancient Potion"},{"floor":29,"key":"EssenceOfSteel"},{"floor":35,"key":"GamblersBrew"},{"floor":36,"key":"Dexterity Potion"}],"is_trial":false,"path_per_floor":["?","M","?","$","?","?","?","?","?","?","?","?"],"character_chosen":"IRONCLAD","items_purchased":["Armaments","Shrug It Off","The Bomb","Lee\u0027s Waffle"],"campfire_rested":1,"item_purchase_floors":[3,3,28,28],"current_hp_per_floor":[73,73,73,79,80,80,49,69,69,69,69,66,66,66,66,52,80,79,80,80,64,40,40,40,16,16,28,47,47,36,36,36,27,47,36,28,28,0],"gold":170,"neow_bonus":"RANDOM_COMMON_RELIC","is_prod":false,"is_daily":false,"chose_seed":false,"campfire_upgraded":5,"win_rate":0.0,"timestamp":1550417422,"path_taken":["M","?","$","?","M","R","E","?","T","R","?","E","R","?","R","BOSS","M","M","?","?","?","E","?","E","T","R","$","M","?","?","R","BOSS","M","M","?","M"],"build_version":"2019-01-23","purchased_purges":0,"victory":false,"max_hp_per_floor":[80,80,80,80,80,80,80,80,80,80,80,80,80,80,80,80,80,80,80,80,80,40,40,40,40,40,40,47,47,47,47,47,47,47,47,47,47,47],"card_choices":[{"not_picked":["Burning Pact","Headbutt"],"picked":"Dropkick","floor":1},{"not_picked":["Clash","Dual Wield","Flex"],"picked":"SKIP","floor":4},{"not_picked":["Shrug It Off","Flame Barrier"],"picked":"Metallicize","floor":5},{"not_picked":["Sever Soul","Spot Weakness"],"picked":"Thunderclap","floor":7},{"not_picked":["Seeing Red","Fire Breathing","Heavy Blade"],"picked":"SKIP","floor":12},{"not_picked":["Limit Break","Berserk"],"picked":"Demon Form","floor":16},{"not_picked":["Flex","Dropkick"],"picked":"Uppercut","floor":18},{"not_picked":["Warcry","Blood for Blood+1"],"picked":"Shrug It Off","floor":19},{"not_picked":["Armaments","Juggernaut"],"picked":"Clothesline+1","floor":23},{"not_picked":["True Grit","Headbutt"],"picked":"Pommel Strike","floor":24},{"not_picked":["Thunderclap","Pommel Strike+1"],"picked":"Sword Boomerang+1","floor":25},{"not_picked":["Burning Pact+1","True Grit","Rupture+1"],"picked":"SKIP","floor":29},{"not_picked":["Bludgeon","Feed"],"picked":"Limit Break","floor":33},{"not_picked":["Pommel Strike","Corruption+1"],"picked":"Twin Strike+1","floor":35},{"not_picked":["Dual Wield+1","Body Slam"],"picked":"Metallicize","floor":36}],"player_experience":11132,"relics_obtained":[{"floor":7,"key":"Orichalcum"},{"floor":9,"key":"War Paint"},{"floor":12,"key":"Centennial Puzzle"},{"floor":21,"key":"Necronomicon"},{"floor":23,"key":"Juzu Bracelet"},{"floor":24,"key":"Red Mask"},{"floor":25,"key":"Omamori"},{"floor":26,"key":"Bottled Tornado"}],"event_choices":[{"cards_removed":["Strike_R"],"damage_healed":0,"gold_gain":0,"player_choice":"Purged","damage_taken":0,"max_hp_gain":0,"max_hp_loss":0,"event_name":"Purifier","floor":2,"gold_loss":0},{"damage_healed":20,"gold_gain":0,"player_choice":"Healed","damage_taken":0,"max_hp_gain":0,"max_hp_loss":0,"event_name":"The Cleric","floor":8,"gold_loss":35},{"damage_healed":0,"gold_gain":69,"player_choice":"Gained Gold","damage_taken":0,"max_hp_gain":0,"max_hp_loss":0,"event_name":"Golden Wing","floor":14,"gold_loss":0},{"damage_healed":0,"gold_gain":0,"player_choice":"Inject Mutagens","damage_taken":0,"relics_obtained":["MutagenicStrength"],"max_hp_gain":0,"max_hp_loss":0,"event_name":"Drug Dealer","floor":20,"gold_loss":0},{"damage_healed":0,"gold_gain":0,"player_choice":"Obtained Book","damage_taken":16,"max_hp_gain":0,"max_hp_loss":0,"event_name":"Cursed Tome","floor":21,"gold_loss":0},{"damage_healed":0,"gold_gain":0,"player_choice":"Became a Ghost","damage_taken":0,"max_hp_gain":0,"max_hp_loss":40,"event_name":"Ghosts","floor":22,"gold_loss":0,"cards_obtained":["Ghostly","Ghostly","Ghostly","Ghostly","Ghostly"]},{"damage_healed":0,"gold_gain":0,"player_choice":"Fought Bandits","damage_taken":0,"max_hp_gain":0,"max_hp_loss":0,"event_name":"Masked Bandits","floor":24,"gold_loss":0},{"damage_healed":0,"gold_gain":0,"player_choice":"Fight","damage_taken":0,"max_hp_gain":0,"max_hp_loss":0,"event_name":"Colosseum","floor":30,"gold_loss":0},{"damage_healed":0,"gold_gain":0,"player_choice":"Fled From Nobs","damage_taken":0,"max_hp_gain":0,"max_hp_loss":0,"event_name":"Colosseum","floor":30,"gold_loss":0},{"damage_healed":0,"gold_gain":0,"player_choice":"Ignored","damage_taken":0,"max_hp_gain":0,"max_hp_loss":0,"event_name":"Vampires","floor":31,"gold_loss":0},{"damage_healed":0,"gold_gain":0,"player_choice":"Ignored","damage_taken":0,"max_hp_gain":0,"max_hp_loss":0,"event_name":"Mysterious Sphere","floor":37,"gold_loss":0}],"is_beta":false,"boss_relics":[{"not_picked":["Tiny House","Runic Dome"],"picked":"Runic Cube"},{"not_picked":["Black Star","Calling Bell"],"picked":"Runic Pyramid"}],"items_purged_floors":[],"is_endless":false,"potions_floor_spawned":[1,4,16,18,25,29,30,35,36],"killed_by":"Writhing Mass","ascension_level":0}