{"gold_per_floor":[111,125,78,253,130,130,165,223,223,223,234,251,526,544,544,544],"floor_reached":16,"playtime":1261,"items_purged":["Doubt"],"score":135,"play_id":"bacb5d89-acec-4e89-b511-5a97ea25f0d9","local_time":"20190202005127","is_ascension_mode":true,"campfire_choices":[{"data":"Bash","floor":6.0,"key":"SMITH"},{"floor":10.0,"key":"REST"},{"floor":15.0,"key":"REST"}],"neow_cost":"NONE","seed_source_timestamp":447538634976571,"circlet_count":0,"master_deck":["Strike_R","Strike_R","Strike_R","Strike_R","Strike_R","Defend_R","Defend_R","Defend_R","Defend_R","Bash+1","Corruption","Cleave","Pommel Strike","Limit Break","Iron Wave","Spot Weakness+1","Regret"],"special_seed":0,"relics":["Burning Blood","Ancient Tea Set","Toxic Egg 2","Sundial"],"potions_floor_usage":[16,16],"damage_taken":[{"damage":1.0,"enemies":"Cultist","floor":1.0,"turns":4.0},{"damage":8.0,"enemies":"Jaw Worm","floor":2.0,"turns":4.0},{"damage":45.0,"enemies":"3 Sentries","floor":7.0,"turns":8.0},{"damage":32.0,"enemies":"Lagavulin Event","floor":8.0,"turns":5.0},{"damage":7.0,"enemies":"Small Slimes","floor":11.0,"turns":4.0},{"damage":18.0,"enemies":"Red Slaver","floor":12.0,"turns":4.0},{"damage":15.0,"enemies":"Large Slime","floor":14.0,"turns":4.0},{"damage":48,"enemies":"The Guardian","floor":16,"turns":8}],"seed_played":"7421781823271488410","potions_obtained":[{"floor":0.0,"key":"EssenceOfSteel"},{"floor":0.0,"key":"LiquidBronze"},{"floor":0.0,"key":"PowerPotion"},{"floor":8.0,"key":"FairyPotion"},{"floor":12.0,"key":"Fire Potion"}],"is_trial":false,"path_per_floor":["M","M","$","?","$","R","E","?","T","R","M","M","?","M","R","B"],"character_chosen":"IRONCLAD","items_purchased":["Cleave","Pommel Strike"],"campfire_rested":2,"item_purchase_floors":[3,5],"current_hp_per_floor":[77,75,75,75,75,75,36,10,10,34,33,21,21,12,36,0],"gold":544,"neow_bonus":"THREE_SMALL_POTIONS","is_prod":false,"is_daily":false,"chose_seed":false,"campfire_upgraded":1,"win_rate":0,"timestamp":1549086687,"path_taken":["M","M","$","?","$","R","E","?","T","R","M","M","?","M","R","BOSS"],"build_version":"2019-01-23","purchased_purges":1,"victory":false,"max_hp_per_floor":[80,80,80,80,80,80,80,80,80,80,80,80,80,80,80,80],"card_choices":[{"not_picked":["Clash","Anger","True Grit"],"picked":"SKIP","floor":1.0},{"not_picked":["Shrug It Off","Warcry"],"picked":"Corruption","floor":2.0},{"not_picked":["Dual Wield","Combust"],"picked":"Limit Break","floor":7.0},{"not_picked":["Anger","Whirlwind"],"picked":"Iron Wave","floor":8.0},{"not_picked":["Wild Strike","Body Slam","Dropkick"],"picked":"SKIP","floor":11.0},{"not_picked":["Bloodletting+1","Havoc+1"],"picked":"Spot Weakness+1","floor":12.0},{"not_picked":["Cleave","Thunderclap","Heavy Blade"],"picked":"SKIP","floor":14.0}],"player_experience":356658,"relics_obtained":[{"floor":7.0,"key":"Ancient Tea Set"},{"floor":8.0,"key":"Toxic Egg 2"},{"floor":9.0,"key":"Sundial"}],"event_choices":[{"damage_healed":0.0,"max_hp_gain":0.0,"max_hp_loss":0.0,"gold_gain":175.0,"event_name":"Liars Game","player_choice":"AGREE","floor":4.0,"gold_loss":0.0,"damage_taken":0.0,"cards_obtained":["Doubt"]},{"damage_healed":0.0,"max_hp_gain":0.0,"max_hp_loss":0.0,"gold_gain":0.0,"event_name":"Dead Adventurer","player_choice":"Searched \u00272\u0027 times","floor":8.0,"gold_loss":0.0,"damage_taken":0.0},{"damage_healed":0.0,"max_hp_gain":0.0,"max_hp_loss":0.0,"gold_gain":275.0,"event_name":"Golden Shrine","player_choice":"Desecrate","floor":13.0,"gold_loss":0.0,"damage_taken":0.0,"cards_obtained":["Regret"]}],"is_beta":false,"boss_relics":[],"items_purged_floors":[5],"is_endless":false,"potions_floor_spawned":[8,11,12],"killed_by":"The Guardian","ascension_level":7}