{"gold_per_floor":[116,132,144,161,161,161,177,177,201,237,46,46,70,84,84,213,213,237,237,255,255,255,255,255],"floor_reached":24,"playtime":956,"items_purged":["Hyperbeam"],"score":228,"play_id":"716d674e-a5d2-4708-8731-edc35d73460f","local_time":"20190207211455","is_ascension_mode":true,"campfire_choices":[{"floor":6,"key":"REST"},{"floor":8,"key":"REST"},{"floor":15,"key":"REST"},{"floor":23,"key":"REST"}],"neow_cost":"NONE","seed_source_timestamp":95867943372660,"circlet_count":0,"master_deck":["Strike_B","Strike_B","Strike_B","Strike_B","Defend_B","Defend_B","Defend_B","Defend_B","Zap","Dualcast","Ball Lightning","Conserve Battery","Gash","Cold Snap","Sweeping Beam","Rainbow","Buffer","Buffer"],"relics":["Cracked Core","Bloody Idol","Lantern","Happy Flower","Orrery","Nilry\u0027s Codex"],"potions_floor_usage":[16],"damage_taken":[{"damage":0,"enemies":"Small Slimes","floor":1,"turns":1},{"damage":7,"enemies":"Jaw Worm","floor":2,"turns":2},{"damage":0,"enemies":"Cultist","floor":3,"turns":2},{"damage":16,"enemies":"Blue Slaver","floor":4,"turns":3},{"damage":4,"enemies":"3 Louse","floor":7,"turns":2},{"damage":20,"enemies":"3 Sentries","floor":10,"turns":3},{"damage":11,"enemies":"Exordium Wildlife","floor":13,"turns":3},{"damage":9,"enemies":"Looter","floor":14,"turns":3},{"damage":48,"enemies":"Hexaghost","floor":16,"turns":10},{"damage":11,"enemies":"Spheric Guardian","floor":18,"turns":5},{"damage":22,"enemies":"3 Byrds","floor":20,"turns":5},{"damage":32,"enemies":"3 Cultists","floor":24,"turns":5}],"seed_played":"-3711546127010603661","potions_obtained":[{"floor":2,"key":"Regen Potion"},{"floor":3,"key":"AttackPotion"},{"floor":4,"key":"Poison Potion"},{"floor":20,"key":"Poison Potion"}],"is_trial":false,"path_per_floor":["M","M","M","M","?","R","M","R","T","E","$","?","M","M","R","B",null,"M","?","M","?","?","R","M"],"character_chosen":"DEFECT","items_purchased":["Gash","Rainbow"],"campfire_rested":4,"item_purchase_floors":[11,11],"current_hp_per_floor":[75,68,68,52,34,56,52,74,74,54,54,59,48,39,61,13,75,64,64,42,42,26,48,16],"gold":255,"neow_bonus":"ONE_RANDOM_RARE_CARD","is_prod":false,"is_daily":false,"chose_seed":false,"campfire_upgraded":0,"win_rate":0,"timestamp":1549534495,"path_taken":["M","M","M","M","?","R","M","R","T","E","$","?","?","M","R","BOSS","M","?","M","?","?","R","?"],"build_version":"2019-01-23","purchased_purges":1,"victory":false,"max_hp_per_floor":[75,75,75,75,75,75,75,75,75,75,75,75,75,75,75,75,75,75,75,75,75,75,75,75],"card_choices":[{"not_picked":["Rebound","Barrage","Coolheaded"],"picked":"SKIP","floor":1},{"not_picked":["Compile Driver","Hologram"],"picked":"Ball Lightning","floor":2},{"not_picked":["Gash","Hyperbeam"],"picked":"Conserve Battery","floor":3},{"not_picked":["Turbo","BootSequence"],"picked":"Gash","floor":4},{"not_picked":["Stack","Gash"],"picked":"Cold Snap","floor":7},{"not_picked":["Steam","Compile Driver"],"picked":"Sweeping Beam","floor":10},{"not_picked":["Sweeping Beam","Compile Driver","Leap"],"picked":"SKIP","floor":13},{"not_picked":["Turbo","Compile Driver","Fusion"],"picked":"SKIP","floor":14},{"not_picked":["Echo Form","Thunder Strike"],"picked":"Buffer","floor":16},{"not_picked":["Aggregate","Force Field"],"picked":"Buffer","floor":17},{"not_picked":["Coolheaded","Steam","Redo+1"],"picked":"SKIP","floor":18},{"not_picked":["Steam Power","Rebound","Compile Driver"],"picked":"SKIP","floor":20}],"player_experience":154858,"relics_obtained":[{"floor":9,"key":"Lantern"},{"floor":10,"key":"Happy Flower"},{"floor":22,"key":"Nilry\u0027s Codex"}],"event_choices":[{"damage_healed":0,"gold_gain":0,"player_choice":"Take Damage","damage_taken":18,"relics_obtained":["Golden Idol"],"max_hp_gain":0,"max_hp_loss":0,"event_name":"Golden Idol","floor":5,"gold_loss":0},{"cards_removed":["Gash"],"damage_healed":5,"gold_gain":0,"player_choice":"Offered Common","damage_taken":0,"max_hp_gain":0,"max_hp_loss":0,"event_name":"Bonfire Elementals","floor":12,"gold_loss":0},{"cards_removed":["Gash"],"damage_healed":5,"gold_gain":0,"player_choice":"Offered Special","damage_taken":0,"max_hp_gain":0,"max_hp_loss":0,"event_name":"Bonfire Elementals","floor":12,"gold_loss":0},{"damage_healed":0,"gold_gain":0,"player_choice":"Ignored","damage_taken":0,"max_hp_gain":0,"max_hp_loss":0,"event_name":"Beggar","floor":19,"gold_loss":0},{"damage_healed":0,"gold_gain":0,"player_choice":"Gave Idol","damage_taken":0,"relics_obtained":["Bloody Idol"],"max_hp_gain":0,"max_hp_loss":0,"event_name":"Forgotten Altar","floor":21,"relics_lost":["Golden Idol"],"gold_loss":0},{"damage_healed":0,"gold_gain":0,"player_choice":"Obtained Book","damage_taken":16,"max_hp_gain":0,"max_hp_loss":0,"event_name":"Cursed Tome","floor":22,"gold_loss":0}],"is_beta":false,"boss_relics":[{"not_picked":["Empty Cage","Lizard Tail"],"picked":"Orrery"}],"items_purged_floors":[11],"is_endless":false,"potions_floor_spawned":[2,3,4,14,20],"killed_by":"3 Cultists","ascension_level":3}