{"gold_per_floor":[115,135,210,360,53,53,81,81,81,96,96,12,12,45,45,45],"floor_reached":16,"playtime":539,"items_purged":["Doubt"],"score":201,"play_id":"ca5395f1-4a4d-4a49-bf38-71c825bd3201","local_time":"20180928061034","is_ascension_mode":true,"campfire_choices":[{"floor":6.0,"key":"REST"},{"floor":8,"key":"REST"},{"data":"Riddle With Holes","floor":13,"key":"SMITH"},{"data":"Dagger Spray","floor":15,"key":"SMITH"}],"neow_cost":"PERCENT_DAMAGE","seed_source_timestamp":552297991916731,"circlet_count":0,"master_deck":["Defend_G","Defend_G","Defend_G","Defend_G","Defend_G","Strike_G","Strike_G","Strike_G","Strike_G","Strike_G","Survivor","Neutralize","AscendersBane","Adrenaline+1","Outmaneuver","Backstab","Dagger Spray+1","Riddle With Holes+1","Blur"],"special_seed":0,"relics":["Ring of the Snake","TwistedFunnel","Regal Pillow","Kunai","Peace Pipe"],"potions_floor_usage":[7,14,16],"damage_taken":[{"damage":8.0,"enemies":"Small Slimes","floor":1.0,"turns":4.0},{"damage":2.0,"enemies":"2 Louse","floor":2.0,"turns":5.0},{"damage":40,"enemies":"3 Sentries","floor":7,"turns":15},{"damage":0,"enemies":"Jaw Worm","floor":10,"turns":4},{"damage":1,"enemies":"Gremlin Nob","floor":14,"turns":3},{"damage":43,"enemies":"Slime Boss","floor":16,"turns":9}],"seed_played":"-1041827236329572544","potions_obtained":[{"floor":2.0,"key":"Weak Potion"},{"floor":10,"key":"SkillPotion"}],"is_trial":false,"path_per_floor":["M","M","?","?","$","R","E","R","T","M","?","$","R","E","R"],"character_chosen":"THE_SILENT","items_purchased":["TwistedFunnel","EssenceOfSteel"],"campfire_rested":2,"item_purchase_floors":[5,12],"current_hp_per_floor":[36,34,23,23,23,42,2,36,36,36,36,36,36,35,35,0],"gold":45,"neow_bonus":"THREE_RARE_CARDS","is_prod":false,"is_daily":false,"chose_seed":false,"campfire_upgraded":2,"win_rate":0,"timestamp":1538107834,"path_taken":["M","M","?","?","?","R","E","R","T","?","?","$","R","E","R","BOSS"],"build_version":"2018-09-27","purchased_purges":1,"victory":false,"max_hp_per_floor":[66,66,66,66,66,66,66,66,66,66,66,66,66,66,66,66],"card_choices":[{"not_picked":["Night Terror","Storm of Steel"],"picked":"Adrenaline","floor":0.0},{"not_picked":["Quick Slash","Predator"],"picked":"Outmaneuver","floor":1.0},{"not_picked":["Dash","Slice"],"picked":"Backstab","floor":2.0},{"not_picked":["Eviscerate","Reflex"],"picked":"Dagger Spray","floor":7},{"not_picked":["Sucker Punch","Acrobatics"],"picked":"Riddle With Holes","floor":10},{"not_picked":["Distraction","Flying Knee"],"picked":"Blur","floor":14}],"player_experience":776094,"relics_obtained":[{"floor":7,"key":"Regal Pillow"},{"floor":9,"key":"Kunai"},{"floor":14,"key":"Peace Pipe"}],"event_choices":[{"event_name":"World of Goop","player_choice":"Gather Gold","floor":3.0,"damage_taken":0.0},{"event_name":"Liars Game","player_choice":"agreed","floor":4.0,"damage_taken":0.0},{"event_name":"Living Wall","player_choice":"Grow","floor":11,"damage_taken":0}],"is_beta":false,"boss_relics":[],"items_purged_floors":[5],"is_endless":false,"potions_floor_spawned":[2,10],"killed_by":"Slime Boss","ascension_level":18}