{"gold_per_floor":[211,361,381,381,456,456,6,6,30,41,41,60,60,87,87,164,164,164,164,89,89,89,89,89,89,89,89,89,89,89,89,89,89,89,89,89,89,89,89,89,89,89,89,89,89,89,89,89,89,89,89,89,89,32,32],"floor_reached":55,"playtime":2585,"items_purged":["Strike_R"],"score":1988,"play_id":"9eefcb7c-b7d6-4154-a380-7e9b8fcf2229","local_time":"20190309040407","is_ascension_mode":true,"campfire_choices":[{"data":"Bash","floor":6.0,"key":"SMITH"},{"data":"Carnage","floor":8.0,"key":"SMITH"},{"data":"Flame Barrier","floor":11.0,"key":"SMITH"},{"data":"Metallicize","floor":13.0,"key":"SMITH"},{"data":"Evolve","floor":15.0,"key":"SMITH"},{"floor":23.0,"key":"REST"},{"floor":25.0,"key":"REST"},{"data":"Fiend Fire","floor":30,"key":"SMITH"},{"floor":32,"key":"REST"},{"data":"Body Slam","floor":40,"key":"SMITH"},{"data":"Metallicize","floor":42,"key":"SMITH"},{"floor":47,"key":"RECALL"},{"data":"Body Slam","floor":49,"key":"SMITH"},{"data":"Metallicize","floor":53,"key":"SMITH"}],"neow_cost":"NONE","seed_source_timestamp":908820563573691,"circlet_count":0,"master_deck":["AscendersBane","Strike_R+1","Strike_R+1","Strike_R","Defend_R","Defend_R","Defend_R+1","Defend_R","Bash+1","Evolve+1","Metallicize+1","Carnage+1","Flame Barrier+1","Fiend Fire+1","Power Through+1","Uppercut+1","Power Through","Wild Strike+1","Impervious","Impervious","Ghostly Armor+1","Body Slam+1","Metallicize+1","Metallicize+1","Body Slam+1"],"special_seed":0,"relics":["Burning Blood","Whetstone","Boot","Anchor","Matryoshka","Ectoplasm","Red Mask","Gremlin Horn","Strawberry","Potion Belt","Regal Pillow","Shuriken","War Paint","Philosopher\u0027s Stone","Bronze Scales","Nunchaku","SsserpentHead","Happy Flower","Paper Frog","Pen Nib","Art of War"],"potions_floor_usage":[31,31,33,33,33,48,50],"damage_taken":[{"damage":14.0,"enemies":"Jaw Worm","floor":1.0,"turns":6.0},{"damage":7.0,"enemies":"Small Slimes","floor":3.0,"turns":5.0},{"damage":9.0,"enemies":"Cultist","floor":10.0,"turns":4.0},{"damage":1.0,"enemies":"2 Fungi Beasts","floor":12.0,"turns":4.0},{"damage":1.0,"enemies":"3 Sentries","floor":14.0,"turns":8.0},{"damage":41.0,"enemies":"The Guardian","floor":16.0,"turns":16.0},{"damage":6.0,"enemies":"3 Byrds","floor":18.0,"turns":4.0},{"damage":25.0,"enemies":"Masked Bandits","floor":19.0,"turns":4.0},{"damage":15.0,"enemies":"Spheric Guardian","floor":21.0,"turns":4.0},{"damage":22.0,"enemies":"Snake Plant","floor":22.0,"turns":4.0},{"damage":20.0,"enemies":"Book of Stabbing","floor":24.0,"turns":5.0},{"damage":5.0,"enemies":"Slavers","floor":27.0,"turns":9.0},{"damage":28,"enemies":"Shelled Parasite and Fungi","floor":29,"turns":5},{"damage":7,"enemies":"3 Cultists","floor":31,"turns":4},{"damage":65,"enemies":"Automaton","floor":33,"turns":16},{"damage":0,"enemies":"3 Shapes","floor":35,"turns":5},{"damage":0,"enemies":"Mind Bloom Boss Battle","floor":37,"turns":6},{"damage":3,"enemies":"3 Darklings","floor":39,"turns":5},{"damage":0,"enemies":"Nemesis","floor":41,"turns":6},{"damage":20,"enemies":"Reptomancer","floor":44,"turns":9},{"damage":0,"enemies":"Writhing Mass","floor":45,"turns":5},{"damage":15,"enemies":"Nemesis","floor":46,"turns":11},{"damage":11,"enemies":"Reptomancer","floor":48,"turns":5},{"damage":5,"enemies":"Donu and Deca","floor":50,"turns":10},{"damage":13,"enemies":"Time Eater","floor":51,"turns":10},{"damage":85,"enemies":"Shield and Spear","floor":55,"turns":4}],"seed_played":"2810297776772086606","potions_obtained":[{"floor":1.0,"key":"LiquidBronze"},{"floor":10.0,"key":"Weak Potion"},{"floor":18.0,"key":"Swift Potion"},{"floor":22.0,"key":"Strength Potion"},{"floor":27.0,"key":"EntropicBrew"},{"floor":33,"key":"Fire Potion"},{"floor":35,"key":"PowerPotion"},{"floor":41,"key":"Fire Potion"}],"is_trial":false,"path_per_floor":["M","?","M","?","?","R","$","R","T","M","R","M","R","E","R","B",null,"M","?","?","M","M","R","E","R","T","E","T","M","R","M","R","B",null,"M","T","?","?","M","R","E","R","T","E","M","E","R","E","R","B","B",null,"R","$","E"],"character_chosen":"IRONCLAD","items_purchased":["Whetstone","Boot","Carnage","PowerPotion"],"campfire_rested":3,"item_purchase_floors":[7,7,7,54],"current_hp_per_floor":[60,60,59,52,41,41,41,41,41,38,38,43,43,48,48,13,60,60,41,41,32,16,38,24,46,53,54,54,32,32,31,70,11,64,70,70,76,76,79,79,82,82,82,68,74,65,65,60,60,61,54,75,75,75,0],"gold":32,"neow_bonus":"HUNDRED_GOLD","is_prod":false,"is_daily":false,"chose_seed":false,"campfire_upgraded":10,"win_rate":0,"timestamp":1552100647,"path_taken":["M","?","M","?","?","R","?","R","T","M","R","?","R","E","R","BOSS","M","?","?","M","M","R","E","R","T","E","?","M","R","M","R","BOSS","M","?","?","?","?","R","E","R","T","E","?","E","R","E","R","BOSS","BOSS","R","$","E"],"build_version":"2019-01-23","purchased_purges":1,"victory":false,"max_hp_per_floor":[75,75,75,75,75,75,75,75,75,75,75,75,75,75,75,75,75,75,75,75,75,75,75,75,75,82,82,82,82,82,82,82,82,82,82,82,82,82,82,82,82,82,82,82,82,82,82,82,82,82,82,82,82,82,82],"card_choices":[{"not_picked":["Burning Pact","Clash"],"picked":"Evolve","floor":1.0},{"not_picked":["Anger","Blood for Blood"],"picked":"Metallicize","floor":3.0},{"not_picked":["Cleave","Twin Strike"],"picked":"Flame Barrier","floor":10.0},{"not_picked":["Sword Boomerang","Entrench","Headbutt"],"picked":"SKIP","floor":12.0},{"not_picked":["Dark Embrace","Sever Soul","Armaments"],"picked":"SKIP","floor":14.0},{"not_picked":["Juggernaut","Exhume"],"picked":"Fiend Fire","floor":16.0},{"not_picked":["Pommel Strike+1","Pummel"],"picked":"Power Through","floor":18.0},{"not_picked":["Intimidate+1","Heavy Blade+1"],"picked":"Uppercut+1","floor":19.0},{"not_picked":["Shockwave","Perfected Strike","Flame Barrier"],"picked":"SKIP","floor":21.0},{"not_picked":["Uppercut","Body Slam+1","Fire Breathing"],"picked":"SKIP","floor":22.0},{"not_picked":["True Grit","Hemokinesis"],"picked":"Power Through","floor":24.0},{"not_picked":["Twin Strike","Sword Boomerang"],"picked":"Wild Strike+1","floor":27.0},{"not_picked":["Burning Pact","Shrug It Off"],"picked":"Impervious","floor":29},{"not_picked":["Reckless Charge","Ghostly Armor","Flex+1"],"picked":"SKIP","floor":31},{"not_picked":["Demon Form","Limit Break"],"picked":"Impervious","floor":33},{"not_picked":["Pommel Strike+1","Heavy Blade"],"picked":"Ghostly Armor+1","floor":35},{"not_picked":["Spot Weakness","Combust"],"picked":"Body Slam","floor":37},{"not_picked":["True Grit","Armaments"],"picked":"Metallicize","floor":39},{"not_picked":["Cleave","Wild Strike+1"],"picked":"Metallicize","floor":41},{"not_picked":["True Grit","Wild Strike","Rupture"],"picked":"SKIP","floor":44},{"not_picked":["Headbutt","Wild Strike+1","Shockwave"],"picked":"SKIP","floor":45},{"not_picked":["Reaper","Limit Break","Flex+1"],"picked":"SKIP","floor":46},{"not_picked":["Pommel Strike+1","Flame Barrier"],"picked":"Body Slam","floor":48}],"player_experience":1174720,"relics_obtained":[{"floor":9.0,"key":"Anchor"},{"floor":14.0,"key":"Matryoshka"},{"floor":19.0,"key":"Red Mask"},{"floor":24.0,"key":"Gremlin Horn"},{"floor":26.0,"key":"Strawberry"},{"floor":26.0,"key":"Potion Belt"},{"floor":27.0,"key":"Regal Pillow"},{"floor":28.0,"key":"Shuriken"},{"floor":28.0,"key":"War Paint"},{"floor":36,"key":"Bronze Scales"},{"floor":37,"key":"Nunchaku"},{"floor":41,"key":"Happy Flower"},{"floor":44,"key":"Paper Frog"},{"floor":46,"key":"Pen Nib"},{"floor":48,"key":"Art of War"}],"event_choices":[{"damage_healed":0.0,"max_hp_gain":0.0,"max_hp_loss":0.0,"gold_gain":150.0,"event_name":"Liars Game","player_choice":"AGREE","floor":2.0,"gold_loss":0.0,"damage_taken":0.0,"cards_obtained":["Doubt"]},{"cards_removed":["Doubt"],"damage_healed":0.0,"max_hp_gain":0.0,"max_hp_loss":0.0,"gold_gain":0.0,"event_name":"Golden Wing","player_choice":"Card Removal","floor":4.0,"gold_loss":0.0,"damage_taken":7.0},{"damage_healed":0.0,"max_hp_gain":0.0,"max_hp_loss":0.0,"gold_gain":75.0,"event_name":"World of Goop","player_choice":"Gather Gold","floor":5.0,"gold_loss":0.0,"damage_taken":11.0},{"damage_healed":0.0,"max_hp_gain":0.0,"max_hp_loss":0.0,"gold_gain":0.0,"event_name":"Masked Bandits","player_choice":"Fought Bandits","floor":19.0,"gold_loss":0.0,"damage_taken":0.0},{"cards_removed":["Strike_R"],"damage_healed":0.0,"max_hp_gain":0.0,"max_hp_loss":0.0,"gold_gain":0.0,"event_name":"Beggar","player_choice":"Gave Gold","floor":20.0,"gold_loss":75.0,"damage_taken":0.0},{"damage_healed":0,"gold_gain":0,"player_choice":"Fight","damage_taken":0,"max_hp_gain":0,"max_hp_loss":0,"event_name":"MindBloom","floor":37,"gold_loss":0},{"damage_healed":0,"gold_gain":0,"player_choice":"Trade","damage_taken":0,"relics_obtained":["SsserpentHead"],"max_hp_gain":0,"max_hp_loss":0,"event_name":"FaceTrader","floor":38,"gold_loss":0}],"is_beta":false,"boss_relics":[{"not_picked":["Empty Cage","Velvet Choker"],"picked":"Ectoplasm"},{"not_picked":["Runic Cube","Black Blood"],"picked":"Philosopher\u0027s Stone"}],"items_purged_floors":[7],"is_endless":false,"potions_floor_spawned":[1,10,18,22,27,33,35,41],"killed_by":"Shield and Spear","ascension_level":20}