{"gold_per_floor":[119,119,132,132,144,144,173,173,200,200,211,244,261,17,17,17],"floor_reached":16,"playtime":530,"items_purged":["Strike_R"],"score":220,"play_id":"23ccbb58-6391-41e0-82b7-a706ee2f7914","local_time":"20190127204530","is_ascension_mode":true,"campfire_choices":[{"data":"Body Slam","floor":6.0,"key":"SMITH"},{"data":"Disarm","floor":8.0,"key":"SMITH"},{"data":"Flex","floor":10.0,"key":"SMITH"},{"data":"Rage","floor":15.0,"key":"SMITH"}],"neow_cost":"TEN_PERCENT_HP_LOSS","seed_source_timestamp":1560807966507528,"circlet_count":0,"master_deck":["AscendersBane","Strike_R","Strike_R","Strike_R","Defend_R","Defend_R","Defend_R","Bash+1","Ghostly Armor+1","Disarm+1","Flex+1","Body Slam+1","Iron Wave","Rage+1"],"special_seed":0,"relics":["Burning Blood","Boot","Bag of Preparation","Ice Cream","Ancient Tea Set"],"potions_floor_usage":[16],"damage_taken":[{"damage":2.0,"enemies":"2 Louse","floor":1.0,"turns":3.0},{"damage":1.0,"enemies":"Cultist","floor":3.0,"turns":4.0},{"damage":10.0,"enemies":"Small Slimes","floor":5.0,"turns":4.0},{"damage":30.0,"enemies":"3 Sentries","floor":7.0,"turns":12.0},{"damage":0.0,"enemies":"2 Fungi Beasts","floor":11.0,"turns":3.0},{"damage":6.0,"enemies":"Gremlin Nob","floor":12.0,"turns":4.0},{"damage":4.0,"enemies":"Exordium Thugs","floor":13.0,"turns":5.0},{"damage":45,"enemies":"Slime Boss","floor":16,"turns":9}],"seed_played":"-4959044250045949327","potions_obtained":[{"floor":1.0,"key":"Regen Potion"},{"floor":5.0,"key":"SteroidPotion"},{"floor":7.0,"key":"EssenceOfSteel"},{"floor":13.0,"key":"PowerPotion"}],"is_trial":false,"path_per_floor":["M","?","M","?","M","R","E","R","T","R","M","E","M","$","R","B"],"character_chosen":"IRONCLAD","items_purchased":["Ancient Tea Set"],"campfire_rested":0,"item_purchase_floors":[14],"current_hp_per_floor":[68,48,53,53,61,61,37,37,37,37,43,43,45,45,45,0],"gold":17,"neow_bonus":"REMOVE_TWO","is_prod":false,"is_daily":false,"chose_seed":false,"campfire_upgraded":4,"win_rate":0,"timestamp":1548618330,"path_taken":["M","?","M","?","?","R","E","R","T","R","M","E","?","?","R","BOSS"],"build_version":"2019-01-23","purchased_purges":1,"victory":false,"max_hp_per_floor":[68,68,68,68,68,68,68,68,68,68,68,68,68,68,68,68],"card_choices":[{"not_picked":["Shockwave","Clash"],"picked":"Ghostly Armor","floor":1.0},{"not_picked":["Seeing Red","Ghostly Armor"],"picked":"Disarm","floor":3.0},{"not_picked":["Havoc","Blood for Blood"],"picked":"Body Slam","floor":5.0},{"not_picked":["Body Slam","Clash","Sentinel"],"picked":"SKIP","floor":7.0},{"not_picked":["True Grit","Havoc"],"picked":"Iron Wave","floor":11.0},{"not_picked":["Fire Breathing","Cleave","Iron Wave"],"picked":"SKIP","floor":12.0},{"not_picked":["Cleave","True Grit"],"picked":"Rage","floor":13.0}],"player_experience":952720,"relics_obtained":[{"floor":7.0,"key":"Boot"},{"floor":9.0,"key":"Bag of Preparation"},{"floor":12.0,"key":"Ice Cream"}],"event_choices":[{"damage_healed":0.0,"max_hp_gain":0.0,"max_hp_loss":0.0,"gold_gain":0.0,"event_name":"Shining Light","player_choice":"Entered Light","floor":2.0,"gold_loss":0.0,"damage_taken":20.0,"cards_upgraded":["Bash","Ghostly Armor"]},{"damage_healed":0.0,"max_hp_gain":0.0,"max_hp_loss":0.0,"gold_gain":0.0,"event_name":"Match and Keep!","player_choice":"1 cards matched","floor":4.0,"gold_loss":0.0,"damage_taken":0.0,"cards_obtained":["Flex"]}],"is_beta":false,"boss_relics":[],"items_purged_floors":[14],"is_endless":false,"potions_floor_spawned":[1,5,7,13],"killed_by":"Slime Boss","ascension_level":20}