{"gold_per_floor":[112,124,124,148,167,167,202,202,202,231,231,243,6,6,6,77,77,87,105,20,53,53],"floor_reached":22,"playtime":819,"items_purged":[],"score":472,"play_id":"eea84d57-d54d-4527-ac2a-f3e42dc8d352","local_time":"20181016222702","is_ascension_mode":true,"campfire_choices":[{"data":"Fusion","floor":6,"key":"SMITH"},{"data":"Dualcast","floor":8,"key":"SMITH"},{"floor":11,"key":"REST"},{"data":"Loop","floor":15,"key":"SMITH"}],"neow_cost":"NONE","seed_source_timestamp":451480613309445,"circlet_count":0,"master_deck":["Strike_B","Strike_B","Strike_B","Strike_B","Defend_B","Defend_B","Defend_B","Defend_B","Zap+1","Dualcast+1","AscendersBane","Ball Lightning","Fusion+1","Conserve Battery","FTL","Loop+1","Cold Snap","Electrodynamics","Loop"],"relics":["Cracked Core","Blood Vial","Regal Pillow","Matryoshka","StoneCalendar","DataDisk","Dream Catcher","Meat on the Bone","Eternal Feather","Boot","Red Mask"],"potions_floor_usage":[7,10,16,18],"damage_taken":[{"damage":0,"enemies":"2 Louse","floor":1,"turns":3},{"damage":7,"enemies":"Jaw Worm","floor":2,"turns":3},{"damage":1,"enemies":"Cultist","floor":5,"turns":3},{"damage":22,"enemies":"Lagavulin","floor":7,"turns":6},{"damage":20,"enemies":"3 Sentries","floor":10,"turns":9},{"damage":0,"enemies":"Exordium Wildlife","floor":12,"turns":2},{"damage":0,"enemies":"Slime Boss","floor":16,"turns":7},{"damage":5,"enemies":"Spheric Guardian","floor":18,"turns":4},{"damage":14,"enemies":"Chosen","floor":19,"turns":4},{"damage":55,"enemies":"Masked Bandits","floor":21,"turns":5},{"damage":29,"enemies":"Snecko","floor":22,"turns":3}],"seed_played":"3034531787764479680","potions_obtained":[{"floor":2,"key":"Strength Potion"},{"floor":7,"key":"Dexterity Potion"},{"floor":12,"key":"SteroidPotion"},{"floor":18,"key":"Fruit Juice"}],"is_trial":false,"path_per_floor":["M","M","?","T","M","R","E","R","T","E","R","M","$","T","R","B",null,"M","M","?","?"],"character_chosen":"DEFECT","items_purchased":["DataDisk","Cold Snap"],"campfire_rested":1,"item_purchase_floors":[13,13],"current_hp_per_floor":[64,57,62,62,63,63,43,43,43,25,62,64,64,64,64,66,74,76,64,64,23,0],"gold":53,"neow_bonus":"UPGRADE_CARD","is_prod":false,"is_daily":false,"chose_seed":false,"campfire_upgraded":3,"win_rate":0,"timestamp":1539721622,"path_taken":["M","M","?","?","M","R","E","R","T","E","R","M","$","?","R","BOSS","M","M","?","?","M"],"build_version":"2018-10-11","purchased_purges":0,"victory":false,"max_hp_per_floor":[71,71,76,76,76,76,76,76,76,76,76,76,76,76,76,76,76,81,81,81,81,81],"card_choices":[{"not_picked":["Lockon","Go for the Eyes"],"picked":"Ball Lightning","floor":1},{"not_picked":["Rebound","Aggregate"],"picked":"Fusion","floor":2},{"not_picked":["Stack","Coolheaded"],"picked":"Conserve Battery","floor":5},{"not_picked":["Conserve Battery","White Noise"],"picked":"FTL","floor":7},{"not_picked":["Gash","Redo","Beam Cell"],"picked":"SKIP","floor":10},{"not_picked":["Ball Lightning","Genetic Algorithm"],"picked":"Loop","floor":12},{"not_picked":["Meteor Strike","Hyperbeam"],"picked":"Electrodynamics","floor":16},{"not_picked":["Steam Power","Recycle","Redo"],"picked":"SKIP","floor":18},{"not_picked":["Force Field","Turbo"],"picked":"Loop","floor":19}],"player_experience":837791,"relics_obtained":[{"floor":4,"key":"Blood Vial"},{"floor":7,"key":"Regal Pillow"},{"floor":9,"key":"Matryoshka"},{"floor":10,"key":"StoneCalendar"},{"floor":14,"key":"Dream Catcher"},{"floor":14,"key":"Meat on the Bone"},{"floor":21,"key":"Red Mask"}],"event_choices":[{"event_name":"Big Fish","player_choice":"Donut","floor":3,"damage_taken":0},{"event_name":"Addict","player_choice":"Obtained Relic","floor":20,"damage_taken":0},{"event_name":"Masked Bandits","player_choice":"Fought Bandits","floor":21,"damage_taken":0}],"is_beta":false,"boss_relics":[{"not_picked":["Ectoplasm","Velvet Choker"],"picked":"Eternal Feather"}],"items_purged_floors":[],"is_endless":false,"potions_floor_spawned":[2,7,12,18],"killed_by":"Snecko","ascension_level":19}