{"gold_per_floor":[115,128,128,53,64,92,102,2,2,2,22,22,22,22,22,141,141,162,37,56,81,81,81,105,105,128,140,227,259,271,627,639,779,791,817,852,864,876,913,925],"floor_reached":40,"playtime":3604,"items_purged":["Strike_R","Defend_R","Barricade"],"score":704,"play_id":"7638c365-b54f-4f3a-805c-0a064115ae6e","local_time":"20190307205425","is_ascension_mode":true,"campfire_choices":[{"data":"Seeing Red","floor":10.0,"key":"SMITH"},{"data":"Bash","floor":12.0,"key":"SMITH"},{"data":"Shrug It Off","floor":15.0,"key":"SMITH"},{"data":"Barricade","floor":23.0,"key":"SMITH"},{"data":"Feed","floor":25.0,"key":"SMITH"},{"data":"Spot Weakness","floor":27.0,"key":"SMITH"},{"data":"Feel No Pain","floor":30.0,"key":"SMITH"},{"floor":32.0,"key":"REST"}],"neow_cost":"CURSE","seed_source_timestamp":9459071484216,"circlet_count":0,"master_deck":["AscendersBane","Bash+1","Burning Pact","Immolate","Shrug It Off+1","Pommel Strike","Seeing Red+1","Ghostly Armor","Feed+1","Feel No Pain+1","Iron Wave","Barricade+1","True Grit+1","Spot Weakness+1","Inflame","Reaper","Rage+1","Deep Breath"],"special_seed":0,"relics":["Burning Blood","Darkstone Periapt","Pantograph","Red Skull","Golden Idol","Pandora\u0027s Box","MutagenicStrength","MawBank","Old Coin","Coffee Dripper"],"potions_floor_usage":[39],"damage_taken":[{"damage":15.0,"enemies":"Jaw Worm","floor":1.0,"turns":2.0},{"damage":0.0,"enemies":"2 Louse","floor":2.0,"turns":1.0},{"damage":0.0,"enemies":"Cultist","floor":5.0,"turns":3.0},{"damage":32.0,"enemies":"Lagavulin","floor":6.0,"turns":7.0},{"damage":2.0,"enemies":"2 Fungi Beasts","floor":7.0,"turns":3.0},{"damage":2.0,"enemies":"Large Slime","floor":11.0,"turns":4.0},{"damage":28.0,"enemies":"Hexaghost","floor":16.0,"turns":9.0},{"damage":0.0,"enemies":"Spheric Guardian","floor":18.0,"turns":19.0},{"damage":10.0,"enemies":"Chosen","floor":20.0,"turns":8.0},{"damage":16.0,"enemies":"Snake Plant","floor":21.0,"turns":14.0},{"damage":20.0,"enemies":"Shelled Parasite and Fungi","floor":24.0,"turns":13.0},{"damage":7.0,"enemies":"Sentry and Sphere","floor":29.0,"turns":7.0},{"damage":41.0,"enemies":"Slavers","floor":31.0,"turns":9.0},{"damage":53.0,"enemies":"Automaton","floor":33.0,"turns":17.0},{"damage":0,"enemies":"Orb Walker","floor":35,"turns":7},{"damage":24,"enemies":"3 Shapes","floor":36,"turns":2},{"damage":45,"enemies":"Jaw Worm Horde","floor":39,"turns":5},{"damage":105,"enemies":"Giant Head","floor":40,"turns":8}],"seed_played":"2107242556204637917","potions_obtained":[{"floor":7.0,"key":"Dexterity Potion"},{"floor":11.0,"key":"EssenceOfSteel"},{"floor":20.0,"key":"PowerPotion"},{"floor":33.0,"key":"PowerPotion"},{"floor":35,"key":"EssenceOfSteel"},{"floor":39,"key":"Block Potion"}],"is_trial":false,"path_per_floor":["M","M","?","$","M","E","M","$","T","R","M","R","?","?","R","B",null,"M","$","M","M","?","R","M","R","T","R","?","M","R","E","R","B",null,"M","M","?","?","M","E"],"character_chosen":"IRONCLAD","items_purchased":[],"campfire_rested":1,"item_purchase_floors":[],"current_hp_per_floor":[63,69,62,62,68,42,46,46,46,46,50,50,38,18,18,21,65,74,74,73,66,66,66,55,55,55,55,46,49,49,14,42,24,81,104,94,94,94,105,0],"gold":925,"neow_bonus":"TRANSFORM_TWO_CARDS","is_prod":false,"is_daily":false,"chose_seed":false,"campfire_upgraded":7,"win_rate":0,"timestamp":1552010065,"path_taken":["M","M","?","$","M","E","M","$","T","R","M","R","?","?","R","BOSS","M","$","M","M","?","R","M","R","T","R","?","M","R","E","R","BOSS","M","?","?","?","M","E"],"build_version":"2019-01-23","purchased_purges":3,"victory":false,"max_hp_per_floor":[80,80,80,80,80,80,80,80,80,80,80,80,80,80,80,80,80,83,83,86,89,89,89,92,92,92,92,92,96,96,96,96,100,100,104,108,108,108,112,112],"card_choices":[{"not_picked":["True Grit","Havoc"],"picked":"Shrug It Off","floor":1.0},{"not_picked":["Perfected Strike","Rupture"],"picked":"Pommel Strike","floor":2.0},{"not_picked":["Twin Strike","Clash","Ghostly Armor"],"picked":"SKIP","floor":5.0},{"not_picked":["Infernal Blade","Fire Breathing"],"picked":"Seeing Red","floor":6.0},{"not_picked":["Dark Embrace","Rupture"],"picked":"Ghostly Armor","floor":7.0},{"not_picked":["Heavy Blade","Cleave","Headbutt"],"picked":"SKIP","floor":11.0},{"not_picked":["Brutality","Dark Embrace"],"picked":"Feed","floor":16.0},{"not_picked":["Cleave","Wild Strike","Warcry"],"picked":"SKIP","floor":18.0},{"not_picked":["Armaments","Carnage+1"],"picked":"True Grit+1","floor":20.0},{"not_picked":["Ghostly Armor","Pommel Strike+1"],"picked":"Spot Weakness","floor":21.0},{"not_picked":["Whirlwind","Clash"],"picked":"Inflame","floor":24.0},{"not_picked":["Wild Strike+1","True Grit+1","Headbutt"],"picked":"SKIP","floor":29.0},{"not_picked":["Burning Pact","Anger","Flex"],"picked":"SKIP","floor":31.0},{"not_picked":["Double Tap","Brutality"],"picked":"Reaper","floor":33.0},{"not_picked":["Cleave+1","Sword Boomerang","True Grit+1"],"picked":"SKIP","floor":35},{"not_picked":["Clothesline+1","Cleave+1"],"picked":"Rage+1","floor":36},{"not_picked":["Impatience","Bandage Up"],"picked":"Deep Breath","floor":38},{"not_picked":["Fire Breathing","Perfected Strike","Armaments+1"],"picked":"SKIP","floor":39}],"player_experience":329915,"relics_obtained":[{"floor":6.0,"key":"Darkstone Periapt"},{"floor":9.0,"key":"Pantograph"},{"floor":26.0,"key":"MawBank"},{"floor":31.0,"key":"Old Coin"}],"event_choices":[{"cards_removed":["Regret"],"damage_healed":0.0,"max_hp_gain":0.0,"max_hp_loss":0.0,"gold_gain":0.0,"event_name":"Golden Wing","player_choice":"Card Removal","floor":3.0,"gold_loss":0.0,"damage_taken":7.0},{"damage_healed":0.0,"max_hp_gain":0.0,"max_hp_loss":0.0,"gold_gain":0.0,"event_name":"Scrap Ooze","player_choice":"Success","floor":13.0,"gold_loss":0.0,"damage_taken":12.0,"relics_obtained":["Red Skull"]},{"damage_healed":0.0,"max_hp_gain":0.0,"max_hp_loss":0.0,"gold_gain":0.0,"event_name":"Golden Idol","player_choice":"Take Damage","floor":14.0,"gold_loss":0.0,"damage_taken":20.0,"relics_obtained":["Golden Idol"]},{"damage_healed":0.0,"max_hp_gain":0.0,"max_hp_loss":0.0,"gold_gain":0.0,"event_name":"Drug Dealer","player_choice":"Inject Mutagens","floor":22.0,"gold_loss":0.0,"damage_taken":0.0,"relics_obtained":["MutagenicStrength"]},{"damage_healed":0.0,"max_hp_gain":0.0,"max_hp_loss":0.0,"gold_gain":75.0,"event_name":"FaceTrader","player_choice":"Touch","floor":28.0,"gold_loss":0.0,"damage_taken":9.0},{"cards_removed":["Impervious"],"damage_healed":0,"gold_gain":0,"player_choice":"Removed Skill","damage_taken":0,"max_hp_gain":0,"max_hp_loss":0,"event_name":"Falling","floor":37,"gold_loss":0},{"damage_healed":0,"gold_gain":0,"player_choice":"Memory 1","damage_taken":0,"max_hp_gain":0,"max_hp_loss":0,"event_name":"SensoryStone","floor":38,"gold_loss":0}],"is_beta":false,"boss_relics":[{"not_picked":["Orrery","Black Star"],"picked":"Pandora\u0027s Box"},{"not_picked":["Velvet Choker","Runic Dome"],"picked":"Coffee Dripper"}],"items_purged_floors":[4,8,19],"is_endless":false,"potions_floor_spawned":[7,11,20,21,24,33,35,39],"killed_by":"Giant Head","ascension_level":11}