{"gold_per_floor":[110,110,110,60,60,60,78,97,124,157,205,231,243,180,180,311,311,331,355,355,375,399,399,399,414,414,427,440,440,440,456,456,575,575,598,598,598,598,613,613,67,67,123,146,146,21,36,108,108,108],"floor_reached":50,"playtime":3622,"items_purged":["Strike_G","Defend_G+1","Strike_G+1"],"score":459,"play_id":"4557a02b-1375-4989-af3b-dca1e2b37642","local_time":"20181022211553","is_ascension_mode":false,"campfire_choices":[{"data":"Dagger Spray","floor":6,"key":"SMITH"},{"floor":15,"key":"REST"},{"data":"Blade Dance","floor":23,"key":"SMITH"},{"data":"RitualDagger","floor":30,"key":"SMITH"},{"floor":32,"key":"REST"},{"floor":40,"key":"REST"},{"floor":42,"key":"REST"},{"floor":49,"key":"REST"}],"neow_cost":"NONE","seed_source_timestamp":68886198586962,"circlet_count":0,"master_deck":["Defend_G+1","Defend_G+1","Defend_G+1","Strike_G+1","Survivor+1","Neutralize+1","PiercingWail+1","Dodge and Roll+1","Acrobatics+1","Acrobatics+1","Quick Slash+1","Dagger Spray+1","Sucker Punch+1","Blade Dance+1","Flying Knee+1","Cloak And Dagger+1","Flying Knee+1","RitualDagger+1","PiercingWail+1","Skewer"],"relics":["Orrery","Golden Idol","Shuriken","MawBank","Odd Mushroom","Busted Crown","Unceasing Top","Pear","Lizard Tail","Mark of the Bloom","Omamori","Torii","Tiny Chest","Mercury Hourglass"],"potions_floor_usage":[16,28,31,44,50],"damage_taken":[{"damage":0,"enemies":"2 Louse","floor":1,"turns":3},{"damage":2,"enemies":"Small Slimes","floor":7,"turns":4},{"damage":1,"enemies":"Jaw Worm","floor":8,"turns":5},{"damage":0,"enemies":"Large Slime","floor":10,"turns":4},{"damage":4,"enemies":"The Mushroom Lair","floor":11,"turns":4},{"damage":0,"enemies":"2 Fungi Beasts","floor":12,"turns":3},{"damage":22,"enemies":"The Guardian","floor":16,"turns":13},{"damage":9,"enemies":"Shell Parasite","floor":18,"turns":5},{"damage":0,"enemies":"3 Byrds","floor":19,"turns":4},{"damage":12,"enemies":"Snecko","floor":21,"turns":5},{"damage":0,"enemies":"3 Cultists","floor":22,"turns":5},{"damage":4,"enemies":"Centurion and Healer","floor":25,"turns":4},{"damage":13,"enemies":"Snake Plant","floor":27,"turns":6},{"damage":1,"enemies":"Chosen and Byrds","floor":28,"turns":4},{"damage":1,"enemies":"Cultist and Chosen","floor":31,"turns":5},{"damage":40,"enemies":"Champ","floor":33,"turns":10},{"damage":2,"enemies":"Orb Walker","floor":35,"turns":4},{"damage":22,"enemies":"3 Darklings","floor":39,"turns":5},{"damage":15,"enemies":"Sphere and 2 Shapes","floor":44,"turns":9},{"damage":1,"enemies":"4 Shapes","floor":47,"turns":5},{"damage":46,"enemies":"Donu and Deca","floor":50,"turns":5}],"seed_played":"-5100065102470482959","potions_obtained":[{"floor":7,"key":"Swift Potion"},{"floor":11,"key":"Energy Potion"},{"floor":16,"key":"Strength Potion"},{"floor":18,"key":"AttackPotion"},{"floor":19,"key":"Fire Potion"},{"floor":35,"key":"SpeedPotion"}],"is_trial":false,"path_per_floor":["M","?","?","?","?","R","M","M","T","M","?","M","?","$","R","B",null,"M","M","T","M","M","R","?","M","T","M","M","?","R","M","R","B",null,"M","?","?","?","M","R","$","R","T","M","?","$","M","T","R"],"character_chosen":"THE_SILENT","items_purchased":["Omamori","Torii"],"campfire_rested":5,"item_purchase_floors":[41,41],"current_hp_per_floor":[70,53,35,35,35,35,33,32,32,32,28,28,21,21,42,20,70,61,61,61,49,49,49,49,45,55,42,41,35,35,34,58,18,80,78,78,78,76,54,54,54,54,54,39,39,39,38,38,38,0],"gold":108,"neow_bonus":"BOSS_RELIC","is_prod":false,"is_daily":false,"chose_seed":false,"campfire_upgraded":3,"win_rate":0,"timestamp":1540257353,"path_taken":["M","?","?","?","?","R","M","M","T","M","?","?","?","?","R","BOSS","M","M","?","?","M","R","?","M","T","M","M","?","R","M","R","BOSS","M","?","?","?","?","R","$","R","T","M","?","$","?","?","R","BOSS"],"build_version":"2018-10-18","purchased_purges":3,"victory":false,"max_hp_per_floor":[70,70,70,70,70,70,70,70,70,70,70,70,70,70,70,70,70,70,70,70,70,70,70,70,70,80,80,80,80,80,80,80,80,80,80,80,80,76,76,76,76,76,76,76,76,76,76,76,76,76],"card_choices":[{"not_picked":["Expertise","Accuracy"],"picked":"PiercingWail","floor":0},{"not_picked":["Expertise","Deflect"],"picked":"Dodge and Roll","floor":0},{"not_picked":["Catalyst","Outmaneuver"],"picked":"Acrobatics","floor":0},{"not_picked":["Poisoned Stab","Crippling Poison"],"picked":"Acrobatics","floor":0},{"not_picked":["Tactician","Outmaneuver"],"picked":"Quick Slash","floor":0},{"not_picked":["Tactician","A Thousand Cuts"],"picked":"Dagger Spray","floor":1},{"not_picked":["Acrobatics","Heel Hook","Expertise"],"picked":"SKIP","floor":7},{"not_picked":["Deflect","Predator"],"picked":"Sucker Punch","floor":8},{"not_picked":["PiercingWail","Choke"],"picked":"Blade Dance","floor":10},{"not_picked":["Choke","Deadly Poison"],"picked":"Flying Knee","floor":11},{"not_picked":["Backstab","Sucker Punch","Infinite Blades"],"picked":"SKIP","floor":12},{"not_picked":["Crippling Poison+1"],"picked":"SKIP","floor":18},{"not_picked":[],"picked":"Cloak And Dagger+1","floor":19},{"not_picked":[],"picked":"Flying Knee+1","floor":21},{"not_picked":["Blur"],"picked":"SKIP","floor":22},{"not_picked":["Deflect"],"picked":"SKIP","floor":25},{"not_picked":["Prepared"],"picked":"SKIP","floor":27},{"not_picked":["Escape Plan"],"picked":"SKIP","floor":28},{"not_picked":["Escape Plan"],"picked":"SKIP","floor":28},{"not_picked":["Deflect"],"picked":"SKIP","floor":31},{"not_picked":[],"picked":"PiercingWail","floor":35},{"not_picked":["Noxious Fumes"],"picked":"SKIP","floor":39},{"not_picked":["Caltrops"],"picked":"SKIP","floor":44},{"not_picked":[],"picked":"Skewer","floor":47}],"player_experience":222075,"relics_obtained":[{"floor":9,"key":"MawBank"},{"floor":11,"key":"Odd Mushroom"},{"floor":20,"key":"Unceasing Top"},{"floor":26,"key":"Pear"},{"floor":43,"key":"Tiny Chest"},{"floor":48,"key":"Mercury Hourglass"}],"event_choices":[{"damage_healed":0,"gold_gain":0,"player_choice":"Take Damage","damage_taken":17,"relics_obtained":["Golden Idol"],"max_hp_gain":0,"max_hp_loss":0,"event_name":"Golden Idol","floor":2,"gold_loss":0},{"damage_healed":0,"gold_gain":0,"player_choice":"Success","damage_taken":18,"relics_obtained":["Shuriken"],"max_hp_gain":0,"max_hp_loss":0,"event_name":"Scrap Ooze","floor":3,"gold_loss":0},{"cards_removed":["Strike_G"],"damage_healed":0,"gold_gain":0,"player_choice":"Card Removal","damage_taken":0,"max_hp_gain":0,"max_hp_loss":0,"event_name":"The Cleric","floor":4,"gold_loss":50},{"damage_healed":0,"gold_gain":0,"player_choice":"Ignored","damage_taken":0,"max_hp_gain":0,"max_hp_loss":0,"event_name":"Liars Game","floor":5,"gold_loss":0},{"damage_healed":0,"gold_gain":0,"player_choice":"Fought Mushrooms","damage_taken":0,"max_hp_gain":0,"max_hp_loss":0,"event_name":"Mushrooms","floor":11,"gold_loss":0},{"cards_removed":["Defend_G"],"damage_healed":0,"gold_gain":0,"player_choice":"Card Removal","damage_taken":7,"max_hp_gain":0,"max_hp_loss":0,"event_name":"Golden Wing","floor":13,"gold_loss":0},{"damage_healed":0,"gold_gain":0,"player_choice":"Forge","damage_taken":0,"max_hp_gain":0,"max_hp_loss":0,"event_name":"Accursed Blacksmith","floor":24,"gold_loss":0,"cards_upgraded":["Dodge and Roll"]},{"damage_healed":0,"gold_gain":0,"player_choice":"Joined the Cult","damage_taken":6,"max_hp_gain":0,"max_hp_loss":0,"event_name":"Nest","floor":29,"gold_loss":0,"cards_obtained":["RitualDagger"]},{"damage_healed":0,"gold_gain":0,"player_choice":"Upgrade","damage_taken":0,"relics_obtained":["Mark of the Bloom"],"max_hp_gain":0,"max_hp_loss":0,"event_name":"MindBloom","floor":36,"gold_loss":0,"cards_upgraded":["Defend_G","Defend_G","Defend_G","Defend_G","Strike_G","Strike_G","Strike_G","Survivor","Neutralize","PiercingWail","Acrobatics","Acrobatics","Quick Slash","Sucker Punch","Flying Knee","PiercingWail"]},{"cards_removed":["Strike_G"],"damage_healed":0,"gold_gain":0,"player_choice":"Card Removal","damage_taken":0,"max_hp_gain":0,"max_hp_loss":0,"event_name":"Wheel of Change","floor":37,"gold_loss":0},{"damage_healed":0,"gold_gain":0,"player_choice":"Max HP","damage_taken":0,"max_hp_gain":0,"max_hp_loss":4,"event_name":"Winding Halls","floor":38,"gold_loss":0},{"damage_healed":0,"gold_gain":0,"player_choice":"Memory 1","damage_taken":0,"max_hp_gain":0,"max_hp_loss":0,"event_name":"SensoryStone","floor":45,"gold_loss":0}],"is_beta":false,"boss_relics":[{"not_picked":["Runic Pyramid","Calling Bell"],"picked":"Busted Crown"},{"not_picked":["Pandora\u0027s Box","Eternal Feather"],"picked":"Lizard Tail"}],"items_purged_floors":[14,41,46],"is_endless":false,"potions_floor_spawned":[7,11,16,18,19,21,22,35],"killed_by":"Donu and Deca","ascension_level":0}