{"gold_per_floor":[110,126,142,152,207,207,236,248,248,282,293,293,328,328,328,433,433,449,459,228,243,44,44,44],"floor_reached":24,"playtime":2901,"items_purged":["Strike_G","Strike_G"],"score":349,"play_id":"0a328fb5-117f-4c96-b819-26ee052d67af","local_time":"20190220230449","is_ascension_mode":true,"campfire_choices":[{"floor":6.0,"key":"REST"},{"floor":12,"key":"REST"},{"floor":15,"key":"REST"},{"data":"Outmaneuver","floor":23,"key":"SMITH"}],"neow_cost":"NONE","seed_source_timestamp":523143423301706,"circlet_count":0,"master_deck":["AscendersBane","Defend_G","Defend_G","Defend_G","Defend_G","Defend_G","Strike_G","Strike_G","Strike_G","Survivor","Neutralize","Poisoned Stab","Bane","Dash","Dagger Spray","Cloak And Dagger","Dagger Spray","Deflect","Corpse Explosion","Quick Slash","Terror+1","Backflip","Poisoned Stab","Outmaneuver+1"],"special_seed":0,"relics":["Ring of the Snake","Lantern","Pantograph","Meat on the Bone","Ginger","White Beast Statue","Omamori"],"potions_floor_usage":[8,10,24,24],"damage_taken":[{"damage":2.0,"enemies":"Small Slimes","floor":1.0,"turns":5.0},{"damage":0.0,"enemies":"Jaw Worm","floor":2.0,"turns":4.0},{"damage":4.0,"enemies":"Cultist","floor":3.0,"turns":4.0},{"damage":27.0,"enemies":"Exordium Thugs","floor":4.0,"turns":6.0},{"damage":14,"enemies":"3 Sentries","floor":7,"turns":8},{"damage":4,"enemies":"3 Louse","floor":8,"turns":3},{"damage":25,"enemies":"Lagavulin","floor":10,"turns":5},{"damage":0,"enemies":"Large Slime","floor":11,"turns":5},{"damage":20,"enemies":"Gremlin Nob","floor":13,"turns":4},{"damage":52,"enemies":"The Guardian","floor":16,"turns":13},{"damage":20,"enemies":"2 Thieves","floor":18,"turns":3},{"damage":6,"enemies":"Chosen","floor":19,"turns":4},{"damage":10,"enemies":"Centurion and Healer","floor":21,"turns":5},{"damage":45,"enemies":"Gremlin Leader","floor":24,"turns":6}],"seed_played":"-1703049879594757022","potions_obtained":[{"floor":2.0,"key":"AttackPotion"},{"floor":4.0,"key":"SpeedPotion"},{"floor":8,"key":"SneckoOil"},{"floor":13,"key":"GamblersBrew"},{"floor":18,"key":"Dexterity Potion"}],"is_trial":false,"path_per_floor":["M","M","M","M","?","R","E","M","T","E","M","R","E","?","R","B",null,"M","M","$","M","$","R","E"],"character_chosen":"THE_SILENT","items_purchased":["Omamori","GhostInAJar","Outmaneuver"],"campfire_rested":3,"item_purchase_floors":[20,22,22],"current_hp_per_floor":[61,61,57,30,30,51,37,33,33,8,20,41,33,33,54,30,60,40,46,46,36,36,36,0],"gold":44,"neow_bonus":"THREE_CARDS","is_prod":false,"is_daily":false,"chose_seed":false,"campfire_upgraded":1,"win_rate":0,"timestamp":1550721889,"path_taken":["M","M","M","M","?","R","E","M","T","E","M","R","E","?","R","BOSS","M","M","$","M","?","R","E"],"build_version":"2019-01-23","purchased_purges":2,"victory":false,"max_hp_per_floor":[70,70,70,70,70,70,70,70,70,70,70,70,70,70,70,70,70,70,70,70,70,70,70,70],"card_choices":[{"not_picked":["Dodge and Roll","Predator"],"picked":"Poisoned Stab","floor":0.0},{"not_picked":["Cloak And Dagger","Dash"],"picked":"Bane","floor":1.0},{"not_picked":["Predator","Concentrate"],"picked":"Dash","floor":2.0},{"not_picked":["Endless Agony","Blur"],"picked":"Dagger Spray","floor":3.0},{"not_picked":["Caltrops","Deadly Poison"],"picked":"Cloak And Dagger","floor":4.0},{"not_picked":["Storm of Steel","Grand Finale"],"picked":"Dagger Spray","floor":7},{"not_picked":["Outmaneuver","Blade Dance"],"picked":"Deflect","floor":8},{"not_picked":["Burst","Deadly Poison"],"picked":"Corpse Explosion","floor":10},{"not_picked":["Prepared","Masterful Stab"],"picked":"Quick Slash","floor":11},{"not_picked":["Endless Agony","Slice"],"picked":"Terror","floor":13},{"not_picked":["Quick Slash","Skewer","Prepared"],"picked":"SKIP","floor":18},{"not_picked":["Prepared","Terror"],"picked":"Backflip","floor":19},{"not_picked":["Reflex","PiercingWail"],"picked":"Poisoned Stab","floor":21}],"player_experience":531074,"relics_obtained":[{"floor":7,"key":"Lantern"},{"floor":9,"key":"Pantograph"},{"floor":10,"key":"Meat on the Bone"},{"floor":13,"key":"Ginger"}],"event_choices":[{"damage_healed":0.0,"max_hp_gain":0.0,"max_hp_loss":0.0,"gold_gain":55.0,"event_name":"Golden Wing","player_choice":"Gained Gold","floor":5.0,"gold_loss":0.0,"damage_taken":0.0},{"damage_healed":0,"gold_gain":0,"player_choice":"Upgraded","damage_taken":0,"max_hp_gain":0,"max_hp_loss":0,"event_name":"Upgrade Shrine","floor":14,"gold_loss":0,"cards_upgraded":["Terror"]}],"is_beta":false,"boss_relics":[{"not_picked":["WristBlade","Snecko Eye"],"picked":"White Beast Statue"}],"items_purged_floors":[20,22],"is_endless":false,"potions_floor_spawned":[2,4,7,8,13,18,19,21],"killed_by":"Gremlin Leader","ascension_level":12}