{"gold_per_floor":[115,125,135,135,13,13,40,40,114,144,144,155,166,131,131,231,231,242,292,58,72,85,110,110,141,141,160,160,175,190,204,204,306,306,325,1324,1338,1338,765,765,784,784,810,827,853,250,269,280,280,280],"floor_reached":51,"playtime":8638,"items_purged":["Strike_B","Normality","Normality"],"score":956,"play_id":"b13877f8-118a-4841-b6f2-ffc36d305ec6","local_time":"20190221161354","is_ascension_mode":true,"campfire_choices":[{"data":"Chill","floor":6.0,"key":"SMITH"},{"data":"Zap","floor":8.0,"key":"SMITH"},{"data":"Dualcast","floor":15.0,"key":"SMITH"},{"data":"Cold Snap","floor":24.0,"key":"SMITH"},{"floor":28.0,"key":"REST"},{"data":"Blizzard","floor":32.0,"key":"SMITH"},{"data":"Defragment","floor":40.0,"key":"SMITH"},{"floor":49,"key":"REST"}],"neow_cost":"NONE","seed_source_timestamp":0,"circlet_count":0,"master_deck":["Defend_B","Defend_B","Defend_B","Defend_B","Zap+1","Dualcast+1","Hello World","Chill+1","Cold Snap","Redo","Ball Lightning","Sweeping Beam","FTL","Cold Snap","Machine Learning","Steam","Blizzard+1","BootSequence","Cold Snap+1","Glacier+1","Loop+1","Stack+1","Core Surge","Cold Snap+1","Blizzard+1","Defragment+1","Parasite","Glacier+1","Chill","Cold Snap+1"],"special_seed":0,"relics":["Cracked Core","Odd Mushroom","Ornamental Fan","Centennial Puzzle","White Beast Statue","DataDisk","Bottled Flame","Question Card","Black Star","Kunai","Anchor","Dream Catcher","Bronze Scales","Singing Bowl","Potion Belt","Toy Ornithopter"],"potions_floor_usage":[45,47,50,50],"damage_taken":[{"damage":0.0,"enemies":"Small Slimes","floor":1.0,"turns":3.0},{"damage":0.0,"enemies":"Cultist","floor":2.0,"turns":4.0},{"damage":0.0,"enemies":"2 Louse","floor":3.0,"turns":2.0},{"damage":0.0,"enemies":"The Mushroom Lair","floor":7.0,"turns":4.0},{"damage":1.0,"enemies":"3 Sentries","floor":10.0,"turns":6.0},{"damage":6.0,"enemies":"Large Slime","floor":12.0,"turns":3.0},{"damage":0.0,"enemies":"Exordium Wildlife","floor":13.0,"turns":2.0},{"damage":21.0,"enemies":"Slime Boss","floor":16.0,"turns":7.0},{"damage":0.0,"enemies":"3 Byrds","floor":18.0,"turns":4.0},{"damage":11.0,"enemies":"Chosen","floor":21.0,"turns":5.0},{"damage":1.0,"enemies":"Snecko","floor":22.0,"turns":7.0},{"damage":16.0,"enemies":"Slavers","floor":23.0,"turns":6.0},{"damage":2.0,"enemies":"Book of Stabbing","floor":25.0,"turns":6.0},{"damage":9.0,"enemies":"Chosen and Byrds","floor":27.0,"turns":7.0},{"damage":5.0,"enemies":"Shelled Parasite and Fungi","floor":29.0,"turns":7.0},{"damage":1.0,"enemies":"Snecko","floor":30.0,"turns":6.0},{"damage":15.0,"enemies":"Snake Plant","floor":31.0,"turns":5.0},{"damage":1.0,"enemies":"Champ","floor":33.0,"turns":15.0},{"damage":1.0,"enemies":"Orb Walker","floor":35.0,"turns":5.0},{"damage":7.0,"enemies":"3 Shapes","floor":37.0,"turns":5.0},{"damage":4.0,"enemies":"Writhing Mass","floor":41.0,"turns":11.0},{"damage":20.0,"enemies":"Transient","floor":44.0,"turns":5.0},{"damage":12,"enemies":"Giant Head","floor":45,"turns":11},{"damage":15,"enemies":"Jaw Worm Horde","floor":47,"turns":5},{"damage":0,"enemies":"3 Darklings","floor":48,"turns":4},{"damage":36,"enemies":"Donu and Deca","floor":50,"turns":11}],"seed_played":"-8986243827525515789","potions_obtained":[{"floor":1.0,"key":"Explosive Potion"},{"floor":13.0,"key":"LiquidBronze"},{"floor":18.0,"key":"Explosive Potion"},{"floor":21.0,"key":"SpeedPotion"},{"floor":22.0,"key":"Fruit Juice"},{"floor":23.0,"key":"Poison Potion"},{"floor":25.0,"key":"Regen Potion"},{"floor":27.0,"key":"Swift Potion"},{"floor":29.0,"key":"SpeedPotion"},{"floor":30.0,"key":"FocusPotion"},{"floor":31.0,"key":"PowerPotion"},{"floor":37.0,"key":"SteroidPotion"},{"floor":44.0,"key":"Swift Potion"},{"floor":45,"key":"SpeedPotion"},{"floor":47,"key":"Weak Potion"}],"is_trial":false,"path_per_floor":["M","M","M","?","$","R","?","R","T","E","?","M","M","?","R","B",null,"M","?","$","M","M","E","R","E","T","M","R","M","M","M","R","B",null,"M","?","M","?","$","R","M","?","T","M","E","$","M","M","R","B",null],"character_chosen":"DEFECT","items_purchased":["Ball Lightning","DataDisk","Blizzard","Defragment","Kunai","Anchor","Potion Belt","GamblersBrew","Energy Potion","Toy Ornithopter"],"campfire_rested":2,"item_purchase_floors":[5,20,20,39,39,39,46,46,46,46],"current_hp_per_floor":[68,68,68,68,68,68,68,68,68,67,60,54,54,72,72,51,69,69,69,69,58,57,46,46,44,44,35,59,54,53,52,52,51,73,72,72,65,65,65,65,61,61,61,41,31,31,21,23,47,21],"gold":280,"neow_bonus":"TRANSFORM_CARD","is_prod":false,"is_daily":false,"chose_seed":false,"campfire_upgraded":6,"win_rate":0,"timestamp":1550783634,"path_taken":["M","M","M","?","?","R","?","R","T","E","?","?","M","?","R","BOSS","M","?","$","M","M","E","R","E","T","M","R","M","M","?","R","BOSS","M","?","M","?","$","R","M","?","T","M","E","$","M","M","R","BOSS"],"build_version":"2019-01-23","purchased_purges":3,"victory":true,"max_hp_per_floor":[75,75,75,75,75,75,75,75,75,75,75,75,75,75,75,75,75,75,75,75,75,75,80,80,80,80,80,80,80,80,80,80,80,80,80,80,80,76,76,76,76,76,76,76,78,78,78,80,80,80],"card_choices":[{"not_picked":["Reinforced Body","Aggregate"],"picked":"Chill","floor":1.0},{"not_picked":["Rebound","Conserve Battery"],"picked":"Cold Snap","floor":2.0},{"not_picked":["Gash","Rebound"],"picked":"Redo","floor":3.0},{"not_picked":["Compile Driver","Tempest"],"picked":"Sweeping Beam","floor":7.0},{"not_picked":["Storm","Loop"],"picked":"FTL","floor":10.0},{"not_picked":["Reinforced Body","Gash"],"picked":"Cold Snap","floor":12.0},{"not_picked":["Stack","Coolheaded","Turbo"],"picked":"SKIP","floor":13.0},{"not_picked":["Fission","Meteor Strike"],"picked":"Machine Learning","floor":16.0},{"not_picked":["Aggregate+1","Coolheaded"],"picked":"Steam","floor":18.0},{"not_picked":["Reinforced Body","Ball Lightning"],"picked":"BootSequence","floor":21.0},{"not_picked":["Sweeping Beam","Steam"],"picked":"Cold Snap","floor":22.0},{"not_picked":["Sweeping Beam+1","Consume","Fusion"],"picked":"SKIP","floor":23.0},{"not_picked":["Buffer","BootSequence"],"picked":"Glacier+1","floor":25.0},{"not_picked":["Compile Driver","Steam","Barrage","Rebound+1"],"picked":"SKIP","floor":27.0},{"not_picked":["Ball Lightning","Fusion+1","Chaos","Compile Driver"],"picked":"SKIP","floor":29.0},{"not_picked":["Rip and Tear","Undo","Redo+1"],"picked":"Loop+1","floor":30.0},{"not_picked":["Hologram","Amplify","Gash"],"picked":"Stack+1","floor":31.0},{"not_picked":["Seek","Buffer","Rainbow"],"picked":"Core Surge","floor":33.0},{"not_picked":["Stack+1","Barrage","Chaos+1"],"picked":"Cold Snap+1","floor":35.0},{"not_picked":["Ball Lightning","Undo","Loop+1"],"picked":"Blizzard","floor":37.0},{"not_picked":["Hologram","Leap+1","Redo","Coolheaded"],"picked":"SKIP","floor":41.0},{"not_picked":["Redo","Rebound","Ball Lightning"],"picked":"Glacier+1","floor":44.0},{"not_picked":["Beam Cell+1","Conserve Battery+1","Gash+1","Steam Power+1"],"picked":"Singing Bowl","floor":45},{"not_picked":["Hello World+1","Ball Lightning+1","Recycle"],"picked":"Chill","floor":47},{"not_picked":["Genetic Algorithm","Chaos+1","Electrodynamics","Skim+1"],"picked":"Singing Bowl","floor":48},{"not_picked":["Barrage+1","Rip and Tear","Streamline"],"picked":"Cold Snap+1","floor":49}],"player_experience":533975,"relics_obtained":[{"floor":7.0,"key":"Odd Mushroom"},{"floor":9.0,"key":"Ornamental Fan"},{"floor":10.0,"key":"Centennial Puzzle"},{"floor":23.0,"key":"Bottled Flame"},{"floor":25.0,"key":"Question Card"},{"floor":43.0,"key":"Dream Catcher"},{"floor":45,"key":"Bronze Scales"},{"floor":45,"key":"Singing Bowl"}],"event_choices":[{"cards_removed":["Strike_B"],"damage_healed":0.0,"max_hp_gain":0.0,"max_hp_loss":0.0,"gold_gain":0.0,"event_name":"Purifier","player_choice":"Purged","floor":4.0,"gold_loss":0.0,"damage_taken":0.0},{"damage_healed":0.0,"max_hp_gain":0.0,"max_hp_loss":0.0,"gold_gain":0.0,"event_name":"Mushrooms","player_choice":"Fought Mushrooms","floor":7.0,"gold_loss":0.0,"damage_taken":0.0},{"cards_removed":["Strike_B"],"damage_healed":0.0,"max_hp_gain":0.0,"max_hp_loss":0.0,"gold_gain":0.0,"event_name":"Golden Wing","player_choice":"Card Removal","floor":11.0,"gold_loss":0.0,"damage_taken":7.0},{"damage_healed":18.0,"max_hp_gain":0.0,"max_hp_loss":0.0,"gold_gain":0.0,"event_name":"The Cleric","player_choice":"Healed","floor":14.0,"gold_loss":35.0,"damage_taken":0.0},{"damage_healed":0.0,"max_hp_gain":0.0,"max_hp_loss":0.0,"gold_gain":100.0,"event_name":"The Joust","player_choice":"Bet on Murderer","floor":19.0,"gold_loss":50.0,"damage_taken":0.0},{"damage_healed":0.0,"max_hp_gain":0.0,"max_hp_loss":0.0,"gold_gain":999.0,"event_name":"MindBloom","player_choice":"Gold","floor":36.0,"gold_loss":0.0,"damage_taken":0.0,"cards_obtained":["Normality","Normality"]},{"damage_healed":0.0,"max_hp_gain":0.0,"max_hp_loss":4.0,"gold_gain":0.0,"event_name":"Winding Halls","player_choice":"Max HP","floor":38.0,"gold_loss":0.0,"damage_taken":0.0},{"damage_healed":0.0,"max_hp_gain":0.0,"max_hp_loss":0.0,"gold_gain":0.0,"event_name":"Accursed Blacksmith","player_choice":"Forge","floor":42.0,"gold_loss":0.0,"damage_taken":0.0,"cards_upgraded":["Blizzard"]}],"is_beta":false,"boss_relics":[{"not_picked":["Cursed Key","Runic Dome"],"picked":"White Beast Statue"},{"not_picked":["Runic Pyramid","Tiny House"],"picked":"Black Star"}],"items_purged_floors":[5,39,46],"is_endless":false,"potions_floor_spawned":[1,13,18,21,22,23,25,27,29,30,31,33,35,37,41,44,45,47,48],"ascension_level":7}