{"gold_per_floor":[111,36,36,53,128,128,139,89,141,141,161,161,141,111,111,208,208,228,228,228,298,213,231,231,131,131,34,53,53,71,87,87,182,182,200,200,215,215,215,215,232,232,232,301,319,120,139,155,155,155],"floor_reached":50,"playtime":4879,"items_purged":["Strike_R","Blood for Blood","Pain"],"score":655,"play_id":"595fd2e4-7069-4320-a95f-9c14acc5771b","local_time":"20180715225141","is_ascension_mode":false,"campfire_choices":[{"data":"Bash","floor":6,"key":"SMITH"},{"data":"Defend_R","floor":10,"key":"SMITH"},{"data":"Defend_R","floor":12,"key":"SMITH"},{"data":"Pommel Strike","floor":15,"key":"SMITH"},{"data":"Barricade","floor":24,"key":"SMITH"},{"data":"Flame Barrier","floor":29,"key":"SMITH"},{"data":"Deep Breath","floor":32,"key":"SMITH"},{"data":"Transmutation","floor":40,"key":"SMITH"},{"floor":42,"key":"REST"},{"floor":49,"key":"REST"}],"neow_cost":"NONE","seed_source_timestamp":103646648740022,"circlet_count":0,"master_deck":["Strike_R+1","Strike_R+1","Strike_R+1","Strike_R+1","Defend_R+1","Defend_R+1","Defend_R+1","Bash+1","Flame Barrier+1","Headbutt","Shrug It Off","Pommel Strike+1","Barricade+1","Warcry","Metallicize","Deep Breath+1","Brutality","Jack Of All Trades","Transmutation+1","Enlightenment","Madness","Madness","Shrug It Off+1","Writhe","Rampage+1","Entrench"],"relics":["Burning Blood","Bag of Preparation","Busted Crown","Ornamental Fan","Ice Cream","Kunai","Cursed Key","Ginger","Red Skull","Frozen Egg 2"],"potions_floor_usage":[16,47,50,50],"damage_taken":[{"damage":0,"enemies":"Cultist","floor":1,"turns":4},{"damage":0,"enemies":"Small Slimes","floor":4,"turns":4},{"damage":1,"enemies":"Jaw Worm","floor":7,"turns":4},{"damage":7,"enemies":"Blue Slaver","floor":11,"turns":4},{"damage":0,"enemies":"Looter","floor":14,"turns":4},{"damage":59,"enemies":"Slime Boss","floor":16,"turns":14},{"damage":5,"enemies":"Chosen","floor":18,"turns":6},{"damage":5,"enemies":"3 Byrds","floor":23,"turns":4},{"damage":0,"enemies":"Centurion and Healer","floor":28,"turns":18},{"damage":10,"enemies":"Snake Plant","floor":30,"turns":7},{"damage":8,"enemies":"Slaver and Parasite","floor":31,"turns":10},{"damage":10,"enemies":"Automaton","floor":33,"turns":24},{"damage":1,"enemies":"Orb Walker","floor":35,"turns":4},{"damage":16,"floor":36,"turns":17},{"damage":8,"enemies":"3 Darklings","floor":37,"turns":9},{"damage":32,"enemies":"4 Shapes","floor":41,"turns":12},{"damage":12,"enemies":"Spire Growth","floor":45,"turns":7},{"damage":9,"enemies":"Sphere and 2 Shapes","floor":47,"turns":7},{"damage":18,"enemies":"3 Darklings","floor":48,"turns":9},{"damage":72,"enemies":"Donu and Deca","floor":50,"turns":10}],"seed_played":"7758644188267887153","potions_obtained":[{"floor":7,"key":"SmokeBomb"},{"floor":11,"key":"Swift Potion"},{"floor":13,"key":"Weak Potion"},{"floor":23,"key":"LiquidBronze"},{"floor":31,"key":"SpeedPotion"},{"floor":35,"key":"Poison Potion"},{"floor":47,"key":"FearPotion"}],"is_trial":false,"path_per_floor":["M","$","$","M","?","R","M","?","T","R","M","R","?","M","R","B",null,"M","?","?","T","?","M","R","$","T","$","M","R","M","M","R","B",null,"M","?","M","?","?","R","M","R","T","T","M","$","M","M","R"],"character_chosen":"IRONCLAD","items_purchased":["Deep Breath","Entrench"],"campfire_rested":2,"item_purchase_floors":[27,46],"current_hp_per_floor":[80,80,80,80,69,69,74,74,74,74,73,73,73,79,79,26,80,80,80,80,80,80,80,80,80,80,80,80,80,76,74,74,70,80,80,70,68,58,48,48,22,46,46,46,40,40,43,31,55,0],"gold":155,"neow_bonus":"UPGRADE_CARD","is_prod":false,"is_daily":false,"chose_seed":false,"campfire_upgraded":8,"win_rate":0.0,"timestamp":1531709501,"path_taken":["M","?","$","M","?","R","M","?","T","R","M","R","?","M","R","BOSS","M","?","?","?","?","M","R","$","T","$","M","R","?","M","R","BOSS","M","?","?","?","?","R","M","R","T","?","M","$","?","M","R","BOSS"],"build_version":"2018-07-12","purchased_purges":3,"victory":false,"max_hp_per_floor":[80,80,80,80,80,80,80,80,80,80,80,80,80,80,80,80,80,80,80,80,80,80,80,80,80,80,80,80,80,80,80,80,80,80,80,80,80,80,80,80,80,80,80,80,80,80,80,80,80,80],"card_choices":[{"not_picked":["Clothesline","Carnage"],"picked":"Flame Barrier","floor":1},{"not_picked":["Perfected Strike","Anger"],"picked":"Headbutt","floor":4},{"not_picked":["Dual Wield","Pommel Strike"],"picked":"Shrug It Off","floor":7},{"not_picked":["Rupture","Whirlwind"],"picked":"Blood for Blood","floor":11},{"not_picked":["Body Slam","Anger"],"picked":"Pommel Strike","floor":14},{"not_picked":["Berserk","Bludgeon"],"picked":"Barricade","floor":16},{"not_picked":[],"picked":"Warcry","floor":18},{"not_picked":["Thunderclap"],"picked":"SKIP","floor":23},{"not_picked":["Burning Pact+1"],"picked":"SKIP","floor":28},{"not_picked":["Perfected Strike"],"picked":"SKIP","floor":30},{"not_picked":["Anger"],"picked":"SKIP","floor":31},{"not_picked":[],"picked":"Brutality","floor":33},{"not_picked":["Inflame+1"],"picked":"SKIP","floor":35},{"not_picked":["Twin Strike"],"picked":"SKIP","floor":37},{"not_picked":[],"picked":"Jack Of All Trades","floor":38},{"not_picked":[],"picked":"Transmutation","floor":38},{"not_picked":[],"picked":"Enlightenment","floor":38},{"not_picked":[],"picked":"Shrug It Off+1","floor":41},{"not_picked":[],"picked":"Rampage+1","floor":45},{"not_picked":["Flex+1"],"picked":"SKIP","floor":47},{"not_picked":["Thunderclap+1"],"picked":"SKIP","floor":48}],"player_experience":10047,"relics_obtained":[{"floor":9,"key":"Bag of Preparation"},{"floor":21,"key":"Ornamental Fan"},{"floor":26,"key":"Kunai"},{"floor":36,"key":"Ginger"},{"floor":43,"key":"Red Skull"},{"floor":44,"key":"Frozen Egg 2"}],"event_choices":[{"event_name":"World of Goop","player_choice":"Gather Gold","floor":5,"damage_taken":0},{"event_name":"The Cleric","player_choice":"Card Removal","floor":8,"damage_taken":0},{"event_name":"The Woman in Blue","player_choice":"Bought 1 Potion","floor":13,"damage_taken":0},{"event_name":"Back to Basics","player_choice":"Simplicity","floor":19,"damage_taken":0},{"event_name":"The Library","player_choice":"Read","floor":20,"damage_taken":0},{"event_name":"Addict","player_choice":"Obtained Relic","floor":22,"damage_taken":0},{"event_name":"MindBloom","player_choice":"Fight","floor":36,"damage_taken":0},{"event_name":"SensoryStone","player_choice":"Memory 3","floor":38,"damage_taken":0},{"event_name":"Winding Halls","player_choice":"Embrace Madness","floor":39,"damage_taken":0}],"boss_relics":[{"not_picked":["Eternal Feather","Orrery"],"picked":"Busted Crown"},{"not_picked":["Snecko Eye","Calling Bell"],"picked":"Cursed Key"}],"items_purged_floors":[2,25,46],"is_endless":false,"potions_floor_spawned":[7,11,23,31,33,35,47],"killed_by":"Donu and Deca","ascension_level":0}