{"gold_per_floor":[116,131,62,75,91,126,139,139,139,173,173,199,218,234,234,333,333,347,73,73,92,110,136,136,136,184,184,202,202,236,256,256,256],"floor_reached":33,"playtime":3903,"items_purged":[],"score":503,"play_id":"267d1051-53b2-4714-a7d0-be9a50735ad3","local_time":"20190226235029","is_ascension_mode":true,"campfire_choices":[{"data":"Buffer","floor":8.0,"key":"SMITH"},{"data":"Zap","floor":11.0,"key":"SMITH"},{"data":"Steam","floor":15.0,"key":"SMITH"},{"floor":24.0,"key":"REST"},{"floor":29.0,"key":"REST"},{"floor":32.0,"key":"REST"}],"neow_cost":"NONE","seed_source_timestamp":0,"circlet_count":0,"master_deck":["Strike_B+1","Strike_B+1","Defend_B+1","Defend_B+1","Defend_B+1","Defend_B+1","Zap+1","Dualcast","Compile Driver","Auto Shields","Buffer+1","Undo","Turbo","Ball Lightning","Steam+1","Conserve Battery","Cold Snap","Darkness","Ball Lightning","Machine Learning+1","Sweeping Beam","Storm+1","Blind","Double Energy+1","Rip and Tear"],"special_seed":0,"relics":["Cracked Core","PreservedInsect","Matryoshka","Blue Candle","Frozen Egg 2","Empty Cage","Anchor","Art of War","Enchiridion","Boot","Pen Nib","Lantern"],"potions_floor_usage":[33],"damage_taken":[{"damage":7.0,"enemies":"Small Slimes","floor":1.0,"turns":3.0},{"damage":3.0,"enemies":"2 Louse","floor":2.0,"turns":3.0},{"damage":0.0,"enemies":"Jaw Worm","floor":4.0,"turns":3.0},{"damage":2.0,"enemies":"3 Louse","floor":5.0,"turns":6.0},{"damage":18.0,"enemies":"Lagavulin","floor":6.0,"turns":7.0},{"damage":4.0,"enemies":"Red Slaver","floor":7.0,"turns":4.0},{"damage":0.0,"enemies":"3 Sentries","floor":10.0,"turns":7.0},{"damage":4.0,"enemies":"Lagavulin","floor":12.0,"turns":4.0},{"damage":0.0,"enemies":"Exordium Thugs","floor":13.0,"turns":4.0},{"damage":0.0,"enemies":"Blue Slaver","floor":14.0,"turns":3.0},{"damage":21.0,"enemies":"Slime Boss","floor":16.0,"turns":11.0},{"damage":0.0,"enemies":"Spheric Guardian","floor":18.0,"turns":4.0},{"damage":6.0,"enemies":"3 Byrds","floor":21.0,"turns":5.0},{"damage":13.0,"enemies":"Shelled Parasite and Fungi","floor":22.0,"turns":6.0},{"damage":36.0,"enemies":"Slavers","floor":23.0,"turns":8.0},{"damage":1.0,"enemies":"Snake Plant","floor":28.0,"turns":4.0},{"damage":0.0,"enemies":"Gremlin Leader","floor":30.0,"turns":4.0},{"damage":13.0,"enemies":"Centurion and Healer","floor":31.0,"turns":7.0},{"damage":45,"enemies":"Automaton","floor":33,"turns":10}],"seed_played":"731048612578840690","potions_obtained":[{"floor":0.0,"key":"SneckoOil"},{"floor":0.0,"key":"SneckoOil"},{"floor":0.0,"key":"Block Potion"},{"floor":2.0,"key":"Block Potion"},{"floor":5.0,"key":"Swift Potion"},{"floor":6.0,"key":"Regen Potion"},{"floor":10.0,"key":"Fire Potion"},{"floor":21.0,"key":"SteroidPotion"},{"floor":22.0,"key":"SpeedPotion"},{"floor":28.0,"key":"Strength Potion"},{"floor":30.0,"key":"SpeedPotion"}],"is_trial":false,"path_per_floor":["M","M","$","M","M","E","M","R","T","E","R","E","M","M","R","B",null,"M","$","?","M","M","E","R","?","T","?","M","R","E","M","R","B"],"character_chosen":"DEFECT","items_purchased":["Buffer","Storm+1","Anchor","Blind"],"campfire_rested":3,"item_purchase_floors":[3,19,19,19],"current_hp_per_floor":[61,58,58,58,56,38,46,46,46,46,46,42,42,42,42,21,62,62,62,62,56,43,7,29,13,13,13,12,34,34,21,43,0],"gold":256,"neow_bonus":"THREE_SMALL_POTIONS","is_prod":false,"is_daily":false,"chose_seed":false,"campfire_upgraded":3,"win_rate":0,"timestamp":1551243029,"path_taken":["M","M","$","M","M","E","M","R","T","E","R","E","M","M","R","BOSS","M","$","?","M","M","E","R","?","T","?","M","R","E","M","R","BOSS"],"build_version":"2019-01-23","purchased_purges":0,"victory":false,"max_hp_per_floor":[75,75,75,75,75,75,75,75,75,75,75,75,75,75,75,75,75,75,75,75,75,75,75,75,75,75,75,75,75,75,75,75,75],"card_choices":[{"not_picked":["White Noise","Coolheaded"],"picked":"Compile Driver","floor":1.0},{"not_picked":["Coolheaded","Turbo"],"picked":"Auto Shields","floor":2.0},{"not_picked":["Hologram","Compile Driver"],"picked":"Undo","floor":4.0},{"not_picked":["Coolheaded","Loop","Turbo"],"picked":"SKIP","floor":5.0},{"not_picked":["Coolheaded","Loop"],"picked":"Turbo","floor":5.0},{"not_picked":["Blizzard","Redo"],"picked":"Ball Lightning","floor":6.0},{"not_picked":["Leap","Redo"],"picked":"Steam","floor":7.0},{"not_picked":["Scrape","Barrage"],"picked":"Conserve Battery","floor":10.0},{"not_picked":["Skim","Storm"],"picked":"Cold Snap","floor":12.0},{"not_picked":["Stack","Buffer+1"],"picked":"Darkness","floor":13.0},{"not_picked":["Beam Cell","Fusion"],"picked":"Ball Lightning","floor":14.0},{"not_picked":["Fission","Reboot"],"picked":"Machine Learning+1","floor":16.0},{"not_picked":["FTL","Steam"],"picked":"Sweeping Beam","floor":18.0},{"not_picked":["Ball Lightning","Cold Snap","Conserve Battery"],"picked":"SKIP","floor":21.0},{"not_picked":["Hologram+1","Ball Lightning"],"picked":"Double Energy+1","floor":22.0},{"not_picked":["Aggregate","Go for the Eyes","Hello World+1"],"picked":"SKIP","floor":23.0},{"not_picked":["All For One","Glacier","Recycle"],"picked":"SKIP","floor":28.0},{"not_picked":["Rebound+1","Doom and Gloom","Chill"],"picked":"SKIP","floor":30.0},{"not_picked":["Streamline","Gash"],"picked":"Rip and Tear","floor":31.0}],"player_experience":555011,"relics_obtained":[{"floor":6.0,"key":"PreservedInsect"},{"floor":9.0,"key":"Matryoshka"},{"floor":10.0,"key":"Blue Candle"},{"floor":12.0,"key":"Frozen Egg 2"},{"floor":23.0,"key":"Art of War"},{"floor":25.0,"key":"Enchiridion"},{"floor":26.0,"key":"Boot"},{"floor":26.0,"key":"Pen Nib"},{"floor":30.0,"key":"Lantern"}],"event_choices":[{"damage_healed":0.0,"max_hp_gain":0.0,"max_hp_loss":0.0,"gold_gain":0.0,"event_name":"Back to Basics","player_choice":"Simplicity","floor":20.0,"gold_loss":0.0,"damage_taken":0.0,"cards_upgraded":["Strike_B","Strike_B","Defend_B","Defend_B","Defend_B","Defend_B"]},{"damage_healed":0.0,"max_hp_gain":0.0,"max_hp_loss":0.0,"gold_gain":0.0,"event_name":"Cursed Tome","player_choice":"Obtained Book","floor":25.0,"gold_loss":0.0,"damage_taken":16.0},{"damage_healed":0.0,"max_hp_gain":0.0,"max_hp_loss":0.0,"gold_gain":0.0,"event_name":"Vampires","player_choice":"Ignored","floor":27.0,"gold_loss":0.0,"damage_taken":0.0}],"is_beta":false,"boss_relics":[{"not_picked":["Cursed Key","Tiny House"],"picked":"Empty Cage"}],"items_purged_floors":[],"is_endless":false,"potions_floor_spawned":[2,5,6,10,21,22,28,30],"killed_by":"Automaton","ascension_level":8}