{"gold_per_floor":[109,109,9,22,22,56,56,68,68,68,96,96,129,43,43,118,118,135,135,154,154,166,166,194,194,221,246,257,285,285,285,285,356,356,373,373,473,488,458,458,474,474,474,291,291,77,90,119,119,119],"floor_reached":50,"playtime":1869,"items_purged":["Defend_B","Shame","Decay"],"score":1084,"play_id":"ef13e5ca-fef6-41bd-b6e2-a2099cab36b5","local_time":"20190223224342","is_ascension_mode":true,"campfire_choices":[{"data":"Beam Cell","floor":7.0,"key":"SMITH"},{"data":"Lockon","floor":10.0,"key":"SMITH"},{"data":"Biased Cognition","floor":12.0,"key":"SMITH"},{"data":"Defragment","floor":15.0,"key":"SMITH"},{"data":"Dualcast","floor":23.0,"key":"SMITH"},{"data":"Coolheaded","floor":25.0,"key":"SMITH"},{"floor":32,"key":"REST"},{"data":"Creative AI","floor":40,"key":"SMITH"},{"data":"Loop","floor":45,"key":"SMITH"},{"floor":49,"key":"REST"}],"neow_cost":"PERCENT_DAMAGE","seed_source_timestamp":322282304264044,"circlet_count":0,"master_deck":["AscendersBane","Defend_B","Zap+1","Dualcast+1","Lockon+1","Compile Driver","Beam Cell+1","Conserve Battery","Conserve Battery","Coolheaded+1","Biased Cognition+1","Defragment+1","Echo Form","Hyperbeam+1","Buffer+1","Fission+1","Double Energy","Ball Lightning+1","Hologram+1","Writhe","Creative AI+1","Loop+1","BootSequence","Compile Driver+1","Core Surge+1","Flash of Steel+1","Melter+1"],"special_seed":0,"relics":["Cracked Core","Kunai","Molten Egg 2","Blue Candle","Bronze Scales","Astrolabe","Sundial","DataDisk","Strawberry","Art of War","Gremlin Horn","Cursed Key","StoneCalendar","Bag of Marbles"],"potions_floor_usage":[33,33,47,48,50],"damage_taken":[{"damage":4.0,"enemies":"2 Louse","floor":1.0,"turns":4.0},{"damage":6.0,"enemies":"Cultist","floor":4.0,"turns":3.0},{"damage":18.0,"enemies":"Lagavulin","floor":6.0,"turns":6.0},{"damage":3.0,"enemies":"Small Slimes","floor":8.0,"turns":3.0},{"damage":11.0,"enemies":"3 Sentries","floor":11.0,"turns":9.0},{"damage":2.0,"enemies":"Lagavulin","floor":13.0,"turns":4.0},{"damage":4.0,"enemies":"The Guardian","floor":16.0,"turns":7.0},{"damage":0.0,"enemies":"Chosen","floor":18.0,"turns":5.0},{"damage":15.0,"enemies":"2 Thieves","floor":20.0,"turns":4.0},{"damage":0.0,"enemies":"3 Cultists","floor":22.0,"turns":3.0},{"damage":14.0,"enemies":"Book of Stabbing","floor":24.0,"turns":6.0},{"damage":16.0,"enemies":"Gremlin Leader","floor":27.0,"turns":6.0},{"damage":32.0,"enemies":"Shelled Parasite and Fungi","floor":28.0,"turns":4.0},{"damage":31,"enemies":"Slavers","floor":29,"turns":4},{"damage":18,"enemies":"Automaton","floor":33,"turns":6},{"damage":10,"enemies":"3 Shapes","floor":35,"turns":4},{"damage":8,"enemies":"Mind Bloom Boss Battle","floor":37,"turns":5},{"damage":11,"enemies":"Orb Walker","floor":38,"turns":3},{"damage":0,"enemies":"3 Darklings","floor":41,"turns":3},{"damage":0,"enemies":"Sphere and 2 Shapes","floor":47,"turns":3},{"damage":29,"enemies":"Reptomancer","floor":48,"turns":5},{"damage":43,"enemies":"Donu and Deca","floor":50,"turns":2}],"seed_played":"-6409245945166923787","potions_obtained":[{"floor":6.0,"key":"SteroidPotion"},{"floor":8.0,"key":"SteroidPotion"},{"floor":16.0,"key":"Strength Potion"},{"floor":28.0,"key":"FocusPotion"},{"floor":35,"key":"SteroidPotion"},{"floor":39,"key":"GamblersBrew"},{"floor":47,"key":"Fire Potion"},{"floor":48,"key":"Ancient Potion"}],"is_trial":false,"path_per_floor":["M","?","$","M","?","E","R","M","T","R","E","R","E","$","R","B",null,"M","?","M","?","M","R","E","R","T","E","M","E","?","?","R","B",null,"M","?","?","M","?","R","M","?","T","$","R","$","M","E","R","B"],"character_chosen":"DEFECT","items_purchased":["Beam Cell","Defragment","Core Surge+1","Flash of Steel+1"],"campfire_rested":2,"item_purchase_floors":[3,14,44,46],"current_hp_per_floor":[49,49,49,50,50,39,39,43,43,43,39,39,44,44,44,47,65,71,71,63,63,70,70,63,63,63,68,43,19,19,35,58,47,70,67,67,59,48,48,48,48,48,48,48,48,48,48,19,42,0],"gold":119,"neow_bonus":"TRANSFORM_TWO_CARDS","is_prod":false,"is_daily":false,"chose_seed":false,"campfire_upgraded":8,"win_rate":0,"timestamp":1550958222,"path_taken":["M","?","?","M","?","E","R","M","T","R","E","R","E","$","R","BOSS","M","?","M","?","M","R","E","R","T","E","?","E","?","?","R","BOSS","M","?","?","?","?","R","?","?","T","$","R","$","M","E","R","BOSS"],"build_version":"2019-01-23","purchased_purges":3,"victory":false,"max_hp_per_floor":[71,71,71,71,71,71,71,71,71,71,71,71,71,71,71,71,71,71,71,71,71,71,71,71,71,71,78,78,78,78,78,78,78,78,78,78,78,78,78,78,78,78,78,78,78,78,78,78,78,78],"card_choices":[{"not_picked":["Beam Cell","Stack"],"picked":"Compile Driver","floor":1.0},{"not_picked":["Leap","Sweeping Beam"],"picked":"Conserve Battery","floor":4.0},{"not_picked":["Hologram","Redo"],"picked":"Conserve Battery","floor":6.0},{"not_picked":["Barrage","Steam Power"],"picked":"Coolheaded","floor":8.0},{"not_picked":["Glacier","Darkness"],"picked":"Biased Cognition","floor":11.0},{"not_picked":["Reinforced Body","Compile Driver+1","Hologram"],"picked":"SKIP","floor":13.0},{"not_picked":["Biased Cognition","Hyperbeam+1"],"picked":"Echo Form","floor":16.0},{"not_picked":["Leap","Redo+1","Gash+1"],"picked":"SKIP","floor":18.0},{"not_picked":["Auto Shields","Conserve Battery"],"picked":"Double Energy","floor":20.0},{"not_picked":["Hologram","Rip and Tear+1"],"picked":"Ball Lightning+1","floor":22.0},{"not_picked":["Heatsinks","Ball Lightning+1","Cold Snap+1"],"picked":"SKIP","floor":24.0},{"not_picked":["Cold Snap+1","Scrape+1","Storm+1"],"picked":"SKIP","floor":27.0},{"not_picked":["Auto Shields","Blizzard+1"],"picked":"Hologram+1","floor":28.0},{"not_picked":["Coolheaded","Loop","Rip and Tear+1"],"picked":"SKIP","floor":29},{"not_picked":["Amplify","Machine Learning"],"picked":"Creative AI","floor":33},{"not_picked":["Cold Snap+1","Leap"],"picked":"Loop","floor":35},{"not_picked":["Static Discharge","Streamline+1"],"picked":"BootSequence","floor":37},{"not_picked":["Reprogram","Sweeping Beam+1"],"picked":"Compile Driver+1","floor":38},{"not_picked":["Streamline+1","Steam Power","Gash+1"],"picked":"SKIP","floor":41},{"not_picked":["Leap","Coolheaded","Hyperbeam+1"],"picked":"SKIP","floor":47},{"not_picked":["Genetic Algorithm","Reprogram"],"picked":"Melter+1","floor":48}],"player_experience":1134659,"relics_obtained":[{"floor":6.0,"key":"Kunai"},{"floor":9.0,"key":"Molten Egg 2"},{"floor":11.0,"key":"Blue Candle"},{"floor":13.0,"key":"Bronze Scales"},{"floor":24.0,"key":"Sundial"},{"floor":26.0,"key":"DataDisk"},{"floor":27.0,"key":"Strawberry"},{"floor":29,"key":"Art of War"},{"floor":37,"key":"StoneCalendar"},{"floor":48,"key":"Bag of Marbles"}],"event_choices":[{"cards_removed":["Strike_B"],"damage_healed":0.0,"max_hp_gain":0.0,"max_hp_loss":0.0,"gold_gain":0.0,"event_name":"Purifier","player_choice":"Purged","floor":2.0,"gold_loss":0.0,"damage_taken":0.0},{"damage_healed":0.0,"max_hp_gain":0.0,"max_hp_loss":0.0,"gold_gain":0.0,"event_name":"Living Wall","player_choice":"Grow","floor":5.0,"gold_loss":0.0,"damage_taken":0.0,"cards_upgraded":["Zap"]},{"damage_healed":0.0,"max_hp_gain":0.0,"max_hp_loss":0.0,"gold_gain":0.0,"event_name":"Ghosts","player_choice":"Ignored","floor":19.0,"gold_loss":0.0,"damage_taken":0.0},{"damage_healed":0.0,"max_hp_gain":0.0,"max_hp_loss":0.0,"gold_gain":0.0,"event_name":"Wheel of Change","player_choice":"Cursed","floor":21.0,"gold_loss":0.0,"damage_taken":0.0,"cards_obtained":["Decay"]},{"damage_healed":0,"gold_gain":0,"player_choice":"Opened","damage_taken":0,"relics_obtained":["Gremlin Horn"],"max_hp_gain":0,"max_hp_loss":0,"event_name":"The Mausoleum","floor":30,"gold_loss":0,"cards_obtained":["Writhe"]},{"damage_healed":16,"gold_gain":0,"player_choice":"Heal","damage_taken":0,"max_hp_gain":0,"max_hp_loss":0,"event_name":"The Library","floor":31,"gold_loss":0},{"cards_removed":["Self Repair"],"damage_healed":0,"gold_gain":0,"player_choice":"Removed Power","damage_taken":0,"max_hp_gain":0,"max_hp_loss":0,"event_name":"Falling","floor":36,"gold_loss":0},{"damage_healed":0,"gold_gain":0,"player_choice":"Fight","damage_taken":0,"max_hp_gain":0,"max_hp_loss":0,"event_name":"MindBloom","floor":37,"gold_loss":0},{"damage_healed":0,"gold_gain":0,"player_choice":"Bought 2 Potions","damage_taken":0,"max_hp_gain":0,"max_hp_loss":0,"event_name":"The Woman in Blue","floor":39,"gold_loss":0},{"damage_healed":0,"gold_gain":0,"player_choice":"Ignored","damage_taken":0,"max_hp_gain":0,"max_hp_loss":0,"event_name":"Tomb of Lord Red Mask","floor":42,"gold_loss":0}],"is_beta":false,"boss_relics":[{"not_picked":["Black Star","Tiny House"],"picked":"Astrolabe"},{"not_picked":["Velvet Choker","Pandora\u0027s Box"],"picked":"Cursed Key"}],"items_purged_floors":[3,44,46],"is_endless":false,"potions_floor_spawned":[6,8,16,18,24,28,29,35,47,48],"killed_by":"Donu and Deca","ascension_level":20}