{"gold_per_floor":[114,126,137,137,212,245,245,279,279,293,38,58,58,91,91,164,164,174,185,32,32,45,45],"floor_reached":23,"playtime":888,"items_purged":["Defend_R","Strike_R"],"score":422,"play_id":"2603103d-5261-481f-937a-f93208b3c63f","local_time":"20190129152813","is_ascension_mode":true,"campfire_choices":[{"data":"Bash","floor":7.0,"key":"SMITH"},{"data":"Transmutation","floor":13,"key":"SMITH"},{"data":"Flame Barrier","floor":15,"key":"SMITH"}],"neow_cost":"NONE","seed_source_timestamp":1714497800793270,"circlet_count":0,"master_deck":["AscendersBane","Strike_R","Strike_R","Defend_R","Defend_R","Bash+1","Whirlwind+1","Pummel","Shrug It Off","Headbutt","Flame Barrier+1","Transmutation+1","Immolate","Reaper","Corruption+1","Searing Blow+1","Pummel+1","Battle Trance"],"special_seed":0,"relics":["Burning Blood","NeowsBlessing","Meat on the Bone","Vajra","Shuriken","Anchor","Astrolabe"],"potions_floor_usage":[16,16,22,23],"damage_taken":[{"damage":0.0,"enemies":"Cultist","floor":1.0,"turns":1.0},{"damage":0.0,"enemies":"Jaw Worm","floor":2.0,"turns":1.0},{"damage":0.0,"enemies":"Small Slimes","floor":3.0,"turns":1.0},{"damage":32.0,"enemies":"Gremlin Nob","floor":6.0,"turns":4.0},{"damage":35,"enemies":"3 Sentries","floor":8,"turns":7},{"damage":4,"enemies":"Looter","floor":10,"turns":3},{"damage":0,"enemies":"2 Fungi Beasts","floor":12,"turns":2},{"damage":8,"enemies":"Gremlin Nob","floor":14,"turns":3},{"damage":49,"enemies":"Hexaghost","floor":16,"turns":8},{"damage":39,"enemies":"Shell Parasite","floor":18,"turns":8},{"damage":0,"enemies":"3 Byrds","floor":19,"turns":4},{"damage":50,"enemies":"Snake Plant","floor":22,"turns":5},{"damage":39,"enemies":"Book of Stabbing","floor":23,"turns":4}],"seed_played":"7353082947503329854","potions_obtained":[{"floor":1.0,"key":"SneckoOil"},{"floor":2.0,"key":"Energy Potion"},{"floor":8,"key":"SteroidPotion"},{"floor":14,"key":"Weak Potion"},{"floor":18,"key":"BloodPotion"}],"is_trial":false,"path_per_floor":["M","M","M","?","?","E","R","E","T","M","$","M","R","E","R","B",null,"M","M","$","?","M","E"],"character_chosen":"IRONCLAD","items_purchased":["Transmutation","AttackPotion"],"campfire_rested":0,"item_purchase_floors":[11,20],"current_hp_per_floor":[74,75,75,75,64,38,38,21,21,35,35,53,53,51,51,20,61,40,46,46,61,36,0],"gold":45,"neow_bonus":"THREE_ENEMY_KILL","is_prod":false,"is_daily":false,"chose_seed":false,"campfire_upgraded":3,"win_rate":0,"timestamp":1548772093,"path_taken":["M","?","?","?","?","E","R","E","T","M","$","M","R","E","R","BOSS","M","M","$","?","M","E"],"build_version":"2019-01-23","purchased_purges":2,"victory":false,"max_hp_per_floor":[75,75,75,75,75,75,75,75,75,75,75,75,75,75,75,75,75,75,75,75,75,75,75],"card_choices":[{"not_picked":["Anger","Clothesline"],"picked":"Whirlwind","floor":1.0},{"not_picked":["Sword Boomerang","Searing Blow"],"picked":"Pummel","floor":2.0},{"not_picked":["Bloodletting","Body Slam"],"picked":"Shrug It Off","floor":3.0},{"not_picked":["Cleave","Wild Strike"],"picked":"Headbutt","floor":6.0},{"not_picked":["Seeing Red","Power Through"],"picked":"Flame Barrier","floor":8},{"not_picked":["Iron Wave","Clothesline","Warcry"],"picked":"SKIP","floor":10},{"not_picked":["Headbutt","Rupture"],"picked":"Immolate","floor":12},{"not_picked":["Hemokinesis","True Grit","Twin Strike"],"picked":"SKIP","floor":14},{"not_picked":["Brutality","Berserk"],"picked":"Reaper","floor":16},{"not_picked":["Thunderclap","Entrench"],"picked":"Battle Trance","floor":18},{"not_picked":["Iron Wave","Twin Strike","Battle Trance"],"picked":"SKIP","floor":19},{"not_picked":["Armaments+1","Reckless Charge","Cleave"],"picked":"SKIP","floor":22}],"player_experience":968997,"relics_obtained":[{"floor":6.0,"key":"Meat on the Bone"},{"floor":8,"key":"Vajra"},{"floor":9,"key":"Shuriken"},{"floor":14,"key":"Anchor"}],"event_choices":[{"damage_healed":0.0,"max_hp_gain":0.0,"max_hp_loss":0.0,"gold_gain":0.0,"event_name":"Living Wall","player_choice":"Grow","floor":4.0,"gold_loss":0.0,"damage_taken":0.0,"cards_upgraded":["Whirlwind"]},{"damage_healed":0.0,"max_hp_gain":0.0,"max_hp_loss":0.0,"gold_gain":75.0,"event_name":"World of Goop","player_choice":"Gather Gold","floor":5.0,"gold_loss":0.0,"damage_taken":11.0},{"damage_healed":15,"gold_gain":0,"player_choice":"Heal","damage_taken":0,"max_hp_gain":0,"max_hp_loss":0,"event_name":"The Library","floor":21,"gold_loss":0}],"is_beta":false,"boss_relics":[{"not_picked":["Tiny House","Ectoplasm"],"picked":"Astrolabe"}],"items_purged_floors":[11,20],"is_endless":false,"potions_floor_spawned":[1,2,8,14,18],"killed_by":"Book of Stabbing","ascension_level":20}