{"gold_per_floor":[114,129,142,157,168,197,197,230,253,266,266,44,44,63,63,161,161,174,174,191,204,67,67,67,79,79,4,4,104,15,15,15,15],"floor_reached":33,"playtime":2397,"items_purged":["Strike_B"],"score":386,"play_id":"3e2d6c0e-ce2f-4177-be85-8f7bf39d0d37","local_time":"20190306192451","is_ascension_mode":true,"campfire_choices":[{"floor":7.0,"key":"REST"},{"data":"Beam Cell","floor":11.0,"key":"SMITH"},{"data":"Go for the Eyes","floor":13.0,"key":"SMITH"},{"data":"Machine Learning","floor":15.0,"key":"SMITH"},{"floor":23.0,"key":"REST"},{"floor":28.0,"key":"REST"},{"floor":32.0,"key":"REST"}],"neow_cost":"NONE","seed_source_timestamp":1719957771735015,"circlet_count":0,"master_deck":["AscendersBane","Defend_B","Defend_B","Defend_B","Defend_B","Zap+1","Dualcast","Beam Cell+1","Rebound","Compile Driver","Go for the Eyes+1","Machine Learning+1","Ball Lightning","Leap","Heatsinks","BootSequence","Go for the Eyes+1","Rainbow","Defragment","Cold Snap+1","Shame","Defragment+1","Turbo+1","Conserve Battery+1","Defragment+1","Sweeping Beam"],"special_seed":0,"relics":["Cracked Core","Oddly Smooth Stone","Dream Catcher","Juzu Bracelet","Lee\u0027s Waffle","Inserter","Smiling Mask","Frozen Egg 2","WingedGreaves","Singing Bowl","Omamori"],"potions_floor_usage":[33],"damage_taken":[{"damage":1.0,"enemies":"Cultist","floor":1.0,"turns":3.0},{"damage":9.0,"enemies":"2 Louse","floor":2.0,"turns":2.0},{"damage":2.0,"enemies":"Jaw Worm","floor":3.0,"turns":2.0},{"damage":8.0,"enemies":"Large Slime","floor":4.0,"turns":3.0},{"damage":3.0,"enemies":"Exordium Thugs","floor":5.0,"turns":3.0},{"damage":15.0,"enemies":"3 Sentries","floor":6.0,"turns":3.0},{"damage":9.0,"enemies":"Gremlin Nob","floor":8.0,"turns":3.0},{"damage":10.0,"enemies":"Gremlin Gang","floor":10.0,"turns":4.0},{"damage":8.0,"enemies":"3 Louse","floor":14.0,"turns":3.0},{"damage":42.0,"enemies":"Slime Boss","floor":16.0,"turns":8.0},{"damage":28.0,"enemies":"Shell Parasite","floor":18.0,"turns":6.0},{"damage":1.0,"enemies":"Chosen","floor":20.0,"turns":4.0},{"damage":19.0,"enemies":"Snake Plant","floor":21.0,"turns":4.0},{"damage":19.0,"enemies":"Shelled Parasite and Fungi","floor":25.0,"turns":6.0},{"damage":12.0,"enemies":"Colosseum Slavers","floor":29.0,"turns":4.0},{"damage":33.0,"enemies":"Colosseum Nobs","floor":29.0,"turns":6.0},{"damage":30,"enemies":"Collector","floor":33,"turns":5}],"seed_played":"-8588940576223138596","potions_obtained":[{"floor":3.0,"key":"Swift Potion"},{"floor":4.0,"key":"Block Potion"},{"floor":5.0,"key":"PowerPotion"},{"floor":14.0,"key":"LiquidBronze"},{"floor":16.0,"key":"SpeedPotion"},{"floor":18.0,"key":"Poison Potion"},{"floor":21.0,"key":"FearPotion"},{"floor":29.0,"key":"Dexterity Potion"}],"is_trial":false,"path_per_floor":["M","M","M","M","M","E","R","E","T","M","R","$","R","M","R","B",null,"M","?","M","M","$","R","?","M","T","?","R","?","$","T","R","B"],"character_chosen":"DEFECT","items_purchased":["Lee\u0027s Waffle","Ball Lightning","Rainbow","Defragment","Defragment+1"],"campfire_rested":4,"item_purchase_floors":[12,12,22,22,30],"current_hp_per_floor":[67,58,56,48,45,30,52,43,43,33,33,82,82,74,74,32,70,42,42,41,22,22,46,46,27,27,27,51,6,6,6,30,0],"gold":15,"neow_bonus":"UPGRADE_CARD","is_prod":false,"is_daily":false,"chose_seed":false,"campfire_upgraded":3,"win_rate":0,"timestamp":1551918291,"path_taken":["M","M","M","M","M","E","R","E","T","M","R","$","R","M","R","BOSS","M","?","M","M","$","R","?","M","T","?","R","?","?","?","R","BOSS"],"build_version":"2019-01-23","purchased_purges":1,"victory":false,"max_hp_per_floor":[75,75,75,75,75,75,75,75,75,75,75,82,82,82,82,82,82,82,82,82,82,82,82,82,82,82,82,82,82,82,82,82,82],"card_choices":[{"not_picked":["Double Energy","Coolheaded"],"picked":"Beam Cell","floor":1.0},{"not_picked":["Aggregate","Conserve Battery"],"picked":"Rebound","floor":2.0},{"not_picked":["Recycle","Double Energy"],"picked":"Compile Driver","floor":3.0},{"not_picked":["Coolheaded","Double Energy"],"picked":"Go for the Eyes","floor":4.0},{"not_picked":["Cold Snap","Coolheaded"],"picked":"Machine Learning","floor":5.0},{"not_picked":["Beam Cell","White Noise","Reinforced Body"],"picked":"SKIP","floor":6.0},{"not_picked":["Chaos","Double Energy","Lockon"],"picked":"SKIP","floor":8.0},{"not_picked":["Compile Driver","Barrage","Stack"],"picked":"SKIP","floor":10.0},{"not_picked":["Rebound","Heatsinks","Beam Cell"],"picked":"SKIP","floor":14.0},{"not_picked":["Rebound","Coolheaded"],"picked":"Leap","floor":18.0},{"not_picked":["Go for the Eyes","Genetic Algorithm","Capacitor"],"picked":"SKIP","floor":20.0},{"not_picked":["Steam","Streamline+1"],"picked":"Go for the Eyes+1","floor":21.0},{"not_picked":["Barrage","Scrape"],"picked":"Cold Snap+1","floor":23.0},{"not_picked":["Hologram","Scrape"],"picked":"Defragment+1","floor":25.0},{"not_picked":["Heatsinks+1","Meteor Strike"],"picked":"Turbo+1","floor":28.0},{"not_picked":["Barrage","Rebound+1"],"picked":"Conserve Battery+1","floor":29.0},{"not_picked":["Beam Cell+1","Steam"],"picked":"Sweeping Beam","floor":32.0}],"player_experience":618636,"relics_obtained":[{"floor":6.0,"key":"Oddly Smooth Stone"},{"floor":8.0,"key":"Dream Catcher"},{"floor":9.0,"key":"Juzu Bracelet"},{"floor":26.0,"key":"Frozen Egg 2"},{"floor":29.0,"key":"WingedGreaves"},{"floor":29.0,"key":"Singing Bowl"},{"floor":31.0,"key":"Omamori"}],"event_choices":[{"damage_healed":0.0,"max_hp_gain":0.0,"max_hp_loss":0.0,"gold_gain":0.0,"cards_transformed":["Strike_B","Strike_B"],"event_name":"Drug Dealer","player_choice":"Became Test Subject","floor":19.0,"gold_loss":0.0,"damage_taken":0.0,"cards_obtained":["Heatsinks","BootSequence"]},{"damage_healed":0.0,"max_hp_gain":0.0,"max_hp_loss":0.0,"gold_gain":0.0,"event_name":"Addict","player_choice":"Stole Relic","floor":24.0,"gold_loss":0.0,"damage_taken":0.0,"relics_obtained":["Smiling Mask"],"cards_obtained":["Shame"]},{"cards_removed":["Strike_B"],"damage_healed":0.0,"max_hp_gain":0.0,"max_hp_loss":0.0,"gold_gain":0.0,"event_name":"Beggar","player_choice":"Gave Gold","floor":27.0,"gold_loss":75.0,"damage_taken":0.0},{"damage_healed":0.0,"max_hp_gain":0.0,"max_hp_loss":0.0,"gold_gain":0.0,"event_name":"Colosseum","player_choice":"Fight","floor":29.0,"gold_loss":0.0,"damage_taken":0.0},{"damage_healed":0.0,"max_hp_gain":0.0,"max_hp_loss":0.0,"gold_gain":0.0,"event_name":"Colosseum","player_choice":"Fought Nobs","floor":29.0,"gold_loss":0.0,"damage_taken":0.0}],"is_beta":false,"boss_relics":[{"not_picked":["Runic Dome","Tiny House"],"picked":"Inserter"}],"items_purged_floors":[30],"is_endless":false,"potions_floor_spawned":[3,4,5,14,16,18,21,29,29],"killed_by":"Collector","ascension_level":10}