{"gold_per_floor":[419,75,87,87,8,43,43,72,72,72,91,91,106,181,181,283,283,302,302,106,118,38,38,66,66,66,66,66,66,86,119,119,214,214,231,243,255,255,255,255,281,281,281,296,311,311,326,343,343,343],"floor_reached":50,"playtime":9387,"items_purged":["Regret","Strike_B"],"score":645,"play_id":"002c8741-a648-40a1-8a18-0658eabb33ca","local_time":"20190221205931","is_ascension_mode":true,"campfire_choices":[{"data":"Zap","floor":7,"key":"SMITH"},{"data":"Defragment","floor":10,"key":"SMITH"},{"data":"Defragment","floor":12,"key":"SMITH"},{"data":"Streamline","floor":15,"key":"SMITH"},{"data":"Seek","floor":25,"key":"SMITH"},{"data":"Self Repair","floor":27,"key":"SMITH"},{"data":"Echo Form","floor":29,"key":"SMITH"},{"floor":32,"key":"REST"},{"data":"Biased Cognition","floor":40,"key":"SMITH"},{"floor":42,"key":"REST"},{"data":"Coolheaded","floor":46,"key":"SMITH"},{"data":"Fission","floor":49,"key":"SMITH"}],"neow_cost":"CURSE","seed_source_timestamp":525201873955533,"circlet_count":0,"master_deck":["Strike_B","Strike_B+1","Strike_B","Defend_B","Defend_B","Defend_B","Defend_B","Zap+1","Dualcast","Defragment+1","Coolheaded+1","Defragment+1","Streamline+1","Self Repair+1","Redo","Chill","Static Discharge","Seek+1","Compile Driver","Conserve Battery","Ball Lightning","Beam Cell+1","Heatsinks","Biased Cognition+1","Echo Form+1","Defragment","Cold Snap","Machine Learning","Defragment+1","Ball Lightning","Gash+1","Redo+1","Fission+1"],"relics":["Cracked Core","Old Coin","Vajra","Ancient Tea Set","Pear","Cursed Key","Nloth\u0027s Gift","Smiling Mask","Whetstone","Busted Crown","Regal Pillow"],"potions_floor_usage":[8,16,24,33,41,47,50],"damage_taken":[{"damage":2,"enemies":"Small Slimes","floor":1,"turns":3},{"damage":6,"enemies":"2 Louse","floor":3,"turns":3},{"damage":20,"enemies":"Lagavulin","floor":6,"turns":8},{"damage":14,"enemies":"Gremlin Nob","floor":8,"turns":3},{"damage":0,"enemies":"Cultist","floor":11,"turns":3},{"damage":6,"enemies":"Looter","floor":13,"turns":2},{"damage":20,"enemies":"Slime Boss","floor":16,"turns":7},{"damage":2,"enemies":"Chosen","floor":18,"turns":4},{"damage":22,"enemies":"2 Thieves","floor":21,"turns":3},{"damage":16,"enemies":"Book of Stabbing","floor":24,"turns":5},{"damage":22,"enemies":"Centurion and Healer","floor":30,"turns":5},{"damage":27,"enemies":"Gremlin Leader","floor":31,"turns":7},{"damage":44,"enemies":"Collector","floor":33,"turns":11},{"damage":16,"enemies":"Orb Walker","floor":35,"turns":4},{"damage":21,"enemies":"3 Shapes","floor":36,"turns":5},{"damage":43,"enemies":"Jaw Worm Horde","floor":37,"turns":5},{"damage":36,"enemies":"Giant Head","floor":41,"turns":8},{"damage":0,"enemies":"4 Shapes","floor":44,"turns":7},{"damage":18,"enemies":"3 Darklings","floor":45,"turns":6},{"damage":13,"enemies":"Maw","floor":47,"turns":6},{"damage":11,"enemies":"Writhing Mass","floor":48,"turns":7},{"damage":101,"enemies":"Donu and Deca","floor":50,"turns":7}],"seed_played":"3150292121618899705","potions_obtained":[{"floor":3,"key":"Fire Potion"},{"floor":11,"key":"SteroidPotion"},{"floor":16,"key":"Energy Potion"},{"floor":21,"key":"Ancient Potion"},{"floor":30,"key":"SpeedPotion"},{"floor":41,"key":"GamblersBrew"},{"floor":44,"key":"LiquidBronze"},{"floor":45,"key":"SteroidPotion"}],"is_trial":false,"path_per_floor":["?","?","?","$","?","?","M","M","?","?","M","M"],"character_chosen":"DEFECT","items_purchased":["Coolheaded","Vajra","Defragment","Self Repair","Conserve Battery","Ball Lightning","Heatsinks"],"campfire_rested":2,"item_purchase_floors":[2,2,2,5,20,20,22],"current_hp_per_floor":[73,73,67,72,72,59,59,52,62,62,69,69,70,59,59,46,90,90,90,90,75,75,75,66,66,66,66,66,66,54,37,64,30,90,84,83,50,50,50,50,24,66,66,76,78,78,85,90,90,0],"gold":343,"neow_bonus":"ONE_RARE_RELIC","is_prod":false,"is_daily":false,"chose_seed":false,"campfire_upgraded":10,"win_rate":0,"timestamp":1550807971,"path_taken":["M","$","M","?","$","E","R","E","T","R","M","R","M","?","R","BOSS","M","?","$","M","?","?","E","R","T","R","?","R","?","E","R","BOSS","M","M","?","?","?","R","E","R","T","?","M","R","?","M","R","BOSS"],"build_version":"2019-01-23","purchased_purges":2,"victory":false,"max_hp_per_floor":[75,75,75,80,80,80,80,80,90,90,90,90,90,90,90,90,90,90,90,90,90,90,90,90,90,90,90,90,90,90,90,90,90,90,90,90,90,90,90,90,90,90,90,90,90,90,90,90,90,90],"card_choices":[{"not_picked":["Tempest","Redo"],"picked":"Defragment","floor":1},{"not_picked":["Lockon","Rebound"],"picked":"Streamline","floor":3},{"not_picked":["Coolheaded","Heatsinks"],"picked":"Redo","floor":6},{"not_picked":["Melter","Rebound"],"picked":"Chill","floor":8},{"not_picked":["Streamline","Redo","Auto Shields"],"picked":"SKIP","floor":11},{"not_picked":["Rebound","BootSequence"],"picked":"Static Discharge","floor":13},{"not_picked":["Amplify","Meteor Strike"],"picked":"Seek","floor":16},{"not_picked":["Redo","Static Discharge+1"],"picked":"Compile Driver","floor":18},{"not_picked":["Conserve Battery","Steam"],"picked":"Beam Cell","floor":21},{"not_picked":["Gash","Meteor Strike"],"picked":"Biased Cognition","floor":24},{"not_picked":["Reprogram","Undo"],"picked":"Defragment","floor":30},{"not_picked":["Force Field","Barrage"],"picked":"Cold Snap","floor":31},{"not_picked":["Meteor Strike","Echo Form"],"picked":"Machine Learning","floor":33},{"not_picked":[],"picked":"Defragment+1","floor":35},{"not_picked":[],"picked":"Ball Lightning","floor":36},{"not_picked":[],"picked":"Gash+1","floor":37},{"not_picked":["Undo+1"],"picked":"SKIP","floor":41},{"not_picked":["Sweeping Beam"],"picked":"SKIP","floor":44},{"not_picked":[],"picked":"Redo+1","floor":45},{"not_picked":[],"picked":"Fission","floor":47},{"not_picked":["Barrage"],"picked":"SKIP","floor":48}],"player_experience":60353,"relics_obtained":[{"floor":6,"key":"Juzu Bracelet"},{"floor":8,"key":"Ancient Tea Set"},{"floor":9,"key":"Pear"},{"floor":24,"key":"Smiling Mask"},{"floor":31,"key":"Whetstone"},{"floor":41,"key":"Regal Pillow"}],"event_choices":[{"damage_healed":0,"gold_gain":0,"player_choice":"Donut","damage_taken":0,"max_hp_gain":5,"max_hp_loss":0,"event_name":"Big Fish","floor":4,"gold_loss":0},{"damage_healed":0,"gold_gain":75,"player_choice":"Gather Gold","damage_taken":11,"max_hp_gain":0,"max_hp_loss":0,"event_name":"World of Goop","floor":14,"gold_loss":0},{"damage_healed":0,"gold_gain":0,"player_choice":"Traded Relic","damage_taken":0,"relics_obtained":["Nloth\u0027s Gift"],"max_hp_gain":0,"max_hp_loss":0,"event_name":"N\u0027loth","floor":19,"relics_lost":["Juzu Bracelet"],"gold_loss":0},{"damage_healed":0,"gold_gain":0,"player_choice":"Ignored","damage_taken":0,"max_hp_gain":0,"max_hp_loss":0,"event_name":"Beggar","floor":23,"gold_loss":0},{"damage_healed":0,"gold_gain":0,"player_choice":"1 cards matched","damage_taken":0,"max_hp_gain":0,"max_hp_loss":0,"event_name":"Match and Keep!","floor":28,"gold_loss":0,"cards_obtained":["Echo Form"]},{"damage_healed":0,"gold_gain":0,"player_choice":"Memory 1","damage_taken":0,"max_hp_gain":0,"max_hp_loss":0,"event_name":"SensoryStone","floor":38,"gold_loss":0},{"damage_healed":0,"gold_gain":0,"player_choice":"Ignored","damage_taken":0,"max_hp_gain":0,"max_hp_loss":0,"event_name":"Mysterious Sphere","floor":39,"gold_loss":0}],"is_beta":false,"boss_relics":[{"not_picked":["Astrolabe","Tiny House"],"picked":"Cursed Key"},{"not_picked":["Runic Dome","Nuclear Battery"],"picked":"Busted Crown"}],"items_purged_floors":[2,20],"is_endless":false,"potions_floor_spawned":[3,11,16,21,30,41,44,45],"killed_by":"Donu and Deca","ascension_level":2}