{"gold_per_floor":[112,187,198,198,211,211,136,136,136,153,172,122,134,148,148,148],"floor_reached":16,"playtime":628,"items_purged":["Strike_R"],"score":136,"play_id":"e9ba6d50-6d77-4d96-8648-0f37c611a0e1","local_time":"20180811151136","is_ascension_mode":true,"campfire_choices":[{"data":"Clash","floor":6,"key":"SMITH"},{"data":"True Grit","floor":15,"key":"SMITH"}],"neow_cost":"NONE","seed_source_timestamp":213980790541747,"circlet_count":0,"master_deck":["Strike_R","Strike_R","Strike_R","Defend_R","Defend_R","Defend_R","Defend_R","Bash","Cleave+1","Clash+1","True Grit+1"],"relics":["Burning Blood","Oddly Smooth Stone","Pantograph","Thread and Needle"],"potions_floor_usage":[16],"damage_taken":[{"damage":0,"enemies":"Jaw Worm","floor":1,"turns":5},{"damage":0,"enemies":"2 Louse","floor":3,"turns":2},{"damage":2,"enemies":"Small Slimes","floor":5,"turns":3},{"damage":2,"enemies":"Gremlin Gang","floor":10,"turns":2},{"damage":1,"enemies":"Looter","floor":11,"turns":3},{"damage":0,"enemies":"Large Slime","floor":13,"turns":6},{"damage":0,"enemies":"Blue Slaver","floor":14,"turns":5},{"damage":80,"enemies":"Hexaghost","floor":16,"turns":11}],"seed_played":"-5761342649376961294","potions_obtained":[{"floor":14,"key":"Poison Potion"}],"is_trial":false,"path_per_floor":["M","?","M","?","M","R","$","?","T","M","M","?","M","M","R"],"character_chosen":"IRONCLAD","items_purchased":[],"campfire_rested":0,"item_purchase_floors":[],"current_hp_per_floor":[78,67,73,73,77,77,77,65,65,69,74,74,80,80,80,0],"gold":148,"neow_bonus":"RANDOM_COMMON_RELIC","is_prod":false,"is_daily":false,"chose_seed":false,"campfire_upgraded":2,"win_rate":0,"timestamp":1534014696,"path_taken":["M","?","M","?","M","R","$","?","T","M","?","?","M","M","R","BOSS"],"build_version":"2018-08-09","purchased_purges":1,"victory":false,"max_hp_per_floor":[80,80,80,80,80,80,80,80,80,80,80,80,80,80,80,80],"card_choices":[{"not_picked":["Havoc","Anger"],"picked":"Cleave","floor":1},{"not_picked":["Anger","Rupture","Wild Strike"],"picked":"SKIP","floor":3},{"not_picked":["Seeing Red","Rage"],"picked":"Clash","floor":5},{"not_picked":["Shockwave","Warcry","Armaments"],"picked":"SKIP","floor":10},{"not_picked":["Twin Strike","Barricade"],"picked":"True Grit","floor":11},{"not_picked":["Entrench","Dual Wield","Feel No Pain"],"picked":"SKIP","floor":13},{"not_picked":["Iron Wave","Body Slam","Twin Strike"],"picked":"SKIP","floor":14}],"player_experience":197801,"relics_obtained":[{"floor":9,"key":"Thread and Needle"}],"event_choices":[{"event_name":"World of Goop","player_choice":"Gather Gold","floor":2,"damage_taken":0},{"event_name":"Upgrade Shrine","player_choice":"Upgraded","floor":4,"damage_taken":0},{"event_name":"Scrap Ooze","player_choice":"success","floor":8,"damage_taken":12},{"event_name":"The Cleric","player_choice":"Card Removal","floor":12,"damage_taken":0}],"is_beta":false,"boss_relics":[],"items_purged_floors":[7],"is_endless":false,"potions_floor_spawned":[14],"killed_by":"Hexaghost","ascension_level":9}