{"gold_per_floor":[13,23,23,41,59,59,94,94,146,171,171,191,209,209,209,287,287,300,317,317,317],"floor_reached":21,"playtime":931,"items_purged":[],"score":353,"play_id":"1b71f49c-e52d-4323-bc74-ca36b376150e","local_time":"20180916200839","is_ascension_mode":true,"campfire_choices":[{"data":"Neutralize","floor":6,"key":"SMITH"},{"data":"A Thousand Cuts","floor":8,"key":"SMITH"},{"data":"Backflip","floor":11,"key":"SMITH"},{"data":"Deadly Poison","floor":15,"key":"SMITH"}],"neow_cost":"NO_GOLD","seed_source_timestamp":3634302749578051,"circlet_count":0,"master_deck":["Defend_G","Defend_G","Defend_G","Defend_G","Strike_G","Strike_G","Strike_G","Strike_G","Survivor","Neutralize+1","AscendersBane","Deflect","Dash","Quick Slash","Backflip+1","Deflect","A Thousand Cuts+1","Prepared","Deadly Poison+1","Backstab","Adrenaline","Cloak And Dagger"],"relics":["Ring of the Snake","Bottled Lightning","Snake Skull","Art of War","Eternal Feather","MutagenicStrength"],"potions_floor_usage":[7,10,16,18,18],"damage_taken":[{"damage":2,"enemies":"2 Louse","floor":1,"turns":3},{"damage":0,"enemies":"Jaw Worm","floor":2,"turns":4},{"damage":0,"enemies":"Cultist","floor":4,"turns":3},{"damage":0,"enemies":"Red Slaver","floor":5,"turns":4},{"damage":6,"enemies":"3 Sentries","floor":7,"turns":11},{"damage":19,"enemies":"Gremlin Nob","floor":10,"turns":6},{"damage":3,"enemies":"Lots of Slimes","floor":12,"turns":4},{"damage":5,"enemies":"Large Slime","floor":13,"turns":5},{"damage":7,"enemies":"The Guardian","floor":16,"turns":10},{"damage":15,"enemies":"3 Byrds","floor":18,"turns":5},{"damage":20,"enemies":"2 Thieves","floor":19,"turns":5},{"damage":25,"enemies":"Shelled Parasite and Fungi","floor":21,"turns":4}],"seed_played":"-3902626487093508833","potions_obtained":[{"floor":1,"key":"PowerPotion"},{"floor":7,"key":"SpeedPotion"},{"floor":12,"key":"GamblersBrew"},{"floor":13,"key":"EssenceOfSteel"},{"floor":16,"key":"FearPotion"}],"is_trial":false,"path_per_floor":["M","M","?","M","M","R","E","R","T","E","R","M","M","?","R","B",null,"M","M","?"],"character_chosen":"THE_SILENT","items_purchased":[],"campfire_rested":0,"item_purchase_floors":[],"current_hp_per_floor":[57,57,50,50,50,50,44,44,44,25,25,22,17,17,17,10,52,37,17,17,0],"gold":317,"neow_bonus":"TRANSFORM_TWO_CARDS","is_prod":false,"is_daily":false,"chose_seed":false,"campfire_upgraded":4,"win_rate":0,"timestamp":1537121319,"path_taken":["M","M","?","?","M","R","E","R","T","E","R","M","?","?","R","BOSS","M","M","?","?"],"build_version":"2018-09-06","purchased_purges":0,"victory":false,"max_hp_per_floor":[66,66,66,66,66,66,66,66,66,66,66,66,66,66,66,66,66,66,66,66,66],"card_choices":[{"not_picked":["Distraction","Acrobatics"],"picked":"Dash","floor":1},{"not_picked":["Sucker Punch","Dodge and Roll"],"picked":"Quick Slash","floor":2},{"not_picked":["Outmaneuver","Predator"],"picked":"Backflip","floor":4},{"not_picked":["Underhanded Strike","Expertise"],"picked":"Deflect","floor":5},{"not_picked":["Deadly Poison","Underhanded Strike"],"picked":"A Thousand Cuts","floor":7},{"not_picked":["Dagger Throw","Slice"],"picked":"Prepared","floor":10},{"not_picked":["Distraction","PiercingWail"],"picked":"Deadly Poison","floor":12},{"not_picked":["Prepared","Backflip"],"picked":"Backstab","floor":13},{"not_picked":["Glass Knife","Venomology"],"picked":"Adrenaline","floor":16},{"not_picked":["Finisher","Dagger Spray","Outmaneuver"],"picked":"SKIP","floor":18},{"not_picked":["Dagger Throw","Setup"],"picked":"Cloak And Dagger","floor":19}],"player_experience":739870,"relics_obtained":[{"floor":7,"key":"Bottled Lightning"},{"floor":9,"key":"Snake Skull"},{"floor":10,"key":"Art of War"}],"event_choices":[{"event_name":"Golden Wing","player_choice":"Card Removal","floor":3,"damage_taken":0},{"event_name":"Shining Light","player_choice":"Ignored","floor":14,"damage_taken":0},{"event_name":"Drug Dealer","player_choice":"Inject Mutagens","floor":20,"damage_taken":0}],"is_beta":false,"boss_relics":[{"not_picked":["Orrery","Sozu"],"picked":"Eternal Feather"}],"items_purged_floors":[],"is_endless":false,"potions_floor_spawned":[1,7,12,13,16],"killed_by":"Shelled Parasite and Fungi","ascension_level":17}