{"gold_per_floor":[109,109,109,184,184,215,215,246,246,246],"floor_reached":10,"playtime":413,"items_purged":[],"score":133,"play_id":"af703f26-b266-47d1-83f6-467b016ef183","local_time":"20180916195249","is_ascension_mode":true,"campfire_choices":[{"data":"Fusion","floor":7.0,"key":"SMITH"}],"neow_cost":"NONE","seed_source_timestamp":0,"circlet_count":0,"master_deck":["Strike_B","Strike_B","Strike_B","Strike_B","Defend_B","Defend_B","Defend_B","Defend_B","Zap","Dualcast","AscendersBane","Fusion+1","Compile Driver","Conserve Battery"],"special_seed":0,"relics":["Cracked Core","Juzu Bracelet","Art of War","FossilizedHelix","Omamori","Bag of Marbles","Letter Opener"],"potions_floor_usage":[],"damage_taken":[{"damage":0.0,"enemies":"2 Louse","floor":1.0,"turns":1.0},{"damage":26.0,"enemies":"Lagavulin","floor":6.0,"turns":8.0},{"damage":68.0,"enemies":"Gremlin Nob","floor":8.0,"turns":5.0},{"damage":10,"enemies":"3 Sentries","floor":10,"turns":4}],"seed_played":"-8454955348965873300","potions_obtained":[{"floor":1.0,"key":"Poison Potion"},{"floor":5.0,"key":"FairyPotion"},{"floor":5.0,"key":"SneckoOil"}],"is_trial":false,"path_per_floor":["M","?","?","?","?","E","R","E","T"],"character_chosen":"DEFECT","items_purchased":[],"campfire_rested":0,"item_purchase_floors":[],"current_hp_per_floor":[64,64,64,53,53,27,27,7,7,0],"gold":246,"neow_bonus":"RANDOM_COMMON_RELIC","is_prod":false,"is_daily":false,"chose_seed":false,"campfire_upgraded":1,"win_rate":0,"timestamp":1537120369,"path_taken":["M","?","?","?","?","E","R","E","T","E"],"build_version":"2018-09-06","purchased_purges":0,"victory":false,"max_hp_per_floor":[71,71,71,71,71,71,71,71,71,71],"card_choices":[{"not_picked":["Darkness","Streamline"],"picked":"Fusion","floor":1.0},{"not_picked":["Capacitor","Stack"],"picked":"Compile Driver","floor":6.0},{"not_picked":["Lockon","Compile Driver"],"picked":"Conserve Battery","floor":8.0}],"player_experience":739457,"relics_obtained":[{"floor":3.0,"key":"FossilizedHelix"},{"floor":6.0,"key":"Omamori"},{"floor":8.0,"key":"Bag of Marbles"},{"floor":9.0,"key":"Letter Opener"}],"event_choices":[{"event_name":"WeMeetAgain","player_choice":"Potion","floor":2.0,"damage_taken":0.0},{"event_name":"Wheel of Change","player_choice":"Relic","floor":3.0,"damage_taken":0.0},{"event_name":"World of Goop","player_choice":"Gather Gold","floor":4.0,"damage_taken":0.0},{"event_name":"The Lab","player_choice":"Got Potions","floor":5.0,"damage_taken":0.0}],"is_beta":false,"boss_relics":[],"items_purged_floors":[],"is_endless":false,"potions_floor_spawned":[1],"killed_by":"3 Sentries","ascension_level":17}