{"gold_per_floor":[111,124,137,151,161,189,189,189,214,214,238,263,263,277,277,396,396,420,444,369,369],"floor_reached":21,"playtime":2058,"items_purged":[],"score":185,"play_id":"2b851d42-3305-41c7-852e-f9e8a3ae177c","local_time":"20180702215817","is_ascension_mode":false,"campfire_choices":[{"data":"Dualcast","floor":7,"key":"SMITH"},{"floor":10,"key":"REST"},{"data":"Zap","floor":13,"key":"SMITH"},{"floor":15,"key":"REST"}],"neow_cost":"NONE","seed_source_timestamp":1710663783455826,"circlet_count":0,"master_deck":["Strike_B","Strike_B","Strike_B","Strike_B","Defend_B","Defend_B","Defend_B","Defend_B","Zap+1","Dualcast+1","Leap","Skim","Lockon","Barrage","Ball Lightning","Doom and Gloom","Ball Lightning"],"relics":["Cracked Core","NeowsBlessing","Oddly Smooth Stone","Golden Idol","Juzu Bracelet","Runic Pyramid"],"potions_floor_usage":[6,16,21],"damage_taken":[{"damage":0,"enemies":"2 Louse","floor":1,"turns":1},{"damage":0,"enemies":"Small Slimes","floor":2,"turns":1},{"damage":0,"enemies":"Jaw Worm","floor":3,"turns":1},{"damage":6,"enemies":"Looter","floor":4,"turns":3},{"damage":0,"enemies":"3 Louse","floor":5,"turns":3},{"damage":33,"enemies":"Lagavulin","floor":6,"turns":7},{"damage":3,"enemies":"2 Fungi Beasts","floor":11,"turns":3},{"damage":2,"enemies":"Exordium Thugs","floor":12,"turns":5},{"damage":7,"enemies":"Lots of Slimes","floor":14,"turns":3},{"damage":42,"enemies":"Hexaghost","floor":16,"turns":11},{"damage":29,"enemies":"Shell Parasite","floor":18,"turns":6},{"damage":40,"enemies":"2 Thieves","floor":19,"turns":4},{"damage":0,"enemies":"Slaver and Parasite","floor":21,"turns":1}],"seed_played":"-6332324917791190786","potions_obtained":[{"floor":2,"key":"EssenceOfSteel"},{"floor":4,"key":"SneckoOil"},{"floor":5,"key":"Strength Potion"},{"floor":11,"key":"AttackPotion"}],"is_trial":false,"path_per_floor":["M","M","M","M","M","E","R","?","T","R","M","M","R","M","R","B",null,"M","M","?"],"character_chosen":"DEFECT","items_purchased":[],"campfire_rested":2,"item_purchase_floors":[],"current_hp_per_floor":[75,75,75,69,69,36,36,18,18,40,37,35,35,28,50,8,75,46,6,6,6],"gold":369,"neow_bonus":"THREE_ENEMY_KILL","is_prod":false,"is_daily":false,"chose_seed":false,"campfire_upgraded":2,"win_rate":0.0,"timestamp":1530583097,"path_taken":["M","M","M","M","M","E","R","?","T","R","M","M","R","M","R","BOSS","M","M","?","M"],"build_version":"2018-06-28","purchased_purges":0,"victory":false,"max_hp_per_floor":[75,75,75,75,75,75,75,75,75,75,75,75,75,75,75,75,75,75,75,75,75],"card_choices":[{"not_picked":["Stack","Redo"],"picked":"Leap","floor":1},{"not_picked":["Redo","Stack","Gash"],"picked":"SKIP","floor":2},{"not_picked":["Redo","Stack","Gash"],"picked":"SKIP","floor":2},{"not_picked":["Steam","Consume"],"picked":"Skim","floor":3},{"not_picked":["Go for the Eyes","Compile Driver","Blizzard"],"picked":"SKIP","floor":4},{"not_picked":["Gash","Self Repair"],"picked":"Lockon","floor":5},{"not_picked":["Rebound","Biased Cognition","Beam Cell"],"picked":"SKIP","floor":6},{"not_picked":["Coolheaded","Genetic Algorithm"],"picked":"Barrage","floor":11},{"not_picked":["Beam Cell","Hologram"],"picked":"Ball Lightning","floor":12},{"not_picked":["Rip and Tear","Blizzard","Heatsinks"],"picked":"SKIP","floor":14},{"not_picked":["Reboot","Rainbow"],"picked":"Machine Learning","floor":16},{"not_picked":["Glacier+1","Beam Cell"],"picked":"Doom and Gloom","floor":18},{"not_picked":["Blizzard+1","Beam Cell"],"picked":"Ball Lightning","floor":19}],"player_experience":100645,"relics_obtained":[{"floor":6,"key":"Oddly Smooth Stone"},{"floor":9,"key":"Juzu Bracelet"}],"event_choices":[{"event_name":"Golden Idol","player_choice":"Take Damage","floor":8,"damage_taken":0},{"event_name":"Beggar","player_choice":"Gave Gold","floor":20,"damage_taken":0}],"boss_relics":[{"not_picked":["Ectoplasm","Velvet Choker"],"picked":"Runic Pyramid"}],"items_purged_floors":[],"is_endless":false,"potions_floor_spawned":[2,4,5,11,14],"killed_by":"Slaver and Parasite","ascension_level":0}