{"gold_per_floor":[109,109,109,124,142,142,142,154,154,217,234,234,254,204,204,304,304,321,321,246,246,246,246,256,256,256,269,269,269,288,301,301,406,406,424,444,444,344,344,374,374,392,392,392,411,423,443,453,453,453],"floor_reached":51,"playtime":2826,"items_purged":["Strike_R","Warcry"],"score":845,"play_id":"82e53052-d810-494e-ae42-9eb7a844c993","local_time":"20180807003911","is_ascension_mode":true,"campfire_choices":[{"data":"Cleave","floor":6,"key":"SMITH"},{"data":"Bash","floor":15,"key":"SMITH"},{"data":"Pommel Strike","floor":23,"key":"SMITH"},{"data":"Clash","floor":25,"key":"SMITH"},{"data":"Clash","floor":29,"key":"SMITH"},{"floor":32,"key":"REST"},{"data":"Madness","floor":41,"key":"SMITH"},{"floor":44,"key":"REST"},{"floor":49,"key":"REST"}],"neow_cost":"","seed_source_timestamp":22037627690949,"circlet_count":0,"master_deck":["Bash+1","Clash+1","Shrug It Off","Cleave+1","Battle Trance","Pommel Strike+1","Clash+1","Clothesline","Shockwave","Twin Strike","Warcry","Infernal Blade+1","Clash+1","Madness+1","Madness","Dropkick","Inflame+1"],"relics":["Burning Blood","Meat on the Bone","StoneCalendar","Velvet Choker","Pear","Pandora\u0027s Box","Darkstone Periapt","Orichalcum"],"potions_floor_usage":[10,30,30,33,50,50,50],"damage_taken":[{"damage":3,"enemies":"Jaw Worm","floor":1,"turns":4},{"damage":5,"enemies":"Small Slimes","floor":4,"turns":3},{"damage":1,"enemies":"Cultist","floor":5,"turns":4},{"damage":9,"enemies":"Looter","floor":8,"turns":3},{"damage":9,"enemies":"3 Sentries","floor":10,"turns":7},{"damage":2,"enemies":"Gremlin Gang","floor":11,"turns":4},{"damage":4,"enemies":"Large Slime","floor":13,"turns":5},{"damage":28,"enemies":"The Guardian","floor":16,"turns":12},{"damage":15,"enemies":"Shell Parasite","floor":18,"turns":5},{"damage":3,"enemies":"Spheric Guardian","floor":24,"turns":3},{"damage":25,"enemies":"Cultist and Chosen","floor":27,"turns":5},{"damage":32,"enemies":"Chosen and Byrds","floor":30,"turns":7},{"damage":14,"enemies":"Snake Plant","floor":31,"turns":3},{"damage":66,"enemies":"Champ","floor":33,"turns":9},{"damage":10,"enemies":"3 Shapes","floor":35,"turns":2},{"damage":16,"enemies":"Flame Bruiser 1 Orb","floor":36,"turns":4},{"damage":26,"enemies":"2 Orb Walkers","floor":40,"turns":4},{"damage":48,"enemies":"Spire Growth","floor":42,"turns":4},{"damage":13,"enemies":"4 Shapes","floor":45,"turns":4},{"damage":1,"enemies":"Transient","floor":46,"turns":5},{"damage":18,"enemies":"Maw","floor":47,"turns":5},{"damage":18,"enemies":"Spire Growth","floor":48,"turns":3},{"damage":76,"enemies":"Time Eater","floor":50,"turns":8}],"seed_played":"-3654627297066576687","potions_obtained":[{"floor":5,"key":"Energy Potion"},{"floor":10,"key":"Ancient Potion"},{"floor":10,"key":"EssenceOfSteel"},{"floor":12,"key":"FearPotion"},{"floor":12,"key":"LiquidBronze"},{"floor":13,"key":"Block Potion"},{"floor":16,"key":"Energy Potion"},{"floor":24,"key":"Regen Potion"},{"floor":30,"key":"Weak Potion"},{"floor":40,"key":"Dexterity Potion"},{"floor":46,"key":"Dexterity Potion"},{"floor":47,"key":"Block Potion"}],"is_trial":false,"path_per_floor":["M","?","?","M","M","R","?","M","T","?","M","?","M","?","R","B",null,"M","?","$","?","?","R","M","R","T","M","?","R","M","M","R","B",null,"M","M","?","$","?","E","R","M","T","R","M","M","M","M","R","B"],"character_chosen":"IRONCLAD","items_purchased":[],"campfire_rested":3,"item_purchase_floors":[],"current_hp_per_floor":[80,64,64,65,70,70,70,67,67,64,68,68,70,70,70,48,80,71,71,71,71,80,80,80,80,90,71,71,71,60,52,79,31,90,86,76,65,65,65,57,57,27,27,54,59,64,52,52,79,21],"gold":453,"neow_bonus":"","is_prod":false,"is_daily":false,"chose_seed":false,"campfire_upgraded":6,"win_rate":0,"timestamp":1533616751,"path_taken":["M","?","?","M","?","R","?","M","T","?","M","?","M","?","R","BOSS","M","?","$","?","?","R","M","R","T","M","?","R","?","M","R","BOSS","M","M","?","$","?","E","R","M","T","R","?","M","M","M","R","BOSS"],"build_version":"2018-08-02","purchased_purges":2,"victory":true,"max_hp_per_floor":[80,80,80,80,80,80,80,80,80,80,80,80,80,80,80,80,80,80,80,80,80,80,80,80,80,90,90,90,90,90,90,90,90,90,90,90,90,90,90,90,90,90,90,90,90,90,90,90,90,90],"card_choices":[{"not_picked":["Havoc","Reckless Charge"],"picked":"Clash","floor":1},{"not_picked":["Sword Boomerang","True Grit"],"picked":"Shrug It Off","floor":4},{"not_picked":["Body Slam","Ghostly Armor"],"picked":"Cleave","floor":5},{"not_picked":["Corruption","Wild Strike","Heavy Blade"],"picked":"SKIP","floor":8},{"not_picked":["Armaments","Anger"],"picked":"Battle Trance","floor":11},{"not_picked":["Hemokinesis","Power Through","Shrug It Off"],"picked":"SKIP","floor":13},{"not_picked":["Flex","Feel No Pain"],"picked":"Pommel Strike","floor":18},{"not_picked":["Bloodletting","Disarm","Body Slam"],"picked":"SKIP","floor":24},{"not_picked":["Perfected Strike","Flex"],"picked":"Clash","floor":27},{"not_picked":["Exhume","Clothesline","Wild Strike"],"picked":"SKIP","floor":30},{"not_picked":["Flex","Twin Strike+1","Perfected Strike"],"picked":"SKIP","floor":31},{"not_picked":["Entrench","Anger+1"],"picked":"Infernal Blade+1","floor":35},{"not_picked":["Body Slam+1","Metallicize+1"],"picked":"Clash+1","floor":36},{"not_picked":["Exhume","Bloodletting+1","Clothesline"],"picked":"SKIP","floor":40},{"not_picked":["Dual Wield+1","Inflame+1","Burning Pact"],"picked":"SKIP","floor":42},{"not_picked":["Clothesline+1","Carnage"],"picked":"Dropkick","floor":45},{"not_picked":["Pommel Strike+1","Blood for Blood+1"],"picked":"Inflame+1","floor":46},{"not_picked":["Seeing Red+1","Iron Wave+1","Twin Strike+1"],"picked":"SKIP","floor":47},{"not_picked":["Sever Soul+1","Shrug It Off","Shockwave"],"picked":"SKIP","floor":48}],"player_experience":158591,"relics_obtained":[{"floor":9,"key":"Meat on the Bone"},{"floor":10,"key":"StoneCalendar"},{"floor":26,"key":"Pear"},{"floor":40,"key":"Darkstone Periapt"},{"floor":43,"key":"Orichalcum"}],"event_choices":[{"event_name":"Shining Light","player_choice":"Entered Light","floor":2,"damage_taken":0},{"event_name":"Liars Game","player_choice":"disagreed","floor":3,"damage_taken":0},{"event_name":"Purifier","player_choice":"One Purge","floor":7,"damage_taken":0},{"event_name":"Dead Adventurer","player_choice":"Searched \u00271\u0027 times","floor":10,"damage_taken":0},{"event_name":"The Lab","player_choice":"Got Potions","floor":12,"damage_taken":0},{"event_name":"The Cleric","player_choice":"Card Removal","floor":14,"damage_taken":0},{"event_name":"Purifier","player_choice":"One Purge","floor":19,"damage_taken":0},{"event_name":"Vampires","player_choice":"Ignored","floor":21,"damage_taken":0},{"event_name":"The Library","player_choice":"Heal","floor":22,"damage_taken":0},{"event_name":"Drug Dealer","player_choice":"Ignored","floor":28,"damage_taken":0},{"event_name":"Winding Halls","player_choice":"Embrace Madness","floor":37,"damage_taken":0},{"event_name":"Tomb of Lord Red Mask","player_choice":"Ignored","floor":39,"damage_taken":0}],"is_beta":false,"boss_relics":[{"not_picked":["Orrery","Mark of Pain"],"picked":"Velvet Choker"},{"not_picked":["Philosopher\u0027s Stone","Runic Pyramid"],"picked":"Pandora\u0027s Box"}],"items_purged_floors":[20,38],"is_endless":false,"potions_floor_spawned":[5,10,10,13,16,24,30,40,46,47,48],"ascension_level":4}