{"gold_per_floor":[118,128,139,37,37,71,71,96,120,150,115,115,133,133],"floor_reached":14,"playtime":945,"items_purged":[],"score":140,"play_id":"3f43ba6a-748c-4209-a105-7794aafaed52","local_time":"20190219172945","is_ascension_mode":true,"campfire_choices":[{"floor":7.0,"key":"REST"}],"neow_cost":"NONE","seed_source_timestamp":418575402833564,"circlet_count":0,"master_deck":["Strike_B","Strike_B","Strike_B","Strike_B","Defend_B","Defend_B","Defend_B","Defend_B+1","Zap","Dualcast","Steam+1","Sweeping Beam","Ball Lightning","Genetic Algorithm"],"special_seed":0,"relics":["Cracked Core","NeowsBlessing","Bronze Scales","War Paint","Boot","Potion Belt","Centennial Puzzle"],"potions_floor_usage":[14],"damage_taken":[{"damage":0.0,"enemies":"Cultist","floor":1.0,"turns":1.0},{"damage":0.0,"enemies":"Small Slimes","floor":2.0,"turns":1.0},{"damage":0.0,"enemies":"2 Louse","floor":3.0,"turns":1.0},{"damage":24.0,"enemies":"Lagavulin","floor":6.0,"turns":5.0},{"damage":22.0,"enemies":"3 Sentries","floor":8.0,"turns":6.0},{"damage":27.0,"enemies":"Lagavulin","floor":10.0,"turns":5.0},{"damage":14.0,"enemies":"Exordium Thugs","floor":13.0,"turns":3.0},{"damage":17,"enemies":"Gremlin Nob","floor":14,"turns":3}],"seed_played":"-8906903289480205007","potions_obtained":[{"floor":2.0,"key":"SkillPotion"},{"floor":6.0,"key":"Fire Potion"},{"floor":10.0,"key":"SpeedPotion"},{"floor":13.0,"key":"SneckoOil"}],"is_trial":false,"path_per_floor":["M","M","M","$","?","E","R","E","T","E","?","?","M","E"],"character_chosen":"DEFECT","items_purchased":["Explosive Potion","Weak Potion"],"campfire_rested":1,"item_purchase_floors":[4,4],"current_hp_per_floor":[68,68,68,68,61,37,59,37,37,10,28,28,14,0],"gold":133,"neow_bonus":"THREE_ENEMY_KILL","is_prod":false,"is_daily":false,"chose_seed":false,"campfire_upgraded":0,"win_rate":0,"timestamp":1550615385,"path_taken":["M","?","M","$","?","E","R","E","T","E","?","?","M","E"],"build_version":"2019-01-23","purchased_purges":0,"victory":false,"max_hp_per_floor":[75,75,75,75,75,75,75,75,75,75,75,75,75,75],"card_choices":[{"not_picked":["Redo","Static Discharge","Force Field"],"picked":"SKIP","floor":1.0},{"not_picked":["Redo","Static Discharge","Force Field"],"picked":"SKIP","floor":1.0},{"not_picked":["Turbo","Buffer"],"picked":"Steam","floor":2.0},{"not_picked":["Beam Cell","Rebound"],"picked":"Sweeping Beam","floor":3.0},{"not_picked":["Steam","Rebound","Scrape"],"picked":"SKIP","floor":6.0},{"not_picked":["Force Field","Fusion"],"picked":"Ball Lightning","floor":8.0},{"not_picked":["Auto Shields","Glacier"],"picked":"Genetic Algorithm","floor":10.0},{"not_picked":["Turbo","Cold Snap","Streamline"],"picked":"SKIP","floor":13.0}],"player_experience":508047,"relics_obtained":[{"floor":6.0,"key":"War Paint"},{"floor":8.0,"key":"Boot"},{"floor":9.0,"key":"Potion Belt"},{"floor":10.0,"key":"Centennial Puzzle"}],"event_choices":[{"damage_healed":0.0,"max_hp_gain":0.0,"max_hp_loss":0.0,"gold_gain":0.0,"event_name":"Scrap Ooze","player_choice":"Success","floor":5.0,"gold_loss":0.0,"damage_taken":7.0,"relics_obtained":["Bronze Scales"]},{"damage_healed":18.0,"max_hp_gain":0.0,"max_hp_loss":0.0,"gold_gain":0.0,"event_name":"The Cleric","player_choice":"Healed","floor":11.0,"gold_loss":35.0,"damage_taken":0.0},{"damage_healed":0.0,"max_hp_gain":0.0,"max_hp_loss":0.0,"gold_gain":0.0,"event_name":"Golden Idol","player_choice":"Ignored","floor":12.0,"gold_loss":0.0,"damage_taken":0.0}],"is_beta":false,"boss_relics":[],"items_purged_floors":[],"is_endless":false,"potions_floor_spawned":[2,6,10,13],"killed_by":"Gremlin Nob","ascension_level":6}