{"gold_per_floor":[117,134,67,67,142,174,174,187,210,223,255,255,27,39,39,143,193,211,224,243,143,143,143,153,153,153,169,169,169],"floor_reached":29,"playtime":2390,"items_purged":["Regret","Strike_R"],"score":364,"play_id":"b5d7ca4d-f22c-45bb-9038-c8bcfd060c58","local_time":"20190206010349","is_ascension_mode":true,"campfire_choices":[{"data":"Searing Blow","floor":7.0,"key":"SMITH"},{"floor":12.0,"key":"REST"},{"floor":15,"key":"REST"},{"floor":23,"key":"REST"},{"data":"Searing Blow+1","floor":28,"key":"SMITH"}],"neow_cost":"NONE","seed_source_timestamp":792839770940427,"circlet_count":0,"master_deck":["Strike_R","Strike_R","Strike_R","Strike_R","Defend_R","Defend_R","Defend_R","Defend_R","Bash","Armaments","Clothesline","Searing Blow+2","Evolve","Juggernaut","Shrug It Off","Reckless Charge+1","Immolate","Cleave","Headbutt+1","Disarm+1","Shockwave+1","Bash","Havoc","Flame Barrier"],"special_seed":0,"relics":["Burning Blood","NeowsBlessing","Orichalcum","Matryoshka","Vajra","Bag of Preparation","Du-Vu Doll","Tiny House","GremlinMask","Boot","Bird Faced Urn"],"potions_floor_usage":[14,16],"damage_taken":[{"damage":0.0,"enemies":"Cultist","floor":1.0,"turns":1.0},{"damage":0.0,"enemies":"Jaw Worm","floor":2.0,"turns":1.0},{"damage":0.0,"enemies":"Gremlin Nob","floor":6.0,"turns":1.0},{"damage":10.0,"enemies":"Small Slimes","floor":8.0,"turns":4.0},{"damage":17.0,"enemies":"2 Fungi Beasts","floor":10.0,"turns":4.0},{"damage":40.0,"enemies":"3 Sentries","floor":11.0,"turns":6.0},{"damage":0,"enemies":"Gremlin Gang","floor":14,"turns":1},{"damage":55,"enemies":"Hexaghost","floor":16,"turns":11},{"damage":16,"enemies":"3 Byrds","floor":18,"turns":5},{"damage":30,"enemies":"2 Thieves","floor":19,"turns":4},{"damage":31,"enemies":"Snake Plant","floor":20,"turns":5},{"damage":0,"enemies":"Snecko","floor":24,"turns":3},{"damage":5,"enemies":"Cultist and Chosen","floor":27,"turns":6},{"damage":36,"enemies":"Book of Stabbing","floor":29,"turns":5}],"seed_played":"1381845458585711733","potions_obtained":[{"floor":1.0,"key":"Weak Potion"},{"floor":17,"key":"SmokeBomb"},{"floor":18,"key":"Dexterity Potion"},{"floor":24,"key":"Block Potion"}],"is_trial":false,"path_per_floor":["M","M","$","?","?","E","R","M","T","M","E","R","$","M","R","B",null,"M","M","M","$","?","R","M","?","T","M","R","E"],"character_chosen":"IRONCLAD","items_purchased":["Searing Blow","Shrug It Off","Reckless Charge","AttackPotion"],"campfire_rested":3,"item_purchase_floors":[3,13,13,13],"current_hp_per_floor":[78,80,80,80,69,75,75,71,71,60,26,50,50,56,80,31,73,63,39,14,14,14,39,45,45,45,50,50,16],"gold":169,"neow_bonus":"THREE_ENEMY_KILL","is_prod":false,"is_daily":false,"chose_seed":false,"campfire_upgraded":2,"win_rate":0,"timestamp":1549433029,"path_taken":["M","?","$","?","?","E","R","M","T","M","E","R","$","M","R","BOSS","M","M","M","$","?","R","?","?","T","M","R","E"],"build_version":"2019-01-23","purchased_purges":2,"victory":false,"max_hp_per_floor":[80,80,80,80,80,80,80,80,80,80,80,80,80,80,80,80,85,85,85,85,85,85,85,85,85,85,85,85,85],"card_choices":[{"not_picked":["Entrench","Clash"],"picked":"Armaments","floor":1.0},{"not_picked":["Headbutt","Anger"],"picked":"Clothesline","floor":2.0},{"not_picked":["Disarm","Feel No Pain","Bloodletting"],"picked":"SKIP","floor":6.0},{"not_picked":["Havoc","Perfected Strike"],"picked":"Evolve","floor":8.0},{"not_picked":["Body Slam","Rupture"],"picked":"Juggernaut","floor":10.0},{"not_picked":["Feel No Pain","Clash","Fiend Fire"],"picked":"SKIP","floor":11.0},{"not_picked":["Searing Blow","Clothesline","Burning Pact"],"picked":"SKIP","floor":14},{"not_picked":["Brutality","Berserk"],"picked":"Immolate","floor":16},{"not_picked":["Perfected Strike","Pommel Strike"],"picked":"Cleave","floor":17},{"not_picked":["Armaments","Fire Breathing+1"],"picked":"Headbutt+1","floor":18},{"not_picked":["Thunderclap","Anger"],"picked":"Disarm+1","floor":19},{"not_picked":["Havoc+1","Twin Strike+1"],"picked":"Shockwave+1","floor":20},{"not_picked":["Corruption","Thunderclap"],"picked":"Flame Barrier","floor":24},{"not_picked":["Twin Strike","Thunderclap","Armaments"],"picked":"SKIP","floor":27}],"player_experience":376250,"relics_obtained":[{"floor":6.0,"key":"Matryoshka"},{"floor":9.0,"key":"Vajra"},{"floor":9.0,"key":"Bag of Preparation"},{"floor":11.0,"key":"Du-Vu Doll"},{"floor":26,"key":"Boot"},{"floor":26,"key":"Bird Faced Urn"}],"event_choices":[{"damage_healed":0.0,"max_hp_gain":0.0,"max_hp_loss":0.0,"gold_gain":0.0,"event_name":"Big Fish","player_choice":"Box","floor":4.0,"gold_loss":0.0,"damage_taken":0.0,"relics_obtained":["Orichalcum"],"cards_obtained":["Regret"]},{"damage_healed":0.0,"max_hp_gain":0.0,"max_hp_loss":0.0,"gold_gain":75.0,"event_name":"World of Goop","player_choice":"Gather Gold","floor":5.0,"gold_loss":0.0,"damage_taken":11.0},{"damage_healed":0,"gold_gain":0,"player_choice":"2 cards matched","damage_taken":0,"max_hp_gain":0,"max_hp_loss":0,"event_name":"Match and Keep!","floor":22,"gold_loss":0,"cards_obtained":["Bash","Havoc"]},{"damage_healed":0,"gold_gain":0,"player_choice":"Trade","damage_taken":0,"relics_obtained":["GremlinMask"],"max_hp_gain":0,"max_hp_loss":0,"event_name":"FaceTrader","floor":25,"gold_loss":0}],"is_beta":false,"boss_relics":[{"not_picked":["Runic Dome","White Beast Statue"],"picked":"Tiny House"}],"items_purged_floors":[13,21],"is_endless":false,"potions_floor_spawned":[1,18,24,27],"killed_by":"Book of Stabbing","ascension_level":8}