{"gold_per_floor":[118,118,43,63,83,83,113,129,155,155,165,200,200,216,216,290,290,303,303,320,332,332],"floor_reached":22,"playtime":818,"items_purged":["Strike_R"],"score":386,"play_id":"7642473b-d569-4a9b-a32c-ffeba1ee67d2","local_time":"20190124000330","is_ascension_mode":true,"campfire_choices":[{"data":"Immolate","floor":6.0,"key":"SMITH"},{"data":"Double Tap","floor":10.0,"key":"SMITH"},{"data":"Inflame","floor":13.0,"key":"SMITH"},{"data":"Bash","floor":15.0,"key":"SMITH"}],"neow_cost":"TEN_PERCENT_HP_LOSS","seed_source_timestamp":1226867155545244,"circlet_count":0,"master_deck":["AscendersBane","Strike_R+1","Strike_R+1","Strike_R","Defend_R","Defend_R","Defend_R","Bash+1","Thunderclap","Inflame+1","Immolate+1","Feel No Pain","Double Tap+1","Second Wind","Feed","Clash+1"],"special_seed":0,"relics":["Burning Blood","Potion Belt","Blood Vial","Whetstone","Eternal Feather","MutagenicStrength"],"potions_floor_usage":[16,20,21],"damage_taken":[{"damage":7.0,"enemies":"Small Slimes","floor":1.0,"turns":4.0},{"damage":1.0,"enemies":"Cultist","floor":4.0,"turns":3.0},{"damage":6.0,"enemies":"Jaw Worm","floor":5.0,"turns":3.0},{"damage":37.0,"enemies":"Lagavulin","floor":7.0,"turns":6.0},{"damage":11.0,"enemies":"Large Slime","floor":8.0,"turns":5.0},{"damage":8.0,"enemies":"Looter","floor":11.0,"turns":3.0},{"damage":1.0,"enemies":"Gremlin Nob","floor":12.0,"turns":3.0},{"damage":5.0,"enemies":"Lots of Slimes","floor":14.0,"turns":3.0},{"damage":42,"enemies":"The Guardian","floor":16,"turns":8},{"damage":6,"enemies":"3 Byrds","floor":18,"turns":2},{"damage":20,"enemies":"Shell Parasite","floor":20,"turns":3},{"damage":33,"enemies":"Snake Plant","floor":21,"turns":3},{"damage":28,"enemies":"Sentry and Sphere","floor":22,"turns":3}],"seed_played":"-749845280914411840","potions_obtained":[{"floor":8.0,"key":"Weak Potion"},{"floor":11.0,"key":"Fire Potion"},{"floor":12.0,"key":"FearPotion"},{"floor":16,"key":"Energy Potion"},{"floor":20,"key":"Poison Potion"},{"floor":21,"key":"Explosive Potion"}],"is_trial":false,"path_per_floor":["M","?","$","M","M","R","E","M","T","R","M","E","R","M","R","B",null,"M","?","M","M","M"],"character_chosen":"IRONCLAD","items_purchased":[],"campfire_rested":0,"item_purchase_floors":[],"current_hp_per_floor":[67,67,67,68,68,68,37,32,32,32,32,39,39,42,42,8,53,55,55,46,21,0],"gold":332,"neow_bonus":"REMOVE_TWO","is_prod":false,"is_daily":false,"chose_seed":false,"campfire_upgraded":4,"win_rate":0,"timestamp":1548284610,"path_taken":["M","?","$","M","M","R","E","M","T","R","?","E","R","M","R","BOSS","M","?","M","M","M"],"build_version":"2019-01-23","purchased_purges":1,"victory":false,"max_hp_per_floor":[68,68,68,68,68,68,68,68,68,68,68,68,68,68,68,68,68,68,68,71,71,74],"card_choices":[{"not_picked":["True Grit","Warcry"],"picked":"Thunderclap","floor":1.0},{"not_picked":["Searing Blow","Flex"],"picked":"Feel No Pain","floor":4.0},{"not_picked":["Entrench","Clothesline","Power Through"],"picked":"SKIP","floor":5.0},{"not_picked":["Iron Wave","Sentinel"],"picked":"Double Tap","floor":7.0},{"not_picked":["Twin Strike","Sword Boomerang"],"picked":"Second Wind","floor":8.0},{"not_picked":["Flex","Feel No Pain","Perfected Strike"],"picked":"SKIP","floor":11.0},{"not_picked":["Headbutt","Flex","Intimidate"],"picked":"SKIP","floor":12.0},{"not_picked":["Demon Form","Twin Strike","Havoc"],"picked":"SKIP","floor":14.0},{"not_picked":["Brutality","Double Tap"],"picked":"Feed","floor":16},{"not_picked":["Headbutt","Perfected Strike"],"picked":"Clash+1","floor":18},{"not_picked":["Seeing Red","Rupture","Thunderclap"],"picked":"SKIP","floor":20},{"not_picked":["Armaments","Demon Form","Bloodletting"],"picked":"SKIP","floor":21}],"player_experience":927293,"relics_obtained":[{"floor":7.0,"key":"Potion Belt"},{"floor":9.0,"key":"Blood Vial"},{"floor":12.0,"key":"Whetstone"}],"event_choices":[{"damage_healed":0.0,"max_hp_gain":0.0,"max_hp_loss":0.0,"gold_gain":0.0,"event_name":"Match and Keep!","player_choice":"2 cards matched","floor":2.0,"gold_loss":0.0,"damage_taken":0.0,"cards_obtained":["Inflame","Immolate"]},{"damage_healed":0,"gold_gain":0,"player_choice":"Inject Mutagens","damage_taken":0,"relics_obtained":["MutagenicStrength"],"max_hp_gain":0,"max_hp_loss":0,"event_name":"Drug Dealer","floor":19,"gold_loss":0}],"is_beta":false,"boss_relics":[{"not_picked":["Calling Bell","Sozu"],"picked":"Eternal Feather"}],"items_purged_floors":[3],"is_endless":false,"potions_floor_spawned":[8,11,12,16,20,21],"killed_by":"Sentry and Sphere","ascension_level":19}