{"gold_per_floor":[11,86,86,11,29,29,57,57,81,109,126,159,178,9,9,110,110,125,50,149,149,164,164,39,65,65,65,83,108,139,176,188,304,316,342,354,366,390,402,414,460,20,70,105,117,151,0,15,15,15,15,15,1,29,29],"floor_reached":56,"playtime":3988,"items_purged":["Regret","Strike_R","Strike_R"],"score":1491,"play_id":"47d5a6ff-b8bf-455e-b83a-660dd54a24d7","local_time":"20190213201638","is_ascension_mode":true,"campfire_choices":[{"data":"Feed","floor":6,"key":"SMITH"},{"data":"Wild Strike","floor":8,"key":"SMITH"},{"data":"Bash","floor":15,"key":"SMITH"},{"data":"Body Slam","floor":23,"key":"SMITH"},{"data":"Barricade","floor":27,"key":"SMITH"},{"data":"True Grit","floor":32,"key":"SMITH"},{"floor":40,"key":"RECALL"},{"data":"Feel No Pain","floor":49,"key":"SMITH"},{"data":"Metallicize","floor":52,"key":"SMITH"}],"neow_cost":"NO_GOLD","seed_source_timestamp":168724367908880,"circlet_count":0,"master_deck":["Defend_R","Defend_R","Defend_R","Bash+1","Feed+1","Feel No Pain+1","Warcry+1","Wild Strike+1","Shrug It Off","Reaper+1","Sever Soul+1","Barricade+1","Wild Strike+1","Sentinel+1","Body Slam+1","Feel No Pain+1","True Grit+1","Anger+1","Armaments+1","Thunderclap+1","Power Through","Finesse","Finesse","Magnetism","True Grit+1","Madness+1","Madness+1","Shockwave+1","Reckless Charge+1","Metallicize+1","Warcry+1","Shrug It Off+1","Armaments+1"],"relics":["Burning Blood","Regal Pillow","Mummified Hand","Anchor","Vajra","Bottled Lightning","Black Star","Boot","Thread and Needle","Singing Bowl","Molten Egg 2","MawBank","War Paint","Astrolabe","Toxic Egg 2","Lantern","Prayer Wheel","Membership Card","Bronze Scales","Bird Faced Urn","Pear","Omamori","Champion Belt","PreservedInsect","Red Mask","Whetstone","Dead Branch"],"potions_floor_usage":[10,10,25,33,35,38,45,50,55,55],"damage_taken":[{"damage":1,"enemies":"Cultist","floor":1,"turns":3},{"damage":4,"enemies":"2 Louse","floor":5,"turns":3},{"damage":20,"enemies":"3 Sentries","floor":7,"turns":12},{"damage":20,"enemies":"Gremlin Nob","floor":10,"turns":4},{"damage":0,"enemies":"Jaw Worm","floor":11,"turns":2},{"damage":29,"enemies":"Lagavulin","floor":12,"turns":6},{"damage":0,"enemies":"Red Slaver","floor":13,"turns":3},{"damage":29,"enemies":"Slime Boss","floor":16,"turns":7},{"damage":18,"enemies":"Shell Parasite","floor":18,"turns":5},{"damage":29,"enemies":"2 Thieves","floor":22,"turns":5},{"damage":45,"enemies":"Slavers","floor":25,"turns":7},{"damage":2,"enemies":"Snake Plant","floor":28,"turns":2},{"damage":14,"enemies":"Book of Stabbing","floor":29,"turns":6},{"damage":12,"enemies":"Snecko","floor":30,"turns":8},{"damage":71,"enemies":"Automaton","floor":33,"turns":18},{"damage":1,"enemies":"3 Shapes","floor":35,"turns":37},{"damage":0,"enemies":"3 Darklings","floor":38,"turns":10},{"damage":0,"enemies":"Nemesis","floor":41,"turns":17},{"damage":57,"enemies":"Giant Head","floor":44,"turns":11},{"damage":26,"enemies":"Sphere and 2 Shapes","floor":45,"turns":7},{"damage":0,"enemies":"Reptomancer","floor":46,"turns":7},{"damage":0,"enemies":"Maw","floor":48,"turns":9},{"damage":31,"enemies":"Donu and Deca","floor":50,"turns":15},{"damage":82,"enemies":"Shield and Spear","floor":54,"turns":9},{"damage":73,"enemies":"The Heart","floor":55,"turns":9}],"seed_played":"-6522449254895463932","potions_obtained":[{"floor":5,"key":"Ancient Potion"},{"floor":7,"key":"SteroidPotion"},{"floor":16,"key":"Dexterity Potion"},{"floor":18,"key":"PowerPotion"},{"floor":25,"key":"Dexterity Potion"},{"floor":28,"key":"Dexterity Potion"},{"floor":35,"key":"Swift Potion"},{"floor":44,"key":"Regen Potion"},{"floor":48,"key":"SmokeBomb"},{"floor":54,"key":"Weak Potion"}],"is_trial":false,"path_per_floor":["M","?","?","$","M","R","E","R","T","E","M","E","M","$","R","B",null,"M","?","?","?","M","R","$","E","T","R","M","E","M","T","R","B",null,"M","?","T","M","?","R","E","$","T","E","M","E","?","M","R","B",null,"R","$","E","B",null],"character_chosen":"IRONCLAD","items_purchased":["Sever Soul","Membership Card","Bronze Scales","Bird Faced Urn","Block Potion","Armaments+1"],"campfire_rested":0,"item_purchase_floors":[14,42,42,42,42,53],"current_hp_per_floor":[83,72,72,72,77,77,67,67,67,57,67,44,54,54,54,42,106,98,98,98,98,89,89,89,69,69,69,77,82,81,81,81,33,130,134,124,124,138,121,121,132,132,132,101,112,148,148,156,156,153,156,156,156,90,37],"gold":29,"neow_bonus":"THREE_RARE_CARDS","is_prod":false,"is_daily":false,"chose_seed":false,"campfire_upgraded":8,"win_rate":0,"timestamp":1550085398,"path_taken":["M","?","?","$","M","R","E","R","T","E","?","E","M","?","R","BOSS","M","?","?","?","M","R","$","E","T","R","M","E","M","?","R","BOSS","M","?","?","?","?","R","E","?","T","E","?","E","?","M","R","BOSS","R","$","E","BOSS"],"build_version":"2019-01-23","purchased_purges":3,"victory":true,"max_hp_per_floor":[83,83,83,83,86,86,90,90,90,94,98,98,102,102,102,106,106,110,110,110,110,114,114,114,118,118,118,122,128,128,128,128,130,130,134,134,134,138,138,138,138,138,138,148,154,154,154,156,156,156,156,156,156,158,158],"card_choices":[{"not_picked":["Offering","Limit Break"],"picked":"Feed","floor":0},{"not_picked":["Havoc","Inflame"],"picked":"Feel No Pain","floor":1},{"not_picked":["Corruption","Anger"],"picked":"Warcry","floor":5},{"not_picked":["Sentinel","Clothesline"],"picked":"Wild Strike","floor":7},{"not_picked":["Uppercut","Clothesline"],"picked":"Shrug It Off","floor":10},{"not_picked":["Sentinel","Pommel Strike","True Grit"],"picked":"SKIP","floor":11},{"not_picked":["Clothesline","Rampage"],"picked":"Reaper","floor":12},{"not_picked":["Spot Weakness","Warcry","Armaments"],"picked":"SKIP","floor":13},{"not_picked":["Exhume","Bludgeon"],"picked":"Barricade","floor":16},{"not_picked":["Warcry","Dropkick"],"picked":"Wild Strike+1","floor":18},{"not_picked":["Rampage","Shrug It Off+1"],"picked":"Body Slam","floor":22},{"not_picked":["Flex+1","Uppercut","Combust"],"picked":"SKIP","floor":25},{"not_picked":["Havoc","Armaments"],"picked":"Feel No Pain+1","floor":28},{"not_picked":["Inflame","Headbutt","Armaments"],"picked":"Singing Bowl","floor":29},{"not_picked":["Corruption","Flame Barrier"],"picked":"True Grit","floor":30},{"not_picked":["Demon Form","Feed+1","Berserk"],"picked":"Singing Bowl","floor":33},{"not_picked":["True Grit","Iron Wave+1"],"picked":"Power Through","floor":35},{"not_picked":["Impatience","Master of Strategy"],"picked":"Finesse","floor":36},{"not_picked":["Sadistic Nature","Enlightenment"],"picked":"Finesse","floor":36},{"not_picked":["HandOfGreed+1","Deep Breath"],"picked":"Magnetism","floor":36},{"not_picked":["Dual Wield+1","Iron Wave+1"],"picked":"True Grit+1","floor":38},{"not_picked":["Cleave+1","Infernal Blade+1"],"picked":"Shockwave+1","floor":41},{"not_picked":["Armaments+1","Havoc+1"],"picked":"Reckless Charge+1","floor":44},{"not_picked":["Clothesline+1","Perfected Strike+1","Anger+1"],"picked":"Singing Bowl","floor":45},{"not_picked":["Clothesline+1","Dropkick+1"],"picked":"Metallicize","floor":45},{"not_picked":["Whirlwind+1","Reckless Charge+1"],"picked":"Warcry+1","floor":46},{"not_picked":["Pummel+1","Headbutt+1","Searing Blow+1"],"picked":"Singing Bowl","floor":48},{"not_picked":["Sentinel+1","True Grit+1"],"picked":"Shrug It Off+1","floor":48},{"not_picked":["Thunderclap+1","Hemokinesis+1","Rupture"],"picked":"Singing Bowl","floor":54}],"player_experience":1066205,"relics_obtained":[{"floor":7,"key":"Mummified Hand"},{"floor":9,"key":"Anchor"},{"floor":10,"key":"Vajra"},{"floor":12,"key":"Bottled Lightning"},{"floor":25,"key":"Boot"},{"floor":25,"key":"Thread and Needle"},{"floor":26,"key":"Singing Bowl"},{"floor":29,"key":"Molten Egg 2"},{"floor":29,"key":"MawBank"},{"floor":31,"key":"War Paint"},{"floor":37,"key":"Toxic Egg 2"},{"floor":41,"key":"Lantern"},{"floor":41,"key":"Prayer Wheel"},{"floor":44,"key":"Pear"},{"floor":44,"key":"Omamori"},{"floor":46,"key":"Champion Belt"},{"floor":46,"key":"PreservedInsect"},{"floor":54,"key":"Whetstone"},{"floor":54,"key":"Dead Branch"}],"event_choices":[{"damage_healed":0,"gold_gain":75,"player_choice":"Gather Gold","damage_taken":11,"max_hp_gain":0,"max_hp_loss":0,"event_name":"World of Goop","floor":2,"gold_loss":0},{"damage_healed":0,"gold_gain":0,"player_choice":"Box","damage_taken":0,"relics_obtained":["Regal Pillow"],"max_hp_gain":0,"max_hp_loss":0,"event_name":"Big Fish","floor":3,"gold_loss":0,"cards_obtained":["Regret"]},{"cards_removed":["Strike_R"],"damage_healed":0,"gold_gain":0,"player_choice":"Gave Gold","damage_taken":0,"max_hp_gain":0,"max_hp_loss":0,"event_name":"Beggar","floor":19,"gold_loss":75},{"damage_healed":0,"gold_gain":99,"player_choice":"Stole From Cult","damage_taken":0,"max_hp_gain":0,"max_hp_loss":0,"event_name":"Nest","floor":20,"gold_loss":0},{"damage_healed":0,"gold_gain":0,"player_choice":"Read","damage_taken":0,"max_hp_gain":0,"max_hp_loss":0,"event_name":"The Library","floor":21,"gold_loss":0,"cards_obtained":["Sentinel"]},{"damage_healed":0,"gold_gain":0,"player_choice":"Memory 3","damage_taken":10,"max_hp_gain":0,"max_hp_loss":0,"event_name":"SensoryStone","floor":36,"gold_loss":0},{"damage_healed":0,"gold_gain":0,"player_choice":"Embrace Madness","damage_taken":17,"max_hp_gain":0,"max_hp_loss":0,"event_name":"Winding Halls","floor":39,"gold_loss":0,"cards_obtained":["Madness","Madness"]},{"damage_healed":0,"gold_gain":0,"player_choice":"Paid","damage_taken":0,"relics_obtained":["Red Mask"],"max_hp_gain":0,"max_hp_loss":0,"event_name":"Tomb of Lord Red Mask","floor":47,"gold_loss":151}],"is_beta":false,"boss_relics":[{"not_picked":["Calling Bell","Black Blood"],"picked":"Black Star"},{"not_picked":["Sozu","Tiny House"],"picked":"Astrolabe"}],"items_purged_floors":[4,14,24],"is_endless":false,"potions_floor_spawned":[5,7,16,18,25,28,35,44,48,54],"ascension_level":1}