{"gold_per_floor":[116,66,66,84,9,9,38,50,50,70,88,88,99,159,159,159],"floor_reached":16,"playtime":839,"items_purged":["Defend_R"],"score":107,"play_id":"3f6163dc-0be9-4917-91af-d6d60b066209","local_time":"20180718160729","is_ascension_mode":true,"campfire_choices":[{"data":"Bash","floor":6,"key":"SMITH"},{"data":"Defend_R","floor":12,"key":"SMITH"},{"floor":15,"key":"REST"}],"neow_cost":"TEN_PERCENT_HP_LOSS","seed_source_timestamp":10524560095264,"circlet_count":0,"master_deck":["Strike_R","Strike_R","Defend_R","Defend_R","Defend_R+1","Bash+1"],"relics":["Burning Blood","Ginger","Singing Bowl","Toxic Egg 2"],"potions_floor_usage":[4,7,14,16,16],"damage_taken":[{"damage":3,"enemies":"2 Louse","floor":1,"turns":6},{"damage":4,"enemies":"Jaw Worm","floor":4,"turns":4},{"damage":14,"enemies":"3 Sentries","floor":7,"turns":13},{"damage":6,"enemies":"Cultist","floor":8,"turns":4},{"damage":8,"enemies":"Red Slaver","floor":10,"turns":4},{"damage":11,"enemies":"Lots of Slimes","floor":11,"turns":5},{"damage":6,"enemies":"Looter","floor":13,"turns":4},{"damage":49,"enemies":"Lagavulin Event","floor":14,"turns":8},{"damage":92,"enemies":"The Guardian","floor":16,"turns":18}],"seed_played":"-7641994208839173846","potions_obtained":[{"floor":1,"key":"Energy Potion"},{"floor":4,"key":"EssenceOfSteel"},{"floor":10,"key":"Regen Potion"},{"floor":14,"key":"GamblersBrew"},{"floor":14,"key":"Weak Potion"}],"is_trial":false,"path_per_floor":["M","?","$","M","$","R","E","M","T","M","M","R","M","?","R"],"character_chosen":"IRONCLAD","items_purchased":[],"campfire_rested":1,"item_purchase_floors":[],"current_hp_per_floor":[72,72,72,72,72,72,64,64,64,64,61,61,63,37,61,0],"gold":159,"neow_bonus":"REMOVE_TWO","is_prod":false,"is_daily":false,"chose_seed":false,"campfire_upgraded":2,"win_rate":0,"timestamp":1531944449,"path_taken":["M","?","$","?","?","R","E","?","T","M","M","R","?","?","R","BOSS"],"build_version":"2018-07-12","purchased_purges":1,"victory":false,"max_hp_per_floor":[72,72,72,72,72,72,72,72,72,74,76,76,78,80,80,80],"card_choices":[{"not_picked":["Whirlwind","Headbutt","Inflame"],"picked":"SKIP","floor":1},{"not_picked":["Blood for Blood","Armaments","Warcry"],"picked":"SKIP","floor":4},{"not_picked":["Corruption","Berserk","Anger"],"picked":"SKIP","floor":7},{"not_picked":["Anger","Iron Wave","Thunderclap"],"picked":"SKIP","floor":8},{"not_picked":["Anger","Iron Wave","Thunderclap"],"picked":"SKIP","floor":8},{"not_picked":["Anger","Iron Wave","Thunderclap"],"picked":"SKIP","floor":8},{"not_picked":["Sword Boomerang","Battle Trance","Rupture"],"picked":"Singing Bowl","floor":10},{"not_picked":["Anger","Pommel Strike","Entrench"],"picked":"Singing Bowl","floor":11},{"not_picked":["Rupture","Immolate","Body Slam"],"picked":"Singing Bowl","floor":13},{"not_picked":["Sword Boomerang","Heavy Blade","True Grit"],"picked":"Singing Bowl","floor":14}],"player_experience":117166,"relics_obtained":[{"floor":7,"key":"Ginger"},{"floor":9,"key":"Singing Bowl"},{"floor":14,"key":"Toxic Egg 2"}],"event_choices":[{"event_name":"The Cleric","player_choice":"Card Removal","floor":2,"damage_taken":0},{"event_name":"Dead Adventurer","player_choice":"Searched \u00271\u0027 times","floor":14,"damage_taken":0}],"boss_relics":[],"items_purged_floors":[5],"is_endless":false,"potions_floor_spawned":[1,4,10,14,14],"killed_by":"The Guardian","ascension_level":1}