{"gold_per_floor":[219,219,229,229,229,229,243,243,266,282,316,330,330,347,347,443,443,460,478,478,491,32,32,32,50,74,91,105,105,65,83,83,182,182,196,250,250,269,269,269,269,269,269,269,281,281,281,301,301,301],"floor_reached":51,"playtime":8060,"items_purged":[],"score":771,"play_id":"2f4e82ae-09af-4751-ab61-0c70a92170af","local_time":"20190310143056","is_ascension_mode":true,"campfire_choices":[{"data":"After Image","floor":6,"key":"SMITH"},{"data":"Neutralize","floor":8,"key":"SMITH"},{"floor":13,"key":"REST"},{"data":"A Thousand Cuts","floor":15,"key":"SMITH"},{"data":"Leg Sweep","floor":24,"key":"SMITH"},{"data":"Bouncing Flask","floor":29,"key":"SMITH"},{"floor":32,"key":"REST"},{"data":"PiercingWail","floor":40,"key":"SMITH"},{"data":"Deadly Poison","floor":44,"key":"SMITH"},{"floor":46,"key":"REST"},{"data":"Riddle With Holes","floor":49,"key":"SMITH"}],"neow_cost":"NONE","seed_source_timestamp":704051630660414,"circlet_count":0,"master_deck":["Defend_G","Defend_G","Defend_G","Defend_G","Defend_G","Strike_G","Strike_G","Strike_G","Survivor","Neutralize+1","Deadly Poison+1","After Image+1","Well Laid Plans","Cloak And Dagger","Backstab","Dodge and Roll","A Thousand Cuts+1","Bullet Time","Dodge and Roll","Bouncing Flask+1","Apotheosis","Leg Sweep+1","Sucker Punch","Backflip","Backflip","Calculated Gamble","Riddle With Holes+1","PiercingWail+1","Doppelganger","Choke+1","PiercingWail","Footwork+1","Acrobatics"],"relics":["Ring of the Snake","Bronze Scales","Pantograph","Snecko Eye","TwistedFunnel","Strawberry","HoveringKite","Bird Faced Urn","Frozen Egg 2","Happy Flower","SsserpentHead"],"potions_floor_usage":[3,11,35,36,48,50,50],"damage_taken":[{"damage":1,"enemies":"2 Louse","floor":1,"turns":5},{"damage":0,"enemies":"Cultist","floor":3,"turns":3},{"damage":0,"enemies":"Small Slimes","floor":7,"turns":3},{"damage":2,"enemies":"Exordium Wildlife","floor":10,"turns":4},{"damage":38,"enemies":"Gremlin Nob","floor":11,"turns":6},{"damage":0,"enemies":"Red Slaver","floor":12,"turns":4},{"damage":0,"enemies":"Looter","floor":14,"turns":3},{"damage":21,"enemies":"The Guardian","floor":16,"turns":12},{"damage":2,"enemies":"2 Thieves","floor":18,"turns":4},{"damage":4,"enemies":"3 Byrds","floor":19,"turns":2},{"damage":0,"enemies":"3 Cultists","floor":21,"turns":4},{"damage":5,"enemies":"Snecko","floor":25,"turns":6},{"damage":7,"enemies":"Snake Plant","floor":27,"turns":3},{"damage":3,"enemies":"Shelled Parasite and Fungi","floor":28,"turns":4},{"damage":19,"enemies":"Sentry and Sphere","floor":31,"turns":5},{"damage":21,"enemies":"Collector","floor":33,"turns":8},{"damage":22,"enemies":"3 Darklings","floor":35,"turns":6},{"damage":14,"enemies":"2 Orb Walkers","floor":36,"turns":6},{"damage":2,"enemies":"Orb Walker","floor":38,"turns":4},{"damage":0,"enemies":"4 Shapes","floor":42,"turns":4},{"damage":22,"enemies":"Jaw Worm Horde","floor":45,"turns":5},{"damage":14,"enemies":"Sphere and 2 Shapes","floor":48,"turns":5},{"damage":87,"enemies":"Time Eater","floor":50,"turns":13}],"seed_played":"-3494154445810215270","potions_obtained":[{"floor":1,"key":"Fruit Juice"},{"floor":2,"key":"FairyPotion"},{"floor":2,"key":"Ancient Potion"},{"floor":7,"key":"SneckoOil"},{"floor":11,"key":"AttackPotion"},{"floor":14,"key":"GamblersBrew"},{"floor":35,"key":"PowerPotion"},{"floor":45,"key":"Ancient Potion"},{"floor":48,"key":"Strength Potion"}],"is_trial":false,"path_per_floor":["?","M","?","?","?","M","?","M","M","?","?","?","T","M","?"],"character_chosen":"THE_SILENT","items_purchased":["Apotheosis","TwistedFunnel","Leg Sweep","Riddle With Holes"],"campfire_rested":3,"item_purchase_floors":[22,22,22,30],"current_hp_per_floor":[69,69,74,79,72,72,72,72,72,70,32,32,56,56,56,59,80,78,74,74,74,74,74,74,69,76,69,66,66,66,47,73,66,87,65,51,51,51,51,51,51,57,57,57,37,63,63,55,55,1],"gold":301,"neow_bonus":"HUNDRED_GOLD","is_prod":false,"is_daily":false,"chose_seed":false,"campfire_upgraded":8,"win_rate":0,"timestamp":1552249856,"path_taken":["M","?","?","?","?","R","M","R","T","M","E","M","R","M","R","BOSS","M","M","?","?","$","?","R","?","T","?","M","R","$","M","R","BOSS","M","?","?","M","?","R","?","M","T","R","?","R","?","M","R","BOSS"],"build_version":"2019-01-23","purchased_purges":0,"victory":true,"max_hp_per_floor":[70,70,75,80,80,80,80,80,80,80,80,80,80,80,80,80,80,80,80,80,80,80,80,80,80,87,87,87,87,87,87,87,87,87,87,87,87,87,87,87,87,87,87,87,87,87,87,87,87,87],"card_choices":[{"not_picked":["Prepared","Acrobatics"],"picked":"Deadly Poison","floor":1},{"not_picked":["Slice","Cloak And Dagger"],"picked":"After Image","floor":3},{"not_picked":["Blade Dance","Slice"],"picked":"Well Laid Plans","floor":7},{"not_picked":["Dagger Throw","Quick Slash"],"picked":"Cloak And Dagger","floor":10},{"not_picked":["Dagger Spray","Flechettes"],"picked":"Backstab","floor":11},{"not_picked":["All Out Attack","Distraction"],"picked":"Dodge and Roll","floor":12},{"not_picked":["Deadly Poison","Underhanded Strike"],"picked":"A Thousand Cuts","floor":14},{"not_picked":["Tools of the Trade","Die Die Die"],"picked":"Bullet Time","floor":16},{"not_picked":["Outmaneuver","Accuracy+1"],"picked":"Dodge and Roll","floor":18},{"not_picked":["Underhanded Strike","Deflect+1"],"picked":"Bouncing Flask","floor":19},{"not_picked":["Dodge and Roll","Well Laid Plans","Prepared+1"],"picked":"SKIP","floor":21},{"not_picked":["Concentrate","Dodge and Roll"],"picked":"Backflip","floor":25},{"not_picked":["Well Laid Plans","Setup"],"picked":"Backflip","floor":27},{"not_picked":["Slice","Cloak And Dagger"],"picked":"Calculated Gamble","floor":28},{"not_picked":["Bouncing Flask","Leg Sweep+1"],"picked":"PiercingWail","floor":31},{"not_picked":["Venomology","Phantasmal Killer"],"picked":"Doppelganger","floor":33},{"not_picked":["Poisoned Stab","Underhanded Strike"],"picked":"Choke+1","floor":35},{"not_picked":["Tactician","Poisoned Stab"],"picked":"PiercingWail","floor":36},{"not_picked":["Deflect","Slice+1","Expertise"],"picked":"SKIP","floor":38},{"not_picked":["Backflip","Poisoned Stab","Endless Agony+1"],"picked":"SKIP","floor":42},{"not_picked":["Concentrate","Cloak And Dagger+1"],"picked":"Footwork+1","floor":45},{"not_picked":["Accuracy+1","All Out Attack"],"picked":"Acrobatics","floor":48}],"player_experience":178883,"relics_obtained":[{"floor":9,"key":"Bronze Scales"},{"floor":11,"key":"Pantograph"},{"floor":26,"key":"Strawberry"},{"floor":36,"key":"Bird Faced Urn"},{"floor":41,"key":"Frozen Egg 2"},{"floor":43,"key":"Happy Flower"}],"event_choices":[{"damage_healed":0,"gold_gain":0,"player_choice":"Got Potions","damage_taken":0,"max_hp_gain":0,"max_hp_loss":0,"event_name":"Lab","floor":2,"gold_loss":0},{"damage_healed":0,"gold_gain":0,"player_choice":"Donut","damage_taken":0,"max_hp_gain":5,"max_hp_loss":0,"event_name":"Big Fish","floor":4,"gold_loss":0},{"cards_removed":["Strike_G"],"damage_healed":0,"gold_gain":0,"player_choice":"Card Removal","damage_taken":7,"max_hp_gain":0,"max_hp_loss":0,"event_name":"Golden Wing","floor":5,"gold_loss":0},{"damage_healed":0,"gold_gain":0,"player_choice":"1 cards matched","damage_taken":0,"max_hp_gain":0,"max_hp_loss":0,"event_name":"Match and Keep!","floor":20,"gold_loss":0,"cards_obtained":["Neutralize"]},{"damage_healed":0,"gold_gain":0,"cards_transformed":["Strike_G"],"player_choice":"Transformed","damage_taken":0,"max_hp_gain":0,"max_hp_loss":0,"event_name":"Transmorgrifier","floor":23,"gold_loss":0,"cards_obtained":["Sucker Punch"]},{"damage_healed":0,"gold_gain":0,"player_choice":"Fight","damage_taken":0,"max_hp_gain":0,"max_hp_loss":0,"event_name":"Mysterious Sphere","floor":36,"gold_loss":0},{"damage_healed":0,"gold_gain":0,"player_choice":"Ignored","damage_taken":0,"max_hp_gain":0,"max_hp_loss":0,"event_name":"Tomb of Lord Red Mask","floor":37,"gold_loss":0},{"cards_removed":["Neutralize"],"damage_healed":0,"gold_gain":0,"player_choice":"Removed Attack","damage_taken":0,"max_hp_gain":0,"max_hp_loss":0,"event_name":"Falling","floor":39,"gold_loss":0},{"damage_healed":0,"gold_gain":0,"player_choice":"Trade","damage_taken":0,"relics_obtained":["SsserpentHead"],"max_hp_gain":0,"max_hp_loss":0,"event_name":"FaceTrader","floor":47,"gold_loss":0}],"is_beta":false,"boss_relics":[{"not_picked":["Orrery","White Beast Statue"],"picked":"Snecko Eye"},{"not_picked":["Velvet Choker","Calling Bell"],"picked":"HoveringKite"}],"items_purged_floors":[],"is_endless":false,"potions_floor_spawned":[1,7,11,14,27,28,31,33,35,45,48],"ascension_level":4}