{"gold_per_floor":[134,209,209,312,324,324,37,93,144,144,181,231,284,322,322,322],"floor_reached":16,"playtime":497,"items_purged":["Strike_R"],"score":215,"play_id":"f30a1a19-1a10-4f18-9792-aa81ee6bb897","local_time":"20190120225531","is_ascension_mode":true,"campfire_choices":[{"data":"HandOfGreed","floor":6.0,"key":"SMITH"},{"data":"Discovery","floor":10.0,"key":"SMITH"},{"data":"Disarm","floor":15.0,"key":"SMITH"}],"neow_cost":"PERCENT_DAMAGE","seed_source_timestamp":963739762713727,"circlet_count":0,"master_deck":["AscendersBane","Strike_R","Strike_R+1","Strike_R","Strike_R+1","Defend_R+1","Defend_R","Defend_R","Defend_R","Bash","Discovery+1","HandOfGreed+1","Flame Barrier","Headbutt","Rage+1","Disarm+1","Warcry"],"special_seed":0,"relics":["Burning Blood","SsserpentHead","Pantograph","Bag of Marbles","War Paint","Whetstone"],"potions_floor_usage":[16],"damage_taken":[{"damage":3.0,"enemies":"2 Louse","floor":1.0,"turns":2.0},{"damage":5.0,"enemies":"Small Slimes","floor":4.0,"turns":4.0},{"damage":0.0,"enemies":"Cultist","floor":5.0,"turns":3.0},{"damage":14.0,"enemies":"Gremlin Nob","floor":8.0,"turns":3.0},{"damage":9.0,"enemies":"Red Slaver","floor":11.0,"turns":4.0},{"damage":43.0,"enemies":"Lagavulin","floor":13.0,"turns":9.0},{"damage":0.0,"enemies":"Blue Slaver","floor":14.0,"turns":1.0},{"damage":42,"enemies":"Hexaghost","floor":16,"turns":10}],"seed_played":"-7035749081485339598","potions_obtained":[{"floor":4.0,"key":"SteroidPotion"},{"floor":8.0,"key":"BloodPotion"},{"floor":14.0,"key":"Poison Potion"}],"is_trial":false,"path_per_floor":["M","?","?","M","M","R","$","E","T","R","M","?","E","M","R","B"],"character_chosen":"IRONCLAD","items_purchased":["Pantograph"],"campfire_rested":0,"item_purchase_floors":[7],"current_hp_per_floor":[53,42,42,43,49,49,49,41,41,41,45,45,8,14,14,0],"gold":322,"neow_bonus":"RANDOM_COLORLESS_2","is_prod":false,"is_daily":false,"chose_seed":false,"campfire_upgraded":3,"win_rate":0,"timestamp":1548021331,"path_taken":["M","?","?","?","M","R","?","E","T","R","M","?","E","M","R","BOSS"],"build_version":"2019-01-17v2","purchased_purges":1,"victory":false,"max_hp_per_floor":[75,75,75,75,75,75,75,75,75,75,75,75,75,75,75,75],"card_choices":[{"not_picked":["Body Slam","Havoc"],"picked":"Flame Barrier","floor":1.0},{"not_picked":["Uppercut","Clash"],"picked":"Headbutt","floor":4.0},{"not_picked":["Havoc","Cleave","Thunderclap"],"picked":"SKIP","floor":5.0},{"not_picked":["Bloodletting","Seeing Red"],"picked":"Rage","floor":8.0},{"not_picked":["Cleave","Havoc","Heavy Blade"],"picked":"SKIP","floor":11.0},{"not_picked":["Thunderclap","Rampage"],"picked":"Disarm","floor":13.0},{"not_picked":["Flex","Combust"],"picked":"Warcry","floor":14.0}],"player_experience":917460,"relics_obtained":[{"floor":8.0,"key":"Bag of Marbles"},{"floor":9.0,"key":"War Paint"},{"floor":13.0,"key":"Whetstone"}],"event_choices":[{"damage_healed":0.0,"max_hp_gain":0.0,"max_hp_loss":0.0,"gold_gain":75.0,"event_name":"World of Goop","player_choice":"Gather Gold","floor":2.0,"gold_loss":0.0,"damage_taken":11.0},{"damage_healed":0.0,"max_hp_gain":0.0,"max_hp_loss":0.0,"gold_gain":0.0,"event_name":"FaceTrader","player_choice":"Trade","floor":3.0,"gold_loss":0.0,"damage_taken":0.0,"relics_obtained":["SsserpentHead"]},{"damage_healed":0.0,"max_hp_gain":0.0,"max_hp_loss":0.0,"gold_gain":0.0,"event_name":"Liars Game","player_choice":"Ignored","floor":12.0,"gold_loss":0.0,"damage_taken":0.0}],"is_beta":false,"boss_relics":[],"items_purged_floors":[7],"is_endless":false,"potions_floor_spawned":[4,8,14],"killed_by":"Hexaghost","ascension_level":19}