{"gold_per_floor":[110,260,272,272,272,272,301,301,351,351,370,402,422,440,440,440],"floor_reached":16,"playtime":425,"items_purged":[],"score":205,"play_id":"6c315773-571b-4a87-b47e-6679c861bb26","local_time":"20181012102348","is_ascension_mode":true,"campfire_choices":[{"floor":6,"key":"REST"},{"data":"Zap","floor":10,"key":"SMITH"},{"data":"Defragment","floor":15,"key":"SMITH"}],"neow_cost":"NONE","seed_source_timestamp":62872100407302,"circlet_count":0,"master_deck":["Strike_B","Strike_B","Strike_B","Defend_B","Defend_B","Defend_B","Defend_B","Zap+1","Dualcast+1","AscendersBane","Conserve Battery","Compile Driver+1","Cold Snap","Sweeping Beam","Sunder","Defragment+1"],"relics":["Cracked Core","Gremlin Horn","Blood Vial","Singing Bowl","Odd Mushroom"],"potions_floor_usage":[12],"damage_taken":[{"damage":2,"enemies":"Jaw Worm","floor":1,"turns":4},{"damage":0,"enemies":"2 Louse","floor":3,"turns":2},{"damage":25,"enemies":"Lagavulin","floor":7,"turns":6},{"damage":0,"enemies":"Small Slimes","floor":11,"turns":2},{"damage":42,"enemies":"Gremlin Nob","floor":12,"turns":4},{"damage":8,"enemies":"The Mushroom Lair","floor":13,"turns":4},{"damage":6,"enemies":"Blue Slaver","floor":14,"turns":4},{"damage":11,"enemies":"Hexaghost","floor":16,"turns":7}],"seed_played":"5882426519463694740","potions_obtained":[{"floor":11,"key":"SkillPotion"},{"floor":13,"key":"SpeedPotion"},{"floor":14,"key":"SteroidPotion"}],"is_trial":false,"path_per_floor":["M","?","M","?","?","R","E","?","T","R","M","E","?","M","R"],"character_chosen":"DEFECT","items_purchased":[],"campfire_rested":1,"item_purchase_floors":[],"current_hp_per_floor":[62,62,62,55,34,55,30,53,53,53,55,17,11,9,9,0],"gold":440,"neow_bonus":"TRANSFORM_CARD","is_prod":false,"is_daily":false,"chose_seed":false,"campfire_upgraded":2,"win_rate":0,"timestamp":1539332628,"path_taken":["M","?","M","?","?","R","E","?","T","R","?","E","?","M","R","BOSS"],"build_version":"2018-10-11","purchased_purges":0,"victory":false,"max_hp_per_floor":[71,71,71,71,71,71,71,71,71,71,71,73,73,75,75,75],"card_choices":[{"not_picked":["Turbo","Fusion"],"picked":"Compile Driver","floor":1},{"not_picked":["Compile Driver","Force Field"],"picked":"Cold Snap","floor":3},{"not_picked":["Leap","Cold Snap"],"picked":"Sweeping Beam","floor":7},{"not_picked":["Gash","Amplify"],"picked":"Sunder","floor":11},{"not_picked":["Streamline","Gash","Beam Cell"],"picked":"Singing Bowl","floor":12},{"not_picked":["Gash","Steam Power"],"picked":"Defragment","floor":13},{"not_picked":["Sweeping Beam","Cold Snap","Redo"],"picked":"Singing Bowl","floor":14}],"player_experience":825351,"relics_obtained":[{"floor":7,"key":"Gremlin Horn"},{"floor":9,"key":"Blood Vial"},{"floor":12,"key":"Singing Bowl"},{"floor":13,"key":"Odd Mushroom"}],"event_choices":[{"event_name":"Liars Game","player_choice":"agreed","floor":2,"damage_taken":0},{"event_name":"Golden Wing","player_choice":"Card Removal","floor":4,"damage_taken":0},{"event_name":"Shining Light","player_choice":"Entered Light","floor":5,"damage_taken":0},{"event_name":"Big Fish","player_choice":"Banana","floor":8,"damage_taken":0},{"event_name":"Mushrooms","player_choice":"Fought Mushrooms","floor":13,"damage_taken":0}],"is_beta":false,"boss_relics":[],"items_purged_floors":[],"is_endless":false,"potions_floor_spawned":[11,13,14],"killed_by":"Hexaghost","ascension_level":18}