{"gold_per_floor":[118,118,130,145,30,55,55,87,87,87,107,132,144,177,177,254,254,274,291,291,291,307,338,352,352,352,363,391,411,22,37,37,37],"floor_reached":33,"playtime":1269,"items_purged":["Strike_B"],"score":636,"play_id":"8cfef158-4a7c-47d1-829e-11def2b25b3c","local_time":"20180921224303","is_ascension_mode":true,"campfire_choices":[{"data":"Sweeping Beam","floor":7,"key":"SMITH"},{"data":"Rip and Tear","floor":10,"key":"SMITH"},{"data":"Melter","floor":15,"key":"SMITH"},{"data":"Core Surge","floor":25,"key":"SMITH"},{"floor":32,"key":"REST"}],"neow_cost":"PERCENT_DAMAGE","seed_source_timestamp":6412498095592,"circlet_count":0,"master_deck":["Strike_B+1","Strike_B","Strike_B","Defend_B","Defend_B+1","Defend_B","Defend_B","Zap+1","Dualcast","AscendersBane","BootSequence","Melter+1","Sweeping Beam+1","Rip and Tear+1","Streamline+1","Core Surge+1","Conserve Battery","Rainbow","Undo","Core Surge","Compile Driver+1","Buffer","FTL","Chrysalis"],"relics":["Cracked Core","Pocketwatch","Art of War","Symbiotic Virus","Meat on the Bone","Whetstone","Turnip","Nuclear Battery","Bronze Scales","Dream Catcher","Boot","War Paint"],"potions_floor_usage":[6,14,14,23,27,27,28],"damage_taken":[{"damage":2,"enemies":"Jaw Worm","floor":1,"turns":4},{"damage":1,"enemies":"Cultist","floor":3,"turns":3},{"damage":1,"enemies":"2 Louse","floor":4,"turns":3},{"damage":15,"enemies":"3 Sentries","floor":6,"turns":7},{"damage":26,"enemies":"Gremlin Nob","floor":8,"turns":4},{"damage":0,"enemies":"Large Slime","floor":11,"turns":3},{"damage":15,"enemies":"3 Sentries","floor":12,"turns":4},{"damage":4,"enemies":"Lots of Slimes","floor":13,"turns":3},{"damage":20,"enemies":"Lagavulin","floor":14,"turns":4},{"damage":11,"enemies":"Slime Boss","floor":16,"turns":6},{"damage":11,"enemies":"2 Thieves","floor":18,"turns":3},{"damage":7,"enemies":"3 Byrds","floor":19,"turns":4},{"damage":20,"enemies":"Centurion and Healer","floor":22,"turns":4},{"damage":0,"enemies":"Gremlin Leader","floor":23,"turns":7},{"damage":9,"enemies":"Sentry and Sphere","floor":24,"turns":3},{"damage":10,"enemies":"Shelled Parasite and Fungi","floor":27,"turns":3},{"damage":22,"enemies":"Book of Stabbing","floor":28,"turns":3},{"damage":26,"enemies":"Snake Plant","floor":29,"turns":3},{"damage":2,"enemies":"3 Cultists","floor":31,"turns":4},{"damage":57,"enemies":"Champ","floor":33,"turns":9}],"seed_played":"5592870830480756315","potions_obtained":[{"floor":4,"key":"Explosive Potion"},{"floor":6,"key":"Ancient Potion"},{"floor":8,"key":"Dexterity Potion"},{"floor":11,"key":"SkillPotion"},{"floor":13,"key":"FocusPotion"},{"floor":22,"key":"PowerPotion"},{"floor":23,"key":"LiquidBronze"},{"floor":24,"key":"Block Potion"},{"floor":27,"key":"AttackPotion"},{"floor":29,"key":"GamblersBrew"}],"is_trial":false,"path_per_floor":["M","?","M","M","$","E","R","E","T","R","M","E","M","E","R","B",null,"M","M","?","?","M","E","M","R","T","M","E","M","$","M","R"],"character_chosen":"DEFECT","items_purchased":["Melter","War Paint","Chrysalis"],"campfire_rested":1,"item_purchase_floors":[5,30,30],"current_hp_per_floor":[44,71,70,69,69,54,54,28,28,28,40,37,45,37,37,38,63,52,45,45,45,37,37,40,40,40,42,32,18,18,28,49,0],"gold":37,"neow_bonus":"ONE_RARE_RELIC","is_prod":false,"is_daily":false,"chose_seed":false,"campfire_upgraded":4,"win_rate":0,"timestamp":1537562583,"path_taken":["M","?","M","M","$","E","R","E","T","R","M","E","M","E","R","BOSS","M","M","?","?","M","E","?","R","T","M","E","M","$","?","R","BOSS"],"build_version":"2018-09-20","purchased_purges":1,"victory":false,"max_hp_per_floor":[71,71,71,71,71,71,71,71,71,71,71,71,71,71,71,71,71,71,71,71,71,71,71,71,71,71,71,71,71,71,71,71,71],"card_choices":[{"not_picked":["Hologram","Stack"],"picked":"Genetic Algorithm","floor":1},{"not_picked":["Skim","Undo","Leap"],"picked":"SKIP","floor":3},{"not_picked":["Barrage","Scrape"],"picked":"BootSequence","floor":4},{"not_picked":["Coolheaded","Redo"],"picked":"Sweeping Beam","floor":6},{"not_picked":["Steam Power","BootSequence"],"picked":"Rip and Tear","floor":8},{"not_picked":["BootSequence","Compile Driver"],"picked":"Streamline","floor":11},{"not_picked":["Rip and Tear","Hello World"],"picked":"Core Surge","floor":12},{"not_picked":["Rip and Tear","Doom and Gloom","Steam"],"picked":"SKIP","floor":13},{"not_picked":["Self Repair","Redo"],"picked":"Conserve Battery","floor":14},{"not_picked":["Thunder Strike","Fission"],"picked":"Rainbow","floor":16},{"not_picked":["Steam Power+1","Capacitor","Static Discharge"],"picked":"SKIP","floor":18},{"not_picked":["Steam+1","Turbo+1"],"picked":"Undo","floor":19},{"not_picked":["Hologram","Cold Snap","Streamline"],"picked":"SKIP","floor":22},{"not_picked":["Sweeping Beam","Steam","Steam Power"],"picked":"SKIP","floor":23},{"not_picked":["Conserve Battery","Heatsinks"],"picked":"Compile Driver+1","floor":24},{"not_picked":["Barrage","Lockon","Hologram"],"picked":"SKIP","floor":27},{"not_picked":["Ball Lightning+1","Melter"],"picked":"Buffer","floor":28},{"not_picked":["Go for the Eyes","Streamline"],"picked":"FTL","floor":29},{"not_picked":["Ball Lightning","Gash","Beam Cell"],"picked":"SKIP","floor":31}],"player_experience":753546,"relics_obtained":[{"floor":6,"key":"Art of War"},{"floor":8,"key":"Symbiotic Virus"},{"floor":9,"key":"Meat on the Bone"},{"floor":12,"key":"Whetstone"},{"floor":14,"key":"Turnip"},{"floor":23,"key":"Bronze Scales"},{"floor":26,"key":"Dream Catcher"},{"floor":28,"key":"Boot"}],"event_choices":[{"event_name":"Bonfire Elementals","player_choice":"UNCOMMON","floor":2,"damage_taken":0},{"event_name":"Duplicator","player_choice":"One dupe","floor":20,"damage_taken":0},{"event_name":"Cursed Tome","player_choice":"Ignored","floor":21,"damage_taken":0}],"is_beta":false,"boss_relics":[{"not_picked":["Velvet Choker","White Beast Statue"],"picked":"Nuclear Battery"}],"items_purged_floors":[5],"is_endless":false,"potions_floor_spawned":[4,6,8,11,13,22,23,24,27,29],"killed_by":"Champ","ascension_level":17}