{"gold_per_floor":[20,20,20,34,53,84,84,99,99,116,116,116,127,188,188,292,292,308,113,163,213,227,252,265,265,265,299,314,314,345,395,395,395],"floor_reached":33,"playtime":2192,"items_purged":[],"score":476,"play_id":"0ed52fac-cc7a-46fb-8919-af4c30789269","local_time":"20190307153537","is_ascension_mode":true,"campfire_choices":[{"floor":7.0,"key":"REST"},{"floor":11.0,"key":"REST"},{"data":"Fission","floor":15.0,"key":"SMITH"},{"floor":25.0,"key":"REST"},{"floor":29.0,"key":"REST"},{"floor":32.0,"key":"REST"}],"neow_cost":"NO_GOLD","seed_source_timestamp":0,"circlet_count":0,"master_deck":["AscendersBane","Strike_B","Strike_B","Defend_B","Defend_B","Defend_B","Defend_B","Zap","Dualcast","Swift Strike","Apotheosis+1","Tempest","Conserve Battery","Fission+1","Undo","Go for the Eyes","Streamline","Rebound","Seek","Steam+1","RitualDagger","Turbo+1","Reinforced Body","Conserve Battery+1","Double Energy+1","Glacier","Decay"],"special_seed":0,"relics":["Cracked Core","Bag of Marbles","Darkstone Periapt","Ancient Tea Set","SsserpentHead","Empty Cage","Anchor","Molten Egg 2","Gremlin Horn","Dodecahedron","Potion Belt"],"potions_floor_usage":[],"damage_taken":[{"damage":4.0,"enemies":"Jaw Worm","floor":1.0,"turns":3.0},{"damage":0.0,"enemies":"Small Slimes","floor":4.0,"turns":2.0},{"damage":0.0,"enemies":"Cultist","floor":5.0,"turns":2.0},{"damage":17.0,"enemies":"Lagavulin","floor":6.0,"turns":5.0},{"damage":16.0,"enemies":"Lots of Slimes","floor":8.0,"turns":4.0},{"damage":5.0,"enemies":"3 Louse","floor":10.0,"turns":3.0},{"damage":7.0,"enemies":"Red Slaver","floor":13.0,"turns":2.0},{"damage":0.0,"enemies":"2 Fungi Beasts","floor":14.0,"turns":2.0},{"damage":14.0,"enemies":"The Guardian","floor":16.0,"turns":9.0},{"damage":0.0,"enemies":"Chosen","floor":18.0,"turns":3.0},{"damage":2.0,"enemies":"Shell Parasite","floor":22.0,"turns":3.0},{"damage":20.0,"enemies":"Slavers","floor":23.0,"turns":7.0},{"damage":30.0,"enemies":"Centurion and Healer","floor":24.0,"turns":5.0},{"damage":22.0,"enemies":"Book of Stabbing","floor":27.0,"turns":8.0},{"damage":3.0,"enemies":"Sentry and Sphere","floor":28.0,"turns":4.0},{"damage":5.0,"enemies":"Gremlin Leader","floor":30.0,"turns":7.0},{"damage":0,"enemies":"Automaton","floor":33,"turns":2}],"seed_played":"6458052638976912492","potions_obtained":[{"floor":4.0,"key":"SpeedPotion"},{"floor":5.0,"key":"Energy Potion"},{"floor":10.0,"key":"Weak Potion"},{"floor":24.0,"key":"SpeedPotion"},{"floor":27.0,"key":"Energy Potion"},{"floor":28.0,"key":"SkillPotion"},{"floor":30.0,"key":"SkillPotion"}],"is_trial":false,"path_per_floor":["M","?","?","M","M","E","R","M","T","M","R","?","M","M","R","B",null,"M","$","?","?","M","E","M","R","T","E","M","R","E","?","R","B"],"character_chosen":"DEFECT","items_purchased":["Anchor","Energy Potion"],"campfire_rested":5,"item_purchase_floors":[19,19],"current_hp_per_floor":[64,61,61,61,61,44,66,50,50,45,67,67,60,60,60,46,68,68,68,68,62,60,40,10,32,32,10,7,29,24,30,54,54],"gold":395,"neow_bonus":"RANDOM_COLORLESS_2","is_prod":false,"is_daily":false,"chose_seed":false,"campfire_upgraded":1,"win_rate":0,"timestamp":1551990937,"path_taken":["M","?","?","M","M","E","R","?","T","?","R","?","M","?","R","BOSS","M","$","?","?","M","E","M","R","T","E","M","R","E","?","R","BOSS"],"build_version":"2019-01-23","purchased_purges":0,"victory":false,"max_hp_per_floor":[75,75,75,75,75,75,75,75,75,75,75,75,75,75,75,75,75,75,75,75,75,75,75,75,75,75,75,75,75,75,81,81,81],"card_choices":[{"not_picked":["Gash","Streamline"],"picked":"Tempest","floor":1.0},{"not_picked":["Go for the Eyes","Barrage"],"picked":"Conserve Battery","floor":4.0},{"not_picked":["Darkness","Barrage"],"picked":"Fission","floor":5.0},{"not_picked":["Machine Learning","Heatsinks"],"picked":"Undo","floor":6.0},{"not_picked":["Beam Cell","Stack"],"picked":"Go for the Eyes","floor":8.0},{"not_picked":["BootSequence","Hologram"],"picked":"Streamline","floor":10.0},{"not_picked":["Go for the Eyes","Consume"],"picked":"Rebound","floor":13.0},{"not_picked":["Gash","Consume","Darkness"],"picked":"SKIP","floor":14.0},{"not_picked":["Creative AI","Multi-Cast"],"picked":"Seek","floor":16.0},{"not_picked":["Stack+1","Capacitor"],"picked":"Steam+1","floor":18.0},{"not_picked":["Gash","Reinforced Body"],"picked":"Turbo+1","floor":22.0},{"not_picked":["Ball Lightning","Machine Learning","Redo"],"picked":"SKIP","floor":23.0},{"not_picked":["Rip and Tear+1","Compile Driver+1"],"picked":"Reinforced Body","floor":24.0},{"not_picked":["Redo+1","Beam Cell+1"],"picked":"Conserve Battery+1","floor":27.0},{"not_picked":["Self Repair","Turbo"],"picked":"Double Energy+1","floor":28.0},{"not_picked":["Sweeping Beam+1","Turbo+1"],"picked":"Glacier","floor":30.0}],"player_experience":637265,"relics_obtained":[{"floor":6.0,"key":"Darkstone Periapt"},{"floor":9.0,"key":"Ancient Tea Set"},{"floor":23.0,"key":"Molten Egg 2"},{"floor":26.0,"key":"Gremlin Horn"},{"floor":27.0,"key":"Dodecahedron"},{"floor":30.0,"key":"Potion Belt"}],"event_choices":[{"damage_healed":0.0,"max_hp_gain":0.0,"max_hp_loss":0.0,"gold_gain":0.0,"event_name":"Scrap Ooze","player_choice":"Success","floor":2.0,"gold_loss":0.0,"damage_taken":3.0,"relics_obtained":["Bag of Marbles"]},{"damage_healed":0.0,"max_hp_gain":0.0,"max_hp_loss":0.0,"gold_gain":0.0,"event_name":"Accursed Blacksmith","player_choice":"Forge","floor":3.0,"gold_loss":0.0,"damage_taken":0.0,"cards_upgraded":["Apotheosis"]},{"damage_healed":0.0,"max_hp_gain":0.0,"max_hp_loss":0.0,"gold_gain":0.0,"event_name":"FaceTrader","player_choice":"Trade","floor":12.0,"gold_loss":0.0,"damage_taken":0.0,"relics_obtained":["SsserpentHead"]},{"damage_healed":0.0,"max_hp_gain":0.0,"max_hp_loss":0.0,"gold_gain":0.0,"event_name":"Ghosts","player_choice":"Ignored","floor":20.0,"gold_loss":0.0,"damage_taken":0.0},{"damage_healed":0.0,"max_hp_gain":0.0,"max_hp_loss":0.0,"gold_gain":0.0,"event_name":"Nest","player_choice":"Joined the Cult","floor":21.0,"gold_loss":0.0,"damage_taken":6.0,"cards_obtained":["RitualDagger"]},{"damage_healed":0.0,"max_hp_gain":0.0,"max_hp_loss":0.0,"gold_gain":0.0,"event_name":"Forgotten Altar","player_choice":"Smashed Altar","floor":31.0,"gold_loss":0.0,"damage_taken":0.0,"cards_obtained":["Decay"]}],"is_beta":false,"boss_relics":[{"not_picked":["Orrery","Nuclear Battery"],"picked":"Empty Cage"}],"items_purged_floors":[],"is_endless":false,"potions_floor_spawned":[4,5,10,24,27,28,30],"killed_by":"Automaton","ascension_level":11}