{"gold_per_floor":[111,111,125,50,50,76,76,90,90,90,90,102,122,22,22,126,126,116,127,127,127,140,153,153,28,79,97,109,109,122,136,136,236,236,247,247,0,11,27,27,39,39,39,55,55,75,175,224,224,224],"floor_reached":51,"playtime":4333,"items_purged":["Strike_R","Strike_R","Strike_R"],"score":1030,"play_id":"c2b01958-082a-4334-b339-828235b97628","local_time":"20190310174709","is_ascension_mode":true,"campfire_choices":[{"data":"Pommel Strike","floor":7,"key":"SMITH"},{"data":"Shrug It Off","floor":10,"key":"SMITH"},{"data":"Flame Barrier","floor":15,"key":"SMITH"},{"data":"Body Slam","floor":29,"key":"SMITH"},{"data":"Carnage","floor":32,"key":"SMITH"},{"data":"Demon Form","floor":40,"key":"SMITH"},{"data":"Impervious","floor":42,"key":"SMITH"},{"data":"Battle Trance","floor":45,"key":"SMITH"},{"floor":49,"key":"REST"}],"neow_cost":"NONE","seed_source_timestamp":25881930916500,"circlet_count":0,"master_deck":["AscendersBane","Defend_R","Defend_R","Bash+1","Pommel Strike+1","Shrug It Off+1","Flame Barrier+1","Impervious+1","Carnage+1","Body Slam+1","Battle Trance+1","Shrug It Off+1","Disarm+1","Demon Form+1","Brutality+1","Metallicize+1","Anger+1","Secret Technique","Pommel Strike+1","Dropkick"],"relics":["Burning Blood","NeowsBlessing","Shuriken","Kunai","Velvet Choker","Happy Flower","Astrolabe","Red Mask","Ice Cream","Champion Belt","Unceasing Top"],"potions_floor_usage":[19,50,50,50,50],"damage_taken":[{"damage":0,"enemies":"Jaw Worm","floor":1,"turns":1},{"damage":0,"enemies":"Cultist","floor":3,"turns":1},{"damage":0,"enemies":"Lagavulin","floor":6,"turns":1},{"damage":5,"enemies":"Small Slimes","floor":8,"turns":3},{"damage":7,"enemies":"Exordium Thugs","floor":12,"turns":6},{"damage":8,"enemies":"Blue Slaver","floor":13,"turns":4},{"damage":80,"enemies":"Slime Boss","floor":16,"turns":19},{"damage":12,"enemies":"2 Thieves","floor":18,"turns":4},{"damage":12,"enemies":"Chosen","floor":19,"turns":8},{"damage":0,"enemies":"Centurion and Healer","floor":22,"turns":7},{"damage":2,"enemies":"3 Cultists","floor":23,"turns":7},{"damage":0,"enemies":"Shelled Parasite and Fungi","floor":27,"turns":6},{"damage":0,"enemies":"Snecko","floor":28,"turns":4},{"damage":0,"enemies":"Snake Plant","floor":30,"turns":4},{"damage":5,"enemies":"Shelled Parasite and Fungi","floor":31,"turns":4},{"damage":11,"enemies":"Champ","floor":33,"turns":13},{"damage":0,"enemies":"Orb Walker","floor":35,"turns":3},{"damage":0,"enemies":"3 Darklings","floor":38,"turns":7},{"damage":7,"enemies":"Sphere and 2 Shapes","floor":39,"turns":8},{"damage":7,"enemies":"Transient","floor":41,"turns":5},{"damage":8,"enemies":"Jaw Worm Horde","floor":44,"turns":4},{"damage":12,"enemies":"3 Darklings","floor":46,"turns":6},{"damage":0,"enemies":"Mind Bloom Boss Battle","floor":47,"turns":7},{"damage":21,"enemies":"2 Orb Walkers","floor":48,"turns":5},{"damage":21,"enemies":"Donu and Deca","floor":50,"turns":9}],"seed_played":"3461672116114367365","potions_obtained":[{"floor":3,"key":"Regen Potion"},{"floor":6,"key":"PowerPotion"},{"floor":19,"key":"LiquidBronze"},{"floor":21,"key":"EntropicBrew"}],"is_trial":false,"path_per_floor":["M","?","M","$","?","E","R","M","T","R","?","M","M","$","R","B",null,"M","M","?","?","M","M","?","$","T","M","M","R","M","M","R","B",null,"M","?","?","M","M","R","M","R","T","M","R","M","?","?","R","B",null],"character_chosen":"IRONCLAD","items_purchased":[],"campfire_rested":1,"item_purchase_floors":[],"current_hp_per_floor":[78,78,80,80,80,80,80,80,80,80,85,84,82,82,82,8,66,60,68,68,68,74,78,78,78,78,84,85,85,85,85,85,80,84,85,75,75,81,80,80,79,79,79,77,77,71,77,62,85,70],"gold":224,"neow_bonus":"THREE_ENEMY_KILL","is_prod":false,"is_daily":false,"chose_seed":false,"campfire_upgraded":8,"win_rate":0,"timestamp":1552265229,"path_taken":["M","?","M","$","?","E","R","?","T","R","?","M","M","?","R","BOSS","M","M","?","?","?","M","?","$","T","?","M","R","M","M","R","BOSS","M","?","?","M","M","R","M","R","T","M","R","?","?","?","R","BOSS"],"build_version":"2019-01-23","purchased_purges":3,"victory":true,"max_hp_per_floor":[80,80,80,80,80,80,80,80,80,80,85,85,85,85,85,85,85,85,85,85,85,85,85,85,85,85,85,85,85,85,85,85,85,85,85,85,85,85,85,85,85,85,85,85,85,85,85,85,85,85],"card_choices":[{"not_picked":["Perfected Strike","Clothesline","Anger"],"picked":"SKIP","floor":1},{"not_picked":["Headbutt","Corruption","Second Wind"],"picked":"SKIP","floor":3},{"not_picked":["Twin Strike","Clothesline"],"picked":"Pommel Strike","floor":6},{"not_picked":["Twin Strike","Headbutt"],"picked":"Shrug It Off","floor":8},{"not_picked":["Iron Wave","Cleave","Anger"],"picked":"SKIP","floor":12},{"not_picked":["Reckless Charge","Pummel"],"picked":"Flame Barrier","floor":13},{"not_picked":["Juggernaut","Berserk"],"picked":"Impervious","floor":16},{"not_picked":["Sword Boomerang","Cleave","Anger"],"picked":"SKIP","floor":18},{"not_picked":["Spot Weakness","Havoc","Wild Strike"],"picked":"SKIP","floor":19},{"not_picked":["Headbutt","Clothesline"],"picked":"Body Slam","floor":22},{"not_picked":["Flex+1","Rampage","Bloodletting+1"],"picked":"SKIP","floor":23},{"not_picked":["Clash+1","Uppercut"],"picked":"Battle Trance","floor":27},{"not_picked":["Corruption+1","Entrench"],"picked":"Shrug It Off+1","floor":28},{"not_picked":["Armaments","Warcry","Bludgeon"],"picked":"SKIP","floor":30},{"not_picked":["Fire Breathing","Body Slam"],"picked":"Disarm+1","floor":31},{"not_picked":["Brutality","Reaper"],"picked":"Demon Form","floor":33},{"not_picked":["Anger","Perfected Strike","Seeing Red"],"picked":"SKIP","floor":35},{"not_picked":["Forethought","The Bomb"],"picked":"Secret Technique","floor":36},{"not_picked":["Body Slam","Flex","Sword Boomerang"],"picked":"SKIP","floor":38},{"not_picked":["Carnage","Feel No Pain"],"picked":"Pommel Strike+1","floor":39},{"not_picked":["Headbutt","Heavy Blade","Infernal Blade"],"picked":"SKIP","floor":41},{"not_picked":["Headbutt","Heavy Blade","Infernal Blade"],"picked":"SKIP","floor":41},{"not_picked":["Wild Strike+1","Second Wind","Evolve+1"],"picked":"SKIP","floor":44},{"not_picked":["Second Wind","Flame Barrier","Corruption+1"],"picked":"SKIP","floor":46},{"not_picked":["Corruption+1","Sword Boomerang"],"picked":"Dropkick","floor":47}],"player_experience":347329,"relics_obtained":[{"floor":6,"key":"Shuriken"},{"floor":9,"key":"Kunai"},{"floor":26,"key":"Happy Flower"},{"floor":43,"key":"Ice Cream"},{"floor":47,"key":"Champion Belt"},{"floor":48,"key":"Unceasing Top"}],"event_choices":[{"damage_healed":0,"gold_gain":0,"player_choice":"Grow","damage_taken":0,"max_hp_gain":0,"max_hp_loss":0,"event_name":"Living Wall","floor":2,"gold_loss":0,"cards_upgraded":["Bash"]},{"damage_healed":0,"gold_gain":0,"player_choice":"0 cards matched","damage_taken":0,"max_hp_gain":0,"max_hp_loss":0,"event_name":"Match and Keep!","floor":5,"gold_loss":0,"cards_obtained":[]},{"damage_healed":0,"gold_gain":0,"player_choice":"Donut","damage_taken":0,"max_hp_gain":5,"max_hp_loss":0,"event_name":"Big Fish","floor":11,"gold_loss":0},{"damage_healed":0,"gold_gain":0,"cards_transformed":["Defend_R","Strike_R"],"player_choice":"Became Test Subject","damage_taken":0,"max_hp_gain":0,"max_hp_loss":0,"event_name":"Drug Dealer","floor":20,"gold_loss":0,"cards_obtained":["Carnage","Blood for Blood"]},{"damage_healed":0,"gold_gain":0,"player_choice":"Got Potions","damage_taken":0,"max_hp_gain":0,"max_hp_loss":0,"event_name":"Lab","floor":21,"gold_loss":0},{"damage_healed":0,"gold_gain":0,"player_choice":"Bought 0 Potions","damage_taken":0,"max_hp_gain":0,"max_hp_loss":0,"event_name":"The Woman in Blue","floor":24,"gold_loss":0},{"damage_healed":0,"gold_gain":0,"player_choice":"Memory 3","damage_taken":10,"max_hp_gain":0,"max_hp_loss":0,"event_name":"SensoryStone","floor":36,"gold_loss":0},{"damage_healed":0,"gold_gain":0,"player_choice":"Paid","damage_taken":0,"relics_obtained":["Red Mask"],"max_hp_gain":0,"max_hp_loss":0,"event_name":"Tomb of Lord Red Mask","floor":37,"gold_loss":247},{"damage_healed":0,"gold_gain":0,"player_choice":"Fight","damage_taken":0,"max_hp_gain":0,"max_hp_loss":0,"event_name":"MindBloom","floor":47,"gold_loss":0},{"damage_healed":0,"gold_gain":0,"player_choice":"Fight","damage_taken":0,"max_hp_gain":0,"max_hp_loss":0,"event_name":"Mysterious Sphere","floor":48,"gold_loss":0}],"is_beta":false,"boss_relics":[{"not_picked":["Empty Cage","Ectoplasm"],"picked":"Velvet Choker"},{"not_picked":["Snecko Eye","Calling Bell"],"picked":"Astrolabe"}],"items_purged_floors":[4,14,25],"is_endless":false,"potions_floor_spawned":[3,6,8,13,19,27,28,30,35,39,46,48],"ascension_level":12}