{"gold_per_floor":[115,125,200,250,270,270,296,296,322,3,14,47,47,58,58,137,137,152,77,77,91,143,143,170,170,170,170,181,195,195],"floor_reached":30,"playtime":932,"items_purged":["Strike_B"],"score":516,"play_id":"3889e5a1-0a86-4337-9ba3-5b2f8adf8983","local_time":"20190304162136","is_ascension_mode":true,"campfire_choices":[{"data":"Sunder","floor":6,"key":"SMITH"},{"floor":13,"key":"REST"},{"data":"Fusion","floor":15,"key":"SMITH"},{"data":"Creative AI","floor":23,"key":"SMITH"},{"data":"Tempest","floor":25,"key":"SMITH"},{"data":"Defragment","floor":27,"key":"SMITH"}],"neow_cost":"PERCENT_DAMAGE","seed_source_timestamp":522744468024641,"circlet_count":0,"master_deck":["AscendersBane","Defend_B","Defend_B","Defend_B","Defend_B","Zap","Dualcast","Redo","Sunder+1","Conserve Battery","Self Repair","Creative AI+1","Defragment+1","Beam Cell","Fusion+1","Tempest+1","Decay","Electrodynamics","BootSequence"],"relics":["Cracked Core","Emotion Chip","Pocketwatch","Happy Flower","Strawberry","Oddly Smooth Stone","White Beast Statue","Blood Vial","Bronze Scales","Bottled Tornado"],"potions_floor_usage":[7,12,18,24,28,29,30],"damage_taken":[{"damage":7,"enemies":"Jaw Worm","floor":1,"turns":3},{"damage":0,"enemies":"Small Slimes","floor":2,"turns":2},{"damage":0,"enemies":"Cultist","floor":5,"turns":3},{"damage":20,"enemies":"Gremlin Nob","floor":7,"turns":4},{"damage":9,"enemies":"Exordium Thugs","floor":11,"turns":3},{"damage":13,"enemies":"Lagavulin","floor":12,"turns":5},{"damage":0,"enemies":"Large Slime","floor":14,"turns":4},{"damage":8,"enemies":"The Guardian","floor":16,"turns":9},{"damage":16,"enemies":"3 Byrds","floor":18,"turns":5},{"damage":29,"enemies":"Shell Parasite","floor":21,"turns":3},{"damage":6,"enemies":"Gremlin Leader","floor":24,"turns":4},{"damage":14,"enemies":"3 Cultists","floor":28,"turns":3},{"damage":9,"enemies":"Chosen and Byrds","floor":29,"turns":5},{"damage":24,"enemies":"Book of Stabbing","floor":30,"turns":4}],"seed_played":"-4247768181679395193","potions_obtained":[{"floor":5,"key":"Ancient Potion"},{"floor":7,"key":"Poison Potion"},{"floor":16,"key":"Weak Potion"},{"floor":18,"key":"SteroidPotion"},{"floor":21,"key":"PowerPotion"},{"floor":24,"key":"Swift Potion"},{"floor":28,"key":"Block Potion"},{"floor":29,"key":"SkillPotion"}],"is_trial":false,"path_per_floor":["M","M","?","?","M","R","E","T","T","$","M","E","R","M","R","B",null,"M","?","?","M","T","R","E","R","T","R","M","M","E"],"character_chosen":"DEFECT","items_purchased":["Strawberry","Defragment"],"campfire_rested":1,"item_purchase_floors":[10,10],"current_hp_per_floor":[39,39,28,28,28,28,15,15,15,22,20,14,37,44,44,43,69,60,60,60,38,38,38,41,41,41,41,29,22,0],"gold":195,"neow_bonus":"TRANSFORM_TWO_CARDS","is_prod":false,"is_daily":false,"chose_seed":false,"campfire_upgraded":5,"win_rate":0,"timestamp":1551712896,"path_taken":["M","M","?","?","?","R","E","?","T","$","M","E","R","M","R","BOSS","M","?","?","?","?","R","E","R","T","R","M","M","E"],"build_version":"2019-01-23","purchased_purges":1,"victory":false,"max_hp_per_floor":[71,71,71,71,71,71,71,71,71,78,78,78,78,78,78,78,78,78,78,78,78,78,78,78,78,78,78,78,78,78],"card_choices":[{"not_picked":["Rebound","Loop","Hologram"],"picked":"SKIP","floor":1},{"not_picked":["Compile Driver","Sweeping Beam"],"picked":"Conserve Battery","floor":2},{"not_picked":["Sweeping Beam","Consume"],"picked":"Self Repair","floor":5},{"not_picked":["Coolheaded","Conserve Battery"],"picked":"Creative AI","floor":7},{"not_picked":["Undo","Leap"],"picked":"Beam Cell","floor":11},{"not_picked":["Recycle","Force Field","Self Repair"],"picked":"SKIP","floor":12},{"not_picked":["Stack","Hologram"],"picked":"Fusion","floor":14},{"not_picked":["Rip and Tear","Leap"],"picked":"Tempest","floor":18},{"not_picked":["Hologram","Cold Snap+1","Sweeping Beam"],"picked":"SKIP","floor":21},{"not_picked":["Rainbow","Undo"],"picked":"Electrodynamics","floor":24},{"not_picked":["Reprogram","Cold Snap"],"picked":"BootSequence","floor":28},{"not_picked":["Stack","Scrape","Fusion"],"picked":"SKIP","floor":29}],"player_experience":1165184,"relics_obtained":[{"floor":7,"key":"Emotion Chip"},{"floor":8,"key":"Pocketwatch"},{"floor":9,"key":"Happy Flower"},{"floor":12,"key":"Oddly Smooth Stone"},{"floor":22,"key":"Blood Vial"},{"floor":24,"key":"Bronze Scales"},{"floor":26,"key":"Bottled Tornado"}],"event_choices":[{"damage_healed":0,"gold_gain":75,"player_choice":"Gather Gold","damage_taken":11,"max_hp_gain":0,"max_hp_loss":0,"event_name":"World of Goop","floor":3,"gold_loss":0},{"damage_healed":0,"gold_gain":50,"player_choice":"Pray","damage_taken":0,"max_hp_gain":0,"max_hp_loss":0,"event_name":"Golden Shrine","floor":4,"gold_loss":0},{"cards_removed":["Strike_B"],"damage_healed":0,"gold_gain":0,"player_choice":"Gave Gold","damage_taken":0,"max_hp_gain":0,"max_hp_loss":0,"event_name":"Beggar","floor":19,"gold_loss":75},{"damage_healed":0,"gold_gain":0,"player_choice":"Cursed","damage_taken":0,"max_hp_gain":0,"max_hp_loss":0,"event_name":"Wheel of Change","floor":20,"gold_loss":0,"cards_obtained":["Decay"]}],"is_beta":false,"boss_relics":[{"not_picked":["Pandora\u0027s Box","Eternal Feather"],"picked":"White Beast Statue"}],"items_purged_floors":[10],"is_endless":false,"potions_floor_spawned":[5,7,16,18,21,24,28,29],"killed_by":"Book of Stabbing","ascension_level":20}