{"gold_per_floor":[112,124,199,124,74,74,104,104,104,124,124,124,156,156,156,259,259,184,200,200,100,100,100,100],"floor_reached":24,"playtime":1035,"items_purged":["Strike_R","Strike_R"],"score":228,"play_id":"4ed1e310-0dc8-453d-a03d-3d97c620df46","local_time":"20180720235146","is_ascension_mode":true,"campfire_choices":[{"data":"Bash","floor":6,"key":"SMITH"},{"data":"Defend_R","floor":8,"key":"SMITH"},{"floor":11,"key":"REST"},{"floor":15,"key":"REST"},{"floor":23,"key":"REST"}],"neow_cost":"NONE","seed_source_timestamp":33035421720443,"circlet_count":0,"master_deck":["Strike_R","Strike_R","Defend_R+1","Defend_R","Defend_R+1","Bash+1","Feel No Pain","Offering"],"relics":["Burning Blood","Champion Belt","Question Card","Lantern","Happy Flower","Runic Pyramid"],"potions_floor_usage":[13,16,24,24],"damage_taken":[{"damage":7,"enemies":"Jaw Worm","floor":1,"turns":3},{"damage":8,"enemies":"2 Louse","floor":2,"turns":4},{"damage":32,"enemies":"Gremlin Nob","floor":7,"turns":5},{"damage":0,"enemies":"Small Slimes","floor":10,"turns":4},{"damage":33,"enemies":"3 Sentries","floor":13,"turns":8},{"damage":47,"enemies":"The Guardian","floor":16,"turns":16},{"damage":15,"enemies":"2 Thieves","floor":18,"turns":5},{"damage":53,"enemies":"Spheric Guardian","floor":19,"turns":8},{"damage":82,"enemies":"Slavers","floor":24,"turns":8}],"seed_played":"-7393246189824288421","potions_obtained":[{"floor":7,"key":"AttackPotion"},{"floor":13,"key":"SkillPotion"},{"floor":16,"key":"Weak Potion"},{"floor":19,"key":"BloodPotion"}],"is_trial":false,"path_per_floor":["M","M","?","$","?","R","E","R","T","M","R","T","E","?","R","B",null,"M","M","?","$","?","R"],"character_chosen":"IRONCLAD","items_purchased":[],"campfire_rested":3,"item_purchase_floors":[],"current_hp_per_floor":[79,77,66,66,66,66,40,40,40,46,70,70,43,43,67,26,80,71,24,24,24,50,74,0],"gold":100,"neow_bonus":"TRANSFORM_CARD","is_prod":false,"is_daily":false,"chose_seed":false,"campfire_upgraded":2,"win_rate":0,"timestamp":1532145106,"path_taken":["M","M","?","$","?","R","E","R","T","M","R","?","E","?","R","BOSS","M","M","?","$","?","R","E"],"build_version":"2018-07-19v2","purchased_purges":2,"victory":false,"max_hp_per_floor":[80,80,80,80,80,80,80,80,80,80,80,80,80,80,80,80,80,80,80,80,80,80,80,80],"card_choices":[{"not_picked":["Havoc","Anger","Heavy Blade"],"picked":"SKIP","floor":1},{"not_picked":["Anger","True Grit","Rage"],"picked":"SKIP","floor":2},{"not_picked":["Clash","Bloodletting","Corruption"],"picked":"SKIP","floor":7},{"not_picked":["Carnage","Sever Soul","Pummel","Cleave"],"picked":"SKIP","floor":10},{"not_picked":["Armaments","Flex","Headbutt","Cleave"],"picked":"SKIP","floor":13},{"not_picked":["Immolate","Brutality","Reaper"],"picked":"Offering","floor":16},{"not_picked":["Clothesline+1","Body Slam+1","Intimidate","Cleave"],"picked":"SKIP","floor":18},{"not_picked":["Clothesline+1","Body Slam+1","Intimidate","Cleave"],"picked":"SKIP","floor":18},{"not_picked":["Clothesline+1","Body Slam+1","Intimidate","Cleave"],"picked":"SKIP","floor":18},{"not_picked":["Clothesline","Warcry+1","Anger","Metallicize"],"picked":"SKIP","floor":19}],"player_experience":137638,"relics_obtained":[{"floor":7,"key":"Champion Belt"},{"floor":9,"key":"Question Card"},{"floor":12,"key":"Lantern"},{"floor":13,"key":"Happy Flower"}],"event_choices":[{"event_name":"World of Goop","player_choice":"Gather Gold","floor":3,"damage_taken":0},{"event_name":"The Cleric","player_choice":"Card Removal","floor":5,"damage_taken":0},{"event_name":"Accursed Blacksmith","player_choice":"Forge","floor":14,"damage_taken":0},{"event_name":"Ghosts","player_choice":"Ignored","floor":20,"damage_taken":0},{"event_name":"The Library","player_choice":"Heal","floor":22,"damage_taken":0}],"is_beta":false,"boss_relics":[{"not_picked":["Mark of Pain","Calling Bell"],"picked":"Runic Pyramid"}],"items_purged_floors":[4,21],"is_endless":false,"potions_floor_spawned":[7,13,16,19],"killed_by":"Slavers","ascension_level":3}