{"gold_per_floor":[114,289,300,310,76,76,105,105,105,105,105,180,190,201,201,302,302,318,318,328,243,263,289,289,300,300,312,325,340,290,290],"floor_reached":31,"playtime":3226,"items_purged":["Doubt"],"score":259,"play_id":"a1f3eb35-9c1d-4e80-b56f-5930450d07f3","local_time":"20180701220037","is_ascension_mode":false,"campfire_choices":[{"data":"Hemokinesis","floor":6.0,"key":"SMITH"},{"data":"Fire Breathing","floor":8.0,"key":"SMITH"},{"data":"Anger","floor":10.0,"key":"SMITH"},{"floor":15.0,"key":"REST"},{"floor":24.0,"key":"REST"}],"neow_cost":"","seed_source_timestamp":1623069048604022,"circlet_count":0,"master_deck":["Strike_R","Strike_R","Strike_R","Strike_R","Strike_R","Defend_R","Defend_R","Defend_R","Defend_R","Bash","Combust","Anger+1","Clash","Fire Breathing+1","Hemokinesis+1","Demon Form","Cleave+1","Pummel","Iron Wave"],"special_seed":0,"relics":["Burning Blood","Bottled Flame","Boot","Eternal Feather","Bronze Scales","Bag of Marbles","Mummified Hand"],"potions_floor_usage":[],"damage_taken":[{"damage":3.0,"enemies":"Small Slimes","floor":1.0,"turns":3.0},{"damage":14.0,"enemies":"Jaw Worm","floor":3.0,"turns":4.0},{"damage":5.0,"enemies":"Cultist","floor":4.0,"turns":4.0},{"damage":18.0,"enemies":"3 Sentries","floor":7.0,"turns":6.0},{"damage":11.0,"enemies":"Gremlin Gang","floor":13.0,"turns":3.0},{"damage":20.0,"enemies":"Large Slime","floor":14.0,"turns":4.0},{"damage":42.0,"enemies":"Slime Boss","floor":16.0,"turns":8.0},{"damage":30.0,"enemies":"2 Thieves","floor":18.0,"turns":3.0},{"damage":7.0,"enemies":"Spheric Guardian","floor":20.0,"turns":3.0},{"damage":30.0,"enemies":"Snake Plant","floor":22.0,"turns":3.0},{"damage":51.0,"enemies":"Slavers","floor":23.0,"turns":5.0},{"damage":34.0,"enemies":"Centurion and Healer","floor":25.0,"turns":5.0},{"damage":5.0,"enemies":"Snecko","floor":27.0,"turns":3.0},{"damage":17.0,"enemies":"Snake Plant","floor":28.0,"turns":3.0},{"damage":8.0,"enemies":"3 Cultists","floor":29.0,"turns":3.0},{"damage":15,"enemies":"Snecko","floor":31,"turns":2}],"seed_played":"-2374533110518511882","potions_obtained":[{"floor":4.0,"key":"Swift Potion"},{"floor":7.0,"key":"BloodPotion"},{"floor":14.0,"key":"Strength Potion"},{"floor":16.0,"key":"FearPotion"},{"floor":22.0,"key":"Regen Potion"},{"floor":25.0,"key":"AttackPotion"},{"floor":29.0,"key":"Fruit Juice"}],"is_trial":false,"path_per_floor":["M","?","M","M","$","R","E","R","T","R","?","?","M","M","R","B",null,"M","$","M","?","M","E","R","M","T","M","M","M","?"],"character_chosen":"IRONCLAD","items_purchased":["Fire Breathing","Hemokinesis"],"campfire_rested":2,"item_purchase_floors":[],"current_hp_per_floor":[88,88,80,81,81,81,69,69,69,69,74,63,58,44,71,35,93,69,69,68,68,44,8,41,13,13,23,12,10,10,0],"gold":290,"neow_bonus":"","is_prod":false,"is_daily":false,"chose_seed":false,"campfire_upgraded":3,"win_rate":0.0,"timestamp":1530496837,"path_taken":["M","?","?","M","$","R","E","R","T","R","?","?","M","M","R","BOSS","M","$","M","?","M","E","R","M","T","?","M","M","?","M"],"build_version":"2018-06-28","purchased_purges":1,"victory":false,"max_hp_per_floor":[88,88,88,88,88,88,88,88,88,88,93,93,93,93,93,93,93,93,93,93,93,93,93,93,93,93,93,93,93,93,93],"card_choices":[{"not_picked":["Anger","Shockwave"],"picked":"Combust","floor":1.0},{"not_picked":["Twin Strike","Warcry"],"picked":"Anger","floor":3.0},{"not_picked":["Body Slam","Entrench"],"picked":"Clash","floor":4.0},{"not_picked":["Ghostly Armor","Clash","Pummel"],"picked":"SKIP","floor":7.0},{"not_picked":["Armaments","Shrug It Off","Heavy Blade"],"picked":"SKIP","floor":13.0},{"not_picked":["Pommel Strike","Reckless Charge","Feel No Pain"],"picked":"SKIP","floor":14.0},{"not_picked":["Limit Break","Barricade"],"picked":"Demon Form","floor":16.0},{"not_picked":["Rampage","Burning Pact+1"],"picked":"Cleave+1","floor":18.0},{"not_picked":["Body Slam","Warcry"],"picked":"Pummel","floor":20.0},{"not_picked":["Inflame","Flame Barrier","Iron Wave"],"picked":"SKIP","floor":22.0},{"not_picked":["Inflame","Flame Barrier"],"picked":"Iron Wave","floor":22.0},{"not_picked":["Clash","Spot Weakness","Twin Strike+1"],"picked":"SKIP","floor":23.0},{"not_picked":["Flame Barrier","Body Slam","Pommel Strike+1"],"picked":"SKIP","floor":25.0},{"not_picked":["Shrug It Off","Metallicize","Twin Strike"],"picked":"SKIP","floor":27.0},{"not_picked":["Cleave","Flame Barrier","Shrug It Off"],"picked":"SKIP","floor":28.0},{"not_picked":["Cleave","Corruption","Rampage"],"picked":"SKIP","floor":29.0}],"player_experience":84219,"relics_obtained":[{"floor":7.0,"key":"Bottled Flame"},{"floor":9.0,"key":"Boot"},{"floor":23.0,"key":"Bag of Marbles"},{"floor":26.0,"key":"Mummified Hand"}],"event_choices":[{"event_name":"Liars Game","player_choice":"agreed","floor":2.0,"damage_taken":0.0},{"event_name":"Big Fish","player_choice":"Donut","floor":11.0,"damage_taken":0.0},{"event_name":"World of Goop","player_choice":"Gather Gold","floor":12.0,"damage_taken":0.0},{"event_name":"Addict","player_choice":"Obtained Relic","floor":21.0,"damage_taken":0.0},{"event_name":"The Joust","player_choice":"Bet on Murderer","floor":30.0,"damage_taken":0.0}],"boss_relics":[{"not_picked":["Velvet Choker","Runic Dome"],"picked":"Eternal Feather"}],"items_purged_floors":[],"is_endless":false,"potions_floor_spawned":[4,7,14,16,20,22,25,29],"killed_by":"Snecko","ascension_level":0}