{"gold_per_floor":[19,29,29,104,122,122,138,138,138,163,174,174],"floor_reached":12,"playtime":322,"items_purged":[],"score":120,"play_id":"fabdaa71-0df9-4356-bc3f-8d99c950174b","local_time":"20190210220557","is_ascension_mode":true,"campfire_choices":[{"data":"Rainbow","floor":6.0,"key":"SMITH"},{"floor":8.0,"key":"REST"}],"neow_cost":"NO_GOLD","seed_source_timestamp":673518088341369,"circlet_count":0,"master_deck":["AscendersBane","Strike_B","Strike_B+1","Strike_B","Defend_B","Defend_B","Defend_B+1","Zap","Dualcast","Core Surge","Steam Power","Double Energy","Rainbow+1","Sweeping Beam","Electrodynamics","Defragment"],"special_seed":0,"relics":["Cracked Core","Question Card","Bottled Lightning"],"potions_floor_usage":[12],"damage_taken":[{"damage":3.0,"enemies":"Cultist","floor":1.0,"turns":3.0},{"damage":10.0,"enemies":"Small Slimes","floor":2.0,"turns":3.0},{"damage":0.0,"enemies":"2 Louse","floor":5.0,"turns":3.0},{"damage":10.0,"enemies":"Lots of Slimes","floor":7.0,"turns":3.0},{"damage":28.0,"enemies":"3 Sentries","floor":10.0,"turns":7.0},{"damage":0.0,"enemies":"Exordium Wildlife","floor":11.0,"turns":2.0},{"damage":30,"enemies":"Gremlin Nob","floor":12,"turns":3}],"seed_played":"7631322097399153475","potions_obtained":[{"floor":2.0,"key":"Poison Potion"},{"floor":10.0,"key":"LiquidBronze"}],"is_trial":false,"path_per_floor":["M","M","?","?","M","R","M","R","T","E","M","E"],"character_chosen":"DEFECT","items_purchased":[],"campfire_rested":1,"item_purchase_floors":[],"current_hp_per_floor":[65,55,40,29,29,29,19,41,41,13,13,0],"gold":174,"neow_bonus":"TRANSFORM_TWO_CARDS","is_prod":false,"is_daily":false,"chose_seed":false,"campfire_upgraded":1,"win_rate":0,"timestamp":1549832757,"path_taken":["M","M","?","?","M","R","M","R","T","E","M","E"],"build_version":"2019-01-23","purchased_purges":0,"victory":false,"max_hp_per_floor":[75,75,75,75,75,75,75,75,75,75,75,75],"card_choices":[{"not_picked":["Stack","Static Discharge","Hologram"],"picked":"SKIP","floor":1.0},{"not_picked":["Cold Snap","Leap"],"picked":"Double Energy","floor":2.0},{"not_picked":["Static Discharge","Sweeping Beam"],"picked":"Rainbow","floor":5.0},{"not_picked":["Steam","Heatsinks"],"picked":"Sweeping Beam","floor":7.0},{"not_picked":["Steam","Stack","Multi-Cast"],"picked":"Electrodynamics","floor":10.0},{"not_picked":["Coolheaded","Skim","Leap"],"picked":"Defragment","floor":11.0}],"player_experience":1034076,"relics_obtained":[{"floor":9.0,"key":"Question Card"},{"floor":10.0,"key":"Bottled Lightning"}],"event_choices":[{"damage_healed":0.0,"max_hp_gain":0.0,"max_hp_loss":0.0,"gold_gain":0.0,"event_name":"Shining Light","player_choice":"Entered Light","floor":3.0,"gold_loss":0.0,"damage_taken":15.0,"cards_upgraded":["Defend_B","Strike_B"]},{"damage_healed":0.0,"max_hp_gain":0.0,"max_hp_loss":0.0,"gold_gain":75.0,"event_name":"World of Goop","player_choice":"Gather Gold","floor":4.0,"gold_loss":0.0,"damage_taken":11.0}],"is_beta":false,"boss_relics":[],"items_purged_floors":[],"is_endless":false,"potions_floor_spawned":[2,10],"killed_by":"Gremlin Nob","ascension_level":10}