{"gold_per_floor":[114,114,186,198,216,216,233,233,258,269,20,47,47,57,57,57],"floor_reached":16,"playtime":639,"items_purged":[],"score":107,"play_id":"ea8f4ec0-2c19-46c1-a614-8fa44f2a06f3","local_time":"20180719001446","is_ascension_mode":true,"campfire_choices":[{"data":"Whirlwind","floor":6,"key":"SMITH"},{"data":"Bash","floor":15,"key":"SMITH"}],"neow_cost":"TEN_PERCENT_HP_LOSS","seed_source_timestamp":39959262557888,"circlet_count":0,"master_deck":["Strike_R","Strike_R","Strike_R","Defend_R","Defend_R","Defend_R","Bash+1","Whirlwind+1","Barricade","Shrug It Off"],"relics":["Burning Blood","Pear","Art of War","Singing Bowl","Unceasing Top"],"potions_floor_usage":[12,12,16],"damage_taken":[{"damage":5,"enemies":"Small Slimes","floor":1,"turns":5},{"damage":6,"enemies":"Cultist","floor":4,"turns":3},{"damage":6,"enemies":"Jaw Worm","floor":5,"turns":4},{"damage":13,"enemies":"Exordium Thugs","floor":7,"turns":3},{"damage":10,"enemies":"2 Fungi Beasts","floor":10,"turns":3},{"damage":25,"enemies":"Lagavulin","floor":12,"turns":9},{"damage":6,"enemies":"3 Louse","floor":14,"turns":2},{"damage":68,"enemies":"Hexaghost","floor":16,"turns":9}],"seed_played":"-4061845765710753256","potions_obtained":[{"floor":1,"key":"BloodPotion"},{"floor":4,"key":"Weak Potion"},{"floor":7,"key":"Fire Potion"}],"is_trial":false,"path_per_floor":["M","?","T","M","M","R","M","?","T","M","$","E","?","M","R"],"character_chosen":"IRONCLAD","items_purchased":["Singing Bowl"],"campfire_rested":0,"item_purchase_floors":[11],"current_hp_per_floor":[72,72,82,82,82,82,75,75,75,71,71,62,62,64,64,0],"gold":57,"neow_bonus":"TRANSFORM_TWO_CARDS","is_prod":false,"is_daily":false,"chose_seed":false,"campfire_upgraded":2,"win_rate":0,"timestamp":1531973686,"path_taken":["M","?","?","M","M","R","M","?","T","M","$","E","?","M","R","BOSS"],"build_version":"2018-07-12","purchased_purges":0,"victory":false,"max_hp_per_floor":[72,72,82,82,82,82,82,82,82,82,82,84,84,86,86,86],"card_choices":[{"not_picked":["Iron Wave","Sword Boomerang"],"picked":"Shrug It Off","floor":1},{"not_picked":["Twin Strike","Sword Boomerang","Dual Wield"],"picked":"SKIP","floor":4},{"not_picked":["Evolve","Feel No Pain","Twin Strike"],"picked":"SKIP","floor":5},{"not_picked":["Infernal Blade","Whirlwind","True Grit"],"picked":"SKIP","floor":7},{"not_picked":["Headbutt","Ghostly Armor","Anger"],"picked":"SKIP","floor":10},{"not_picked":["Headbutt","Ghostly Armor","Anger"],"picked":"SKIP","floor":10},{"not_picked":["Dark Embrace","Perfected Strike","Twin Strike"],"picked":"Singing Bowl","floor":12},{"not_picked":["Shrug It Off","Flame Barrier","Second Wind"],"picked":"Singing Bowl","floor":14}],"player_experience":127091,"relics_obtained":[{"floor":3,"key":"Pear"},{"floor":9,"key":"Art of War"},{"floor":12,"key":"Unceasing Top"}],"event_choices":[{"event_name":"Purifier","player_choice":"One Purge","floor":2,"damage_taken":0},{"event_name":"The Woman in Blue","player_choice":"Bought 0 Potions","floor":8,"damage_taken":0},{"event_name":"Liars Game","player_choice":"disagreed","floor":13,"damage_taken":0}],"boss_relics":[],"items_purged_floors":[],"is_endless":false,"potions_floor_spawned":[1,4,7,10],"killed_by":"Hexaghost","ascension_level":1}