{"gold_per_floor":[17,30,45,0,11,11,27,27,72,91,122,137,154,166,166,262,262,278,458,471,471,491,491,508,521,545,573,593,622,622,637,637,741,741,760,760,422,439,458,458,493,493,493,518,16,16,0,15,15,15],"floor_reached":50,"playtime":4725,"items_purged":["Evolve+1"],"score":625,"play_id":"9160c20b-a824-4d9a-bac8-7ec2ad38974b","local_time":"20180706235319","is_ascension_mode":false,"campfire_choices":[{"data":"Perfected Strike","floor":6.0,"key":"SMITH"},{"data":"Perfected Strike","floor":8.0,"key":"SMITH"},{"data":"Offering","floor":15.0,"key":"SMITH"},{"data":"Perfected Strike","floor":23.0,"key":"SMITH"},{"data":"Double Tap","floor":30.0,"key":"SMITH"},{"floor":32.0,"key":"REST"},{"data":"Perfected Strike","floor":40.0,"key":"SMITH"},{"data":"Panacea","floor":46,"key":"SMITH"},{"data":"Flex","floor":49,"key":"SMITH"}],"neow_cost":"NO_GOLD","seed_source_timestamp":2059959854804544,"circlet_count":0,"master_deck":["Strike_R","Strike_R","Strike_R","Strike_R","Strike_R","Defend_R","Defend_R","Combust","Flex+1","Perfected Strike+1","Perfected Strike+1","Offering+1","Offering","Anger+1","Warcry+1","Perfected Strike+1","Trip","Perfected Strike+1","Double Tap+1","Shrug It Off+1","Bloodletting+1","Master of Strategy","Blood for Blood+1","Rupture+1","Panacea+1","Twin Strike"],"special_seed":0,"relics":["Burning Blood","Calipers","Bronze Scales","Darkstone Periapt","Astrolabe","Boot","Regal Pillow","Unceasing Top","Coffee Dripper","Matryoshka","Centennial Puzzle","Bottled Flame","Frozen Egg 2","Torii","Red Mask"],"potions_floor_usage":[44,50,50,50,50,50],"damage_taken":[{"damage":4.0,"enemies":"Cultist","floor":1.0,"turns":4.0},{"damage":6.0,"enemies":"2 Louse","floor":2.0,"turns":3.0},{"damage":9.0,"enemies":"Jaw Worm","floor":3.0,"turns":4.0},{"damage":9.0,"enemies":"Blue Slaver","floor":5.0,"turns":3.0},{"damage":10.0,"enemies":"Looter","floor":7.0,"turns":3.0},{"damage":24.0,"enemies":"Gremlin Gang","floor":10.0,"turns":3.0},{"damage":17.0,"enemies":"Gremlin Nob","floor":11.0,"turns":2.0},{"damage":7.0,"enemies":"Exordium Wildlife","floor":12.0,"turns":3.0},{"damage":8.0,"enemies":"Blue Slaver","floor":13.0,"turns":3.0},{"damage":23.0,"enemies":"Lots of Slimes","floor":14.0,"turns":4.0},{"damage":34.0,"enemies":"Hexaghost","floor":16.0,"turns":6.0},{"damage":8.0,"enemies":"Shell Parasite","floor":18.0,"turns":1.0},{"damage":8.0,"enemies":"Chosen","floor":20.0,"turns":1.0},{"damage":8.0,"enemies":"Sentry and Sphere","floor":22.0,"turns":1.0},{"damage":8.0,"enemies":"Chosen and Byrds","floor":24.0,"turns":2.0},{"damage":21.0,"enemies":"3 Cultists","floor":25.0,"turns":4.0},{"damage":5.0,"enemies":"Book of Stabbing","floor":27.0,"turns":2.0},{"damage":7.0,"enemies":"Snake Plant","floor":28.0,"turns":1.0},{"damage":4.0,"enemies":"Gremlin Leader","floor":29.0,"turns":2.0},{"damage":0.0,"enemies":"Snecko","floor":31.0,"turns":2.0},{"damage":50.0,"enemies":"Collector","floor":33.0,"turns":4.0},{"damage":4.0,"enemies":"3 Darklings","floor":35.0,"turns":3.0},{"damage":13.0,"enemies":"Orb Walker","floor":38.0,"turns":2.0},{"damage":14.0,"enemies":"4 Shapes","floor":39.0,"turns":3.0},{"damage":11.0,"enemies":"Giant Head","floor":41.0,"turns":3.0},{"damage":68,"enemies":"Nemesis","floor":44,"turns":5},{"damage":11,"enemies":"3 Darklings","floor":48,"turns":1},{"damage":46,"enemies":"Time Eater","floor":50,"turns":2}],"seed_played":"-3489488310232389165","potions_obtained":[{"floor":1.0,"key":"Regen Potion"},{"floor":7.0,"key":"Strength Potion"},{"floor":10.0,"key":"GamblersBrew"},{"floor":11.0,"key":"Dexterity Potion"},{"floor":13.0,"key":"BloodPotion"},{"floor":20.0,"key":"EntropicBrew"},{"floor":25.0,"key":"PowerPotion"},{"floor":31.0,"key":"AttackPotion"},{"floor":33.0,"key":"Swift Potion"},{"floor":35.0,"key":"EntropicBrew"},{"floor":41.0,"key":"BloodPotion"}],"is_trial":false,"path_per_floor":["M","M","M","$","M","R","M","R","T","M","E","M","M","M","R","B",null,"M","?","M","?","M","R","M","M","T","E","M","E","R","M","R","B",null,"M","?","$","M","M","R","E","?","T","E","$","R","?","M","R"],"character_chosen":"IRONCLAD","items_purchased":["Perfected Strike","Block Potion","Master of Strategy","Panacea","SteroidPotion","Twin Strike","Torii"],"campfire_rested":1,"item_purchase_floors":[4,37,37,45,45,45,45],"current_hp_per_floor":[80,80,77,77,74,74,70,70,70,52,50,49,47,30,30,10,80,78,38,36,36,34,34,32,17,17,18,17,19,19,25,64,20,80,80,80,80,73,65,65,60,90,90,28,28,28,28,23,23,0],"gold":15,"neow_bonus":"ONE_RARE_RELIC","is_prod":false,"is_daily":false,"chose_seed":false,"campfire_upgraded":8,"win_rate":0,"timestamp":1530935599,"path_taken":["M","?","?","$","M","R","M","R","T","M","E","M","M","M","R","BOSS","M","?","M","?","M","R","M","?","T","E","M","E","R","M","R","BOSS","M","?","$","M","M","R","E","?","T","E","$","R","?","M","R","BOSS"],"build_version":"2018-07-05","purchased_purges":1,"victory":false,"max_hp_per_floor":[80,80,80,80,80,80,80,80,80,80,80,80,80,80,80,80,80,80,80,80,80,80,80,80,80,80,80,80,80,80,80,80,80,80,80,80,80,80,80,80,80,90,90,90,90,90,90,90,90,90],"card_choices":[{"not_picked":["Wild Strike","Shrug It Off"],"picked":"Combust","floor":1.0},{"not_picked":["True Grit","Dropkick"],"picked":"Flex","floor":2.0},{"not_picked":["Evolve","Entrench"],"picked":"Perfected Strike","floor":3.0},{"not_picked":["True Grit","Inflame","Cleave"],"picked":"SKIP","floor":5.0},{"not_picked":["Iron Wave","Thunderclap","Cleave"],"picked":"SKIP","floor":7.0},{"not_picked":["Armaments","Headbutt"],"picked":"Offering","floor":10.0},{"not_picked":["Spot Weakness","Sever Soul","Thunderclap"],"picked":"SKIP","floor":11.0},{"not_picked":["Clash","Feel No Pain","Flex"],"picked":"SKIP","floor":12.0},{"not_picked":["Second Wind","Sword Boomerang","Intimidate"],"picked":"SKIP","floor":13.0},{"not_picked":["Pummel","Flex","Warcry"],"picked":"SKIP","floor":14.0},{"not_picked":["Brutality","Barricade"],"picked":"Offering","floor":16.0},{"not_picked":["Anger","Body Slam+1"],"picked":"Perfected Strike","floor":18.0},{"not_picked":["Armaments","Clash"],"picked":"Perfected Strike","floor":20.0},{"not_picked":["Power Through+1","Disarm"],"picked":"Double Tap","floor":22.0},{"not_picked":["Warcry","Twin Strike"],"picked":"Shrug It Off+1","floor":24.0},{"not_picked":["Corruption+1","Sword Boomerang+1","Shrug It Off"],"picked":"SKIP","floor":25.0},{"not_picked":["Clash","Headbutt"],"picked":"Bloodletting+1","floor":27.0},{"not_picked":["Spot Weakness","Armaments","Clothesline"],"picked":"SKIP","floor":28.0},{"not_picked":["Corruption+1","Whirlwind","Flame Barrier"],"picked":"SKIP","floor":29.0},{"not_picked":["Power Through","Clothesline","Flex"],"picked":"SKIP","floor":31.0},{"not_picked":["Fiend Fire","Limit Break"],"picked":"Feed","floor":33.0},{"not_picked":["Dual Wield","Rage","Combust+1"],"picked":"SKIP","floor":35.0},{"not_picked":["Sword Boomerang","Clothesline+1","Pommel Strike"],"picked":"SKIP","floor":38.0},{"not_picked":["Combust","Infernal Blade"],"picked":"Blood for Blood+1","floor":39.0},{"not_picked":["Clash","Rage","Twin Strike"],"picked":"SKIP","floor":41.0},{"not_picked":["Corruption+1","Brutality"],"picked":"Rupture","floor":44},{"not_picked":["Blood for Blood","Ghostly Armor+1","Anger"],"picked":"SKIP","floor":48}],"player_experience":119924,"relics_obtained":[{"floor":9.0,"key":"Bronze Scales"},{"floor":11.0,"key":"Darkstone Periapt"},{"floor":26.0,"key":"Boot"},{"floor":27.0,"key":"Regal Pillow"},{"floor":29.0,"key":"Unceasing Top"},{"floor":41.0,"key":"Matryoshka"},{"floor":43.0,"key":"Centennial Puzzle"},{"floor":43.0,"key":"Bottled Flame"},{"floor":44,"key":"Frozen Egg 2"}],"event_choices":[{"event_name":"Knowing Skull","player_choice":"POTION GOLD GOLD CARD ","floor":19.0,"damage_taken":0.0},{"event_name":"Cursed Tome","player_choice":"Ignored","floor":21.0,"damage_taken":0.0},{"event_name":"SecretPortal","player_choice":"Rejected Portal.","floor":36.0,"damage_taken":0.0},{"event_name":"Bonfire Elementals","player_choice":"RARE","floor":42.0,"damage_taken":0.0},{"event_name":"Tomb of Lord Red Mask","player_choice":"Paid","floor":47,"damage_taken":0}],"boss_relics":[{"not_picked":["Snecko Eye","Runic Pyramid"],"picked":"Astrolabe"},{"not_picked":["Black Blood","Runic Dome"],"picked":"Coffee Dripper"}],"items_purged_floors":[37],"is_endless":false,"potions_floor_spawned":[1,7,10,11,13,20,25,31,33,35,39,41],"killed_by":"Time Eater","ascension_level":0}