{"gold_per_floor":[113,125,82,95,95,95,111,111,111,111,122,47,47,47,47,173,173,193,52,70,70,169,169,204,204,227,227,243,263,138,138],"floor_reached":31,"playtime":1720,"items_purged":["Defend_B","Doubt","Clumsy"],"score":243,"play_id":"1439f325-2917-4879-8988-bffa6743d2d5","local_time":"20180716142711","is_ascension_mode":false,"campfire_choices":[{"data":"Zap","floor":6,"key":"SMITH"},{"data":"Sweeping Beam","floor":13,"key":"SMITH"},{"data":"Streamline","floor":15,"key":"SMITH"},{"floor":23,"key":"REST"},{"floor":25,"key":"REST"}],"neow_cost":"NONE","seed_source_timestamp":155683272506341,"circlet_count":0,"master_deck":["Strike_B","Strike_B","Strike_B","Defend_B","Defend_B","Defend_B","Zap+1","Dualcast","Hello World","Sweeping Beam+1","Darkness","Echo Form","Zap","Chaos","Skim","Streamline+1","Biased Cognition","Clumsy","Double Energy+1","Self Repair","Compile Driver+1","Go for the Eyes+1","BootSequence+1","Tempest+1","Redo+1"],"relics":["Cracked Core","Oddly Smooth Stone","Bottled Flame","Golden Idol","Calling Bell","Dream Catcher","Pantograph","Ginger","Toxic Egg 2","Anchor"],"potions_floor_usage":[16,16,28],"damage_taken":[{"damage":0,"enemies":"2 Louse","floor":1,"turns":2},{"damage":1,"enemies":"Jaw Worm","floor":2,"turns":4},{"damage":0,"enemies":"Cultist","floor":4,"turns":3},{"damage":0,"enemies":"Large Slime","floor":7,"turns":4},{"damage":6,"enemies":"Lots of Slimes","floor":11,"turns":3},{"damage":40,"enemies":"Hexaghost","floor":16,"turns":7},{"damage":46,"enemies":"Shell Parasite","floor":18,"turns":7},{"damage":10,"enemies":"Spheric Guardian","floor":20,"turns":3},{"damage":36,"enemies":"Gremlin Leader","floor":24,"turns":6},{"damage":3,"enemies":"Snake Plant","floor":28,"turns":4},{"damage":27,"enemies":"3 Cultists","floor":29,"turns":4},{"damage":12,"enemies":"Cultist and Chosen","floor":31,"turns":4}],"seed_played":"-4015486005703121561","potions_obtained":[{"floor":4,"key":"Regen Potion"},{"floor":11,"key":"SteroidPotion"},{"floor":24,"key":"Block Potion"},{"floor":29,"key":"FearPotion"}],"is_trial":false,"path_per_floor":["M","M","?","M","?","R","M","?","T","?","M","$","R","?","R","B",null,"M","$","M","?","?","R","E","R","T","?","M","M","$"],"character_chosen":"DEFECT","items_purchased":["Self Repair"],"campfire_rested":2,"item_purchase_floors":[19],"current_hp_per_floor":[75,74,74,74,74,74,74,75,75,75,69,69,69,51,51,26,75,29,29,26,26,26,48,19,41,41,34,38,11,11,0],"gold":138,"neow_bonus":"RANDOM_COMMON_RELIC","is_prod":false,"is_daily":false,"chose_seed":false,"campfire_upgraded":3,"win_rate":0.0,"timestamp":1531765631,"path_taken":["M","M","?","M","?","R","M","?","T","?","?","?","R","?","R","BOSS","M","$","M","?","?","R","E","R","T","?","M","M","?","M"],"build_version":"2018-07-12","purchased_purges":3,"victory":false,"max_hp_per_floor":[75,75,75,75,75,75,75,75,75,75,75,75,75,75,75,75,75,75,75,75,75,75,75,75,75,75,75,75,75,75,75],"card_choices":[{"not_picked":["Compile Driver","Gash"],"picked":"Hello World","floor":1},{"not_picked":["Steam","Aggregate"],"picked":"Sweeping Beam","floor":2},{"not_picked":["Hologram","Compile Driver"],"picked":"Darkness","floor":4},{"not_picked":["Beam Cell","Leap"],"picked":"Chaos","floor":7},{"not_picked":["Consume","Tempest"],"picked":"Streamline","floor":11},{"not_picked":["Rainbow","Amplify"],"picked":"Biased Cognition","floor":16},{"not_picked":["Beam Cell","Coolheaded"],"picked":"Double Energy+1","floor":18},{"not_picked":["Gash","Leap"],"picked":"Compile Driver+1","floor":20},{"not_picked":["Ball Lightning","Coolheaded"],"picked":"Go for the Eyes+1","floor":24},{"not_picked":["Force Field+1","Hello World"],"picked":"BootSequence+1","floor":25},{"not_picked":["Capacitor","Creative AI"],"picked":"Tempest+1","floor":28},{"not_picked":["Conserve Battery+1","Static Discharge+1"],"picked":"Redo+1","floor":29}],"player_experience":43025,"relics_obtained":[{"floor":9,"key":"Bottled Flame"},{"floor":17,"key":"Dream Catcher"},{"floor":17,"key":"Pantograph"},{"floor":17,"key":"Ginger"},{"floor":24,"key":"Toxic Egg 2"},{"floor":26,"key":"Anchor"}],"event_choices":[{"event_name":"World of Goop","player_choice":"Left","floor":3,"damage_taken":0},{"event_name":"Match and Keep!","player_choice":"2 cards matched","floor":5,"damage_taken":0},{"event_name":"Wheel of Change","player_choice":"Full Heal","floor":8,"damage_taken":0},{"event_name":"Transmorgrifier","player_choice":"Transform","floor":10,"damage_taken":0},{"event_name":"Golden Idol","player_choice":"Take Damage","floor":14,"damage_taken":0},{"event_name":"Beggar","player_choice":"Ignored","floor":21,"damage_taken":0},{"event_name":"Nest","player_choice":"Stole From Cult","floor":22,"damage_taken":0},{"event_name":"Wheel of Change","player_choice":"Damage","floor":27,"damage_taken":0}],"boss_relics":[{"not_picked":["Philosopher\u0027s Stone","Velvet Choker"],"picked":"Calling Bell"}],"items_purged_floors":[12,19,30],"is_endless":false,"potions_floor_spawned":[4,11,24,29],"killed_by":"Cultist and Chosen","ascension_level":0}