{"gold_per_floor":[118,133,152,152,164,164,198,198,223,234,234,234,244,257,257,333,333,347,24,24,24,36,69,69,84,84,84,84,101,112,112],"floor_reached":31,"playtime":2020,"items_purged":["Strike_R"],"score":653,"play_id":"80e16527-be70-44ff-a84a-869b180f6789","local_time":"20190313154558","is_ascension_mode":true,"campfire_choices":[{"data":"Body Slam","floor":6.0,"key":"SMITH"},{"data":"Bash","floor":8.0,"key":"SMITH"},{"data":"Shrug It Off","floor":11.0,"key":"SMITH"},{"data":"Metallicize","floor":15.0,"key":"SMITH"},{"data":"True Grit","floor":24.0,"key":"SMITH"},{"data":"RitualDagger","floor":27.0,"key":"SMITH"}],"neow_cost":"NONE","seed_source_timestamp":0,"circlet_count":0,"master_deck":["AscendersBane","Strike_R","Strike_R","Strike_R","Defend_R","Defend_R","Defend_R","Defend_R","Bash+1","Armaments+1","Body Slam+1","Shrug It Off+1","Metallicize+1","Feed","RitualDagger+1","True Grit+1","Decay"],"special_seed":0,"relics":["Burning Blood","Potion Belt","Oddly Smooth Stone","Darkstone Periapt","Busted Crown","Singing Bowl","Orichalcum","Molten Egg 2"],"potions_floor_usage":[31,31],"damage_taken":[{"damage":9.0,"enemies":"Jaw Worm","floor":1.0,"turns":6.0},{"damage":9.0,"enemies":"Cultist","floor":2.0,"turns":5.0},{"damage":1.0,"enemies":"Small Slimes","floor":3.0,"turns":4.0},{"damage":2.0,"enemies":"2 Fungi Beasts","floor":5.0,"turns":6.0},{"damage":47.0,"enemies":"Gremlin Nob","floor":7.0,"turns":6.0},{"damage":17.0,"enemies":"Exordium Thugs","floor":10.0,"turns":7.0},{"damage":0.0,"enemies":"Looter","floor":13.0,"turns":3.0},{"damage":0.0,"enemies":"3 Louse","floor":14.0,"turns":5.0},{"damage":7.0,"enemies":"The Guardian","floor":16.0,"turns":14.0},{"damage":2.0,"enemies":"Chosen","floor":18.0,"turns":6.0},{"damage":8.0,"enemies":"Spheric Guardian","floor":22.0,"turns":4.0},{"damage":40.0,"enemies":"Slavers","floor":23.0,"turns":14.0},{"damage":0.0,"enemies":"Cultist and Chosen","floor":25.0,"turns":8.0},{"damage":18.0,"enemies":"Shelled Parasite and Fungi","floor":29.0,"turns":7.0},{"damage":34.0,"enemies":"Chosen and Byrds","floor":30.0,"turns":9.0},{"damage":16,"enemies":"Snake Plant","floor":31,"turns":2}],"seed_played":"-3655019632284074242","potions_obtained":[{"floor":7.0,"key":"AttackPotion"},{"floor":10.0,"key":"Weak Potion"},{"floor":13.0,"key":"GamblersBrew"},{"floor":14.0,"key":"PowerPotion"},{"floor":22.0,"key":"Swift Potion"},{"floor":30.0,"key":"LiquidBronze"}],"is_trial":false,"path_per_floor":["M","M","M","?","M","R","E","R","T","M","R","T","M","M","R","B",null,"M","$","?","?","M","E","R","M","T","R","?","M","M","M"],"character_chosen":"IRONCLAD","items_purchased":["Singing Bowl"],"campfire_rested":0,"item_purchase_floors":[19],"current_hp_per_floor":[65,62,67,67,71,71,30,30,30,19,19,19,25,31,31,30,64,71,71,71,65,68,34,34,45,45,45,51,41,15,0],"gold":112,"neow_bonus":"REMOVE_CARD","is_prod":false,"is_daily":false,"chose_seed":false,"campfire_upgraded":6,"win_rate":0,"timestamp":1552506358,"path_taken":["M","M","M","?","?","R","E","R","T","M","R","?","M","M","R","BOSS","M","$","?","?","M","E","R","M","T","R","?","M","?","M"],"build_version":"2019-01-23","purchased_purges":1,"victory":false,"max_hp_per_floor":[75,75,75,75,75,75,75,75,75,75,75,75,75,75,75,75,75,78,78,78,78,83,83,83,88,88,88,94,96,98,98],"card_choices":[{"not_picked":["Heavy Blade","Headbutt","Rampage"],"picked":"SKIP","floor":1.0},{"not_picked":["Reckless Charge","Searing Blow"],"picked":"Armaments","floor":2.0},{"not_picked":["Thunderclap","Seeing Red"],"picked":"Body Slam","floor":3.0},{"not_picked":["Burning Pact","Flex","Clothesline"],"picked":"SKIP","floor":5.0},{"not_picked":["Thunderclap","Power Through","Headbutt"],"picked":"SKIP","floor":7.0},{"not_picked":["Wild Strike","Anger"],"picked":"Shrug It Off","floor":10.0},{"not_picked":["Flex","Clash"],"picked":"Metallicize","floor":13.0},{"not_picked":["Evolve","Reckless Charge","Bloodletting"],"picked":"SKIP","floor":14.0},{"not_picked":["Fiend Fire","Berserk"],"picked":"Feed","floor":16.0},{"not_picked":["Sword Boomerang"],"picked":"SKIP","floor":18.0},{"not_picked":["Thunderclap"],"picked":"Singing Bowl","floor":22.0},{"not_picked":[],"picked":"True Grit","floor":23.0},{"not_picked":["Hemokinesis"],"picked":"Singing Bowl","floor":25.0},{"not_picked":["Pummel+1"],"picked":"Singing Bowl","floor":29.0},{"not_picked":["Twin Strike+1"],"picked":"Singing Bowl","floor":30.0}],"player_experience":361484,"relics_obtained":[{"floor":7.0,"key":"Potion Belt"},{"floor":9.0,"key":"Oddly Smooth Stone"},{"floor":12.0,"key":"Darkstone Periapt"},{"floor":23.0,"key":"Orichalcum"},{"floor":26.0,"key":"Molten Egg 2"}],"event_choices":[{"damage_healed":0.0,"max_hp_gain":0.0,"max_hp_loss":0.0,"gold_gain":0.0,"event_name":"Accursed Blacksmith","player_choice":"Forge","floor":4.0,"gold_loss":0.0,"damage_taken":0.0,"cards_upgraded":["Armaments"]},{"damage_healed":0.0,"max_hp_gain":0.0,"max_hp_loss":0.0,"gold_gain":0.0,"event_name":"Ghosts","player_choice":"Ignored","floor":20.0,"gold_loss":0.0,"damage_taken":0.0},{"damage_healed":0.0,"max_hp_gain":0.0,"max_hp_loss":0.0,"gold_gain":0.0,"event_name":"Nest","player_choice":"Joined the Cult","floor":21.0,"gold_loss":0.0,"damage_taken":6.0,"cards_obtained":["RitualDagger"]},{"damage_healed":0.0,"max_hp_gain":0.0,"max_hp_loss":0.0,"gold_gain":0.0,"event_name":"Wheel of Change","player_choice":"Cursed","floor":28.0,"gold_loss":0.0,"damage_taken":0.0,"cards_obtained":["Decay"]}],"is_beta":false,"boss_relics":[{"not_picked":["Black Star","Eternal Feather"],"picked":"Busted Crown"}],"items_purged_floors":[19],"is_endless":false,"potions_floor_spawned":[7,10,13,14,22,30],"killed_by":"Snake Plant","ascension_level":15}