{"gold_per_floor":[117,131,181,256,272,272,306,306,306,324,324,324,304,334,334,408,408,426,376,24,35,49,79,79,110,110,125,125],"floor_reached":28,"playtime":1127,"items_purged":[],"score":492,"play_id":"bd2c8534-e0db-4e97-b48b-42c8d657a332","local_time":"20181002230128","is_ascension_mode":true,"campfire_choices":[{"data":"Zap","floor":6,"key":"SMITH"},{"data":"Sweeping Beam","floor":8,"key":"SMITH"},{"floor":11,"key":"REST"},{"data":"White Noise","floor":15,"key":"SMITH"},{"floor":24,"key":"DIG"}],"neow_cost":"","seed_source_timestamp":345886208985913,"circlet_count":0,"master_deck":["Strike_B","Strike_B","Strike_B","Strike_B","Defend_B","Defend_B","Defend_B+1","Defend_B+1","Zap+1","Dualcast","AscendersBane","Conserve Battery","Sweeping Beam+1","Steam","Reboot","White Noise+1","Glacier","Multi-Cast","Sunder","Doom and Gloom","Decay","Defragment"],"relics":["Cracked Core","Shuriken","PreservedInsect","Bottled Flame","Cursed Key","Gambling Chip","Shovel","Emotion Chip","Singing Bowl","Kunai"],"potions_floor_usage":[5,13,16,23,25],"damage_taken":[{"damage":0,"enemies":"2 Louse","floor":1,"turns":3},{"damage":0,"enemies":"Cultist","floor":2,"turns":4},{"damage":3,"enemies":"Small Slimes","floor":5,"turns":4},{"damage":27,"enemies":"Gremlin Nob","floor":7,"turns":4},{"damage":8,"enemies":"Red Slaver","floor":10,"turns":3},{"damage":8,"enemies":"3 Sentries","floor":14,"turns":4},{"damage":14,"enemies":"Hexaghost","floor":16,"turns":16},{"damage":0,"enemies":"Spheric Guardian","floor":18,"turns":6},{"damage":11,"enemies":"2 Thieves","floor":21,"turns":5},{"damage":9,"enemies":"Centurion and Healer","floor":22,"turns":15},{"damage":10,"enemies":"Book of Stabbing","floor":23,"turns":8},{"damage":22,"enemies":"Slavers","floor":25,"turns":4},{"damage":8,"enemies":"Sentry and Sphere","floor":27,"turns":6},{"damage":31,"enemies":"Shelled Parasite and Fungi","floor":28,"turns":1}],"seed_played":"-4695719259433484988","potions_obtained":[{"floor":1,"key":"Regen Potion"},{"floor":12,"key":"FocusPotion"},{"floor":12,"key":"Weak Potion"},{"floor":13,"key":"Fruit Juice"},{"floor":14,"key":"Ancient Potion"},{"floor":21,"key":"SteroidPotion"},{"floor":27,"key":"SneckoOil"}],"is_trial":false,"path_per_floor":["M","M","?","?","M","R","E","R","T","M","R","?","?","E","R","B",null,"M","?","$","M","M","E","R","E","T","M"],"character_chosen":"DEFECT","items_purchased":["Gambling Chip"],"campfire_rested":1,"item_purchase_floors":[20],"current_hp_per_floor":[64,64,64,53,62,62,35,35,35,27,48,48,53,45,45,31,65,65,65,65,54,45,35,35,15,15,7,0],"gold":125,"neow_bonus":"","is_prod":false,"is_daily":false,"chose_seed":false,"campfire_upgraded":3,"win_rate":0,"timestamp":1538514088,"path_taken":["M","M","?","?","M","R","E","R","T","M","R","?","?","E","R","BOSS","M","?","$","M","M","E","R","E","T","?","M"],"build_version":"2018-09-27","purchased_purges":0,"victory":false,"max_hp_per_floor":[71,71,71,71,71,71,71,71,71,71,71,71,76,76,76,76,76,76,76,76,76,76,76,76,78,78,78,78],"card_choices":[{"not_picked":["Double Energy","Compile Driver"],"picked":"Conserve Battery","floor":1},{"not_picked":["Turbo","Beam Cell"],"picked":"Sweeping Beam","floor":2},{"not_picked":["Stack","Gash"],"picked":"Steam","floor":5},{"not_picked":["Darkness","Ball Lightning"],"picked":"Reboot","floor":7},{"not_picked":["Turbo","Go for the Eyes"],"picked":"White Noise","floor":10},{"not_picked":["Barrage","Steam Power"],"picked":"Glacier","floor":14},{"not_picked":["Hyperbeam","Reboot"],"picked":"Multi-Cast","floor":16},{"not_picked":["Leap","Ball Lightning","Turbo"],"picked":"SKIP","floor":18},{"not_picked":["Skim","Rebound"],"picked":"Sunder","floor":21},{"not_picked":["Streamline","Ball Lightning","Coolheaded"],"picked":"SKIP","floor":22},{"not_picked":["Amplify","Consume"],"picked":"Doom and Gloom","floor":23},{"not_picked":["Aggregate","Leap","Rip and Tear"],"picked":"Singing Bowl","floor":25},{"not_picked":["Conserve Battery","Darkness"],"picked":"Defragment","floor":27}],"player_experience":798655,"relics_obtained":[{"floor":7,"key":"Shuriken"},{"floor":9,"key":"PreservedInsect"},{"floor":14,"key":"Bottled Flame"},{"floor":23,"key":"Shovel"},{"floor":24,"key":"Emotion Chip"},{"floor":25,"key":"Singing Bowl"},{"floor":26,"key":"Kunai"}],"event_choices":[{"event_name":"Golden Shrine","player_choice":"Pray","floor":3,"damage_taken":0},{"event_name":"World of Goop","player_choice":"Gather Gold","floor":4,"damage_taken":0},{"event_name":"The Lab","player_choice":"Got Potions","floor":12,"damage_taken":0},{"event_name":"The Woman in Blue","player_choice":"Bought 1 Potion","floor":13,"damage_taken":0},{"event_name":"Designer","player_choice":"Upgrade 2 Random Cards","floor":19,"damage_taken":0}],"is_beta":false,"boss_relics":[{"not_picked":["Empty Cage","Busted Crown"],"picked":"Cursed Key"}],"items_purged_floors":[],"is_endless":false,"potions_floor_spawned":[1,14,21,27],"killed_by":"Shelled Parasite and Fungi","ascension_level":17}