{"gold_per_floor":[117,136,84,84,84,110,110,127,127,79,90,118,137,148,148,148],"floor_reached":16,"playtime":1282,"items_purged":[],"score":164,"play_id":"c1b79d57-9289-4940-be16-e1123774028b","local_time":"20181030220617","is_ascension_mode":true,"campfire_choices":[{"data":"Neutralize","floor":7,"key":"SMITH"},{"floor":15,"key":"REST"}],"neow_cost":"NONE","seed_source_timestamp":160359322193707,"circlet_count":0,"master_deck":["Defend_G","Defend_G","Defend_G","Defend_G","Defend_G","Strike_G","Strike_G","Strike_G","Strike_G","Strike_G","Survivor","Neutralize+1","Prepared","Acrobatics","Bane","Dagger Throw","Deadly Poison","Infinite Blades","Quick Slash"],"relics":["Ring of the Snake","NeowsBlessing","Unceasing Top","Ornamental Fan","Shovel"],"potions_floor_usage":[12,14,16],"damage_taken":[{"damage":0,"enemies":"Cultist","floor":1,"turns":1},{"damage":0,"enemies":"2 Louse","floor":2,"turns":1},{"damage":0,"enemies":"Gremlin Nob","floor":6,"turns":1},{"damage":10,"enemies":"Jaw Worm","floor":8,"turns":5},{"damage":0,"enemies":"2 Fungi Beasts","floor":11,"turns":3},{"damage":23,"enemies":"Lagavulin","floor":12,"turns":6},{"damage":4,"enemies":"Looter","floor":13,"turns":2},{"damage":15,"enemies":"Exordium Thugs","floor":14,"turns":4},{"damage":46,"enemies":"Slime Boss","floor":16,"turns":5}],"seed_played":"-3843609003871403881","potions_obtained":[{"floor":1,"key":"Fire Potion"},{"floor":2,"key":"EssenceOfSteel"},{"floor":8,"key":"Dexterity Potion"},{"floor":11,"key":"Explosive Potion"}],"is_trial":false,"path_per_floor":["M","M","$","?","?","E","R","M","T","$","M","E","M","M","R"],"character_chosen":"THE_SILENT","items_purchased":["Acrobatics","Deadly Poison"],"campfire_rested":1,"item_purchase_floors":[3,10],"current_hp_per_floor":[70,70,70,70,70,70,70,60,60,60,60,37,33,18,39,0],"gold":148,"neow_bonus":"THREE_ENEMY_KILL","is_prod":false,"is_daily":false,"chose_seed":false,"campfire_upgraded":1,"win_rate":0,"timestamp":1540951577,"path_taken":["M","?","$","?","?","E","R","M","T","$","M","E","?","?","R","BOSS"],"build_version":"2018-10-25v2","purchased_purges":0,"victory":false,"max_hp_per_floor":[70,70,70,70,70,70,70,70,70,70,70,70,70,70,70,70],"card_choices":[{"not_picked":["Reflex","Footwork","Calculated Gamble"],"picked":"SKIP","floor":1},{"not_picked":["Slice","Dodge and Roll"],"picked":"Prepared","floor":2},{"not_picked":["Underhanded Strike","Footwork"],"picked":"Bane","floor":6},{"not_picked":["Acrobatics","Dagger Spray"],"picked":"Dagger Throw","floor":8},{"not_picked":["After Image","Outmaneuver"],"picked":"Infinite Blades","floor":11},{"not_picked":["Footwork","Slice"],"picked":"Quick Slash","floor":12},{"not_picked":["Masterful Stab","Acrobatics","PiercingWail"],"picked":"SKIP","floor":13},{"not_picked":["Choke","Endless Agony","PiercingWail"],"picked":"SKIP","floor":14}],"player_experience":213761,"relics_obtained":[{"floor":6,"key":"Unceasing Top"},{"floor":9,"key":"Ornamental Fan"},{"floor":12,"key":"Shovel"}],"event_choices":[{"damage_healed":0,"gold_gain":0,"player_choice":"Ignored","damage_taken":0,"max_hp_gain":0,"max_hp_loss":0,"event_name":"Golden Idol","floor":4,"gold_loss":0},{"damage_healed":0,"gold_gain":0,"player_choice":"Leave","damage_taken":0,"max_hp_gain":0,"max_hp_loss":0,"event_name":"The Cleric","floor":5,"gold_loss":0}],"is_beta":false,"boss_relics":[],"items_purged_floors":[],"is_endless":false,"potions_floor_spawned":[1,2,8,11],"killed_by":"Slime Boss","ascension_level":4}