{"gold_per_floor":[109,124,140,140,159,159,190,265,310,327,327,343,361,372,372,372],"floor_reached":16,"playtime":745,"items_purged":[],"score":154,"play_id":"21d2ed54-ba67-458b-a624-74ca77a4f00f","local_time":"20180811152413","is_ascension_mode":true,"campfire_choices":[{"data":"Bash","floor":6,"key":"SMITH"},{"data":"Metallicize","floor":11,"key":"SMITH"},{"floor":15,"key":"REST"}],"neow_cost":"NONE","seed_source_timestamp":214620807877786,"circlet_count":0,"master_deck":["Strike_R","Strike_R","Strike_R","Strike_R","Defend_R","Defend_R","Defend_R","Defend_R","Bash+1","Clash","Metallicize+1","Shrug It Off"],"relics":["Burning Blood","NeowsBlessing","Question Card","Bag of Marbles"],"potions_floor_usage":[7,12,16,16,16],"damage_taken":[{"damage":0,"enemies":"Jaw Worm","floor":1,"turns":1},{"damage":0,"enemies":"Cultist","floor":2,"turns":1},{"damage":0,"enemies":"2 Louse","floor":3,"turns":1},{"damage":9,"enemies":"Red Slaver","floor":5,"turns":4},{"damage":20,"enemies":"Lagavulin","floor":7,"turns":5},{"damage":2,"enemies":"Exordium Wildlife","floor":10,"turns":4},{"damage":12,"enemies":"Gremlin Gang","floor":12,"turns":12},{"damage":22,"enemies":"Lots of Slimes","floor":13,"turns":7},{"damage":11,"enemies":"Large Slime","floor":14,"turns":7},{"damage":85,"enemies":"Slime Boss","floor":16,"turns":12}],"seed_played":"4685646662272781490","potions_obtained":[{"floor":3,"key":"BloodPotion"},{"floor":5,"key":"PowerPotion"},{"floor":10,"key":"Fruit Juice"},{"floor":12,"key":"Poison Potion"},{"floor":14,"key":"Explosive Potion"}],"is_trial":false,"path_per_floor":["M","M","M","?","M","R","E","?","T","M","R","M","M","M","R"],"character_chosen":"IRONCLAD","items_purchased":[],"campfire_rested":1,"item_purchase_floors":[],"current_hp_per_floor":[78,80,80,80,77,77,63,55,55,59,59,58,42,37,62,0],"gold":372,"neow_bonus":"THREE_ENEMY_KILL","is_prod":false,"is_daily":false,"chose_seed":false,"campfire_upgraded":2,"win_rate":0,"timestamp":1534015453,"path_taken":["M","M","M","?","?","R","E","?","T","M","R","M","M","M","R","BOSS"],"build_version":"2018-08-09","purchased_purges":0,"victory":false,"max_hp_per_floor":[80,80,80,80,80,80,80,80,80,80,80,85,85,85,85,85],"card_choices":[{"not_picked":["Perfected Strike","Wild Strike"],"picked":"Clash","floor":1},{"not_picked":["Flex","Searing Blow","Cleave"],"picked":"SKIP","floor":2},{"not_picked":["Power Through","Perfected Strike","Armaments"],"picked":"SKIP","floor":3},{"not_picked":["Carnage","Heavy Blade","Wild Strike"],"picked":"SKIP","floor":5},{"not_picked":["Dark Embrace","Exhume"],"picked":"Metallicize","floor":7},{"not_picked":["Body Slam","Sentinel","Burning Pact","Rage"],"picked":"SKIP","floor":10},{"not_picked":["Headbutt","Iron Wave","Perfected Strike","Cleave"],"picked":"SKIP","floor":12},{"not_picked":["Warcry","Wild Strike","Anger","Reckless Charge"],"picked":"SKIP","floor":13},{"not_picked":["Uppercut","Wild Strike","Twin Strike"],"picked":"Shrug It Off","floor":14}],"player_experience":198429,"relics_obtained":[{"floor":7,"key":"Question Card"},{"floor":9,"key":"Bag of Marbles"}],"event_choices":[{"event_name":"Purifier","player_choice":"One Purge","floor":4,"damage_taken":0},{"event_name":"FaceTrader","player_choice":"Touch","floor":8,"damage_taken":0}],"is_beta":false,"boss_relics":[],"items_purged_floors":[],"is_endless":false,"potions_floor_spawned":[3,5,10,12,14],"killed_by":"Slime Boss","ascension_level":9}