{"gold_per_floor":[366,376,376,445,455,455,489,507,532,561,585,597,227,246,246,325,325,341,341,354,368,368,368,393,393,442,442,22,39,57,57,57,133,133,144,156,168,168,184,184,184],"floor_reached":41,"playtime":4953,"items_purged":["Strike_B"],"score":774,"play_id":"d5833e4b-0980-41e4-ae7c-42e4df0cc821","local_time":"20190316000915","is_ascension_mode":true,"campfire_choices":[{"data":"Zap","floor":6.0,"key":"SMITH"},{"data":"Darkness","floor":12.0,"key":"SMITH"},{"floor":15.0,"key":"REST"},{"floor":23.0,"key":"REST"},{"data":"Creative AI","floor":25.0,"key":"SMITH"},{"data":"Auto Shields","floor":27.0,"key":"SMITH"},{"data":"Defragment","floor":32.0,"key":"SMITH"},{"data":"Dualcast","floor":40.0,"key":"SMITH"}],"neow_cost":"TEN_PERCENT_HP_LOSS","seed_source_timestamp":8975384648938,"circlet_count":0,"master_deck":["AscendersBane","Defend_B","Defend_B","Defend_B","Defend_B","Zap+1","Dualcast+1","Darkness+1","BootSequence","Auto Shields+1","Darkness+1","Lockon","Rebound","Steam","Hologram","Creative AI+1","Steam+1","Genetic Algorithm","Biased Cognition","Sunder","Defragment+1","Undo","Buffer","Conserve Battery","Leap","Parasite"],"special_seed":0,"relics":["Cracked Core","Shuriken","Centennial Puzzle","MawBank","Meat on the Bone","Empty Cage","Orichalcum","Anchor","Lee\u0027s Waffle","DataDisk","Cursed Key"],"potions_floor_usage":[],"damage_taken":[{"damage":4.0,"enemies":"2 Louse","floor":1.0,"turns":3.0},{"damage":9.0,"enemies":"Jaw Worm","floor":2.0,"turns":4.0},{"damage":6.0,"enemies":"Cultist","floor":5.0,"turns":4.0},{"damage":19.0,"enemies":"Lagavulin","floor":7.0,"turns":5.0},{"damage":7.0,"enemies":"Exordium Wildlife","floor":8.0,"turns":4.0},{"damage":9.0,"enemies":"Lots of Slimes","floor":10.0,"turns":6.0},{"damage":0.0,"enemies":"Blue Slaver","floor":11.0,"turns":3.0},{"damage":0.0,"enemies":"Gremlin Gang","floor":14.0,"turns":1.0},{"damage":22.0,"enemies":"Slime Boss","floor":16.0,"turns":6.0},{"damage":39.0,"enemies":"2 Thieves","floor":18.0,"turns":5.0},{"damage":11.0,"enemies":"Shell Parasite","floor":20.0,"turns":4.0},{"damage":18.0,"enemies":"Snecko","floor":21.0,"turns":6.0},{"damage":44.0,"enemies":"Slavers","floor":24.0,"turns":5.0},{"damage":0.0,"enemies":"Centurion and Healer","floor":29.0,"turns":5.0},{"damage":14.0,"enemies":"Shelled Parasite and Fungi","floor":30.0,"turns":4.0},{"damage":61.0,"enemies":"Champ","floor":33.0,"turns":8.0},{"damage":46.0,"enemies":"3 Darklings","floor":35.0,"turns":8.0},{"damage":12.0,"enemies":"3 Shapes","floor":36.0,"turns":5.0},{"damage":8.0,"enemies":"3 Darklings","floor":37.0,"turns":6.0},{"damage":21.0,"enemies":"Writhing Mass","floor":39.0,"turns":6.0},{"damage":27,"enemies":"Nemesis","floor":41,"turns":8}],"seed_played":"2874418586541575740","potions_obtained":[{"floor":1.0,"key":"Regen Potion"},{"floor":5.0,"key":"Ancient Potion"},{"floor":11.0,"key":"AttackPotion"},{"floor":16.0,"key":"Fruit Juice"},{"floor":19.0,"key":"Fire Potion"},{"floor":21.0,"key":"FocusPotion"},{"floor":30.0,"key":"Energy Potion"},{"floor":36.0,"key":"Block Potion"}],"is_trial":false,"path_per_floor":["M","M","?","T","M","R","E","M","T","M","M","R","$","M","R","B",null,"M","?","M","M","?","R","E","R","T","R","$","M","M","?","R","B",null,"M","M","M","?","M","R","E"],"character_chosen":"DEFECT","items_purchased":["Meat on the Bone","Steam","Lee\u0027s Waffle","DataDisk","Sunder"],"campfire_rested":2,"item_purchase_floors":[13,13,28,28,28],"current_hp_per_floor":[60,51,51,51,45,45,40,33,33,24,24,24,24,36,55,38,61,34,34,35,29,29,49,17,17,17,17,76,76,62,62,62,13,60,26,26,30,30,21,21,0],"gold":184,"neow_bonus":"TWO_FIFTY_GOLD","is_prod":false,"is_daily":false,"chose_seed":false,"campfire_upgraded":6,"win_rate":0,"timestamp":1552709355,"path_taken":["M","M","?","?","M","R","E","M","T","?","M","R","$","M","R","BOSS","M","?","M","?","?","R","E","R","T","R","$","M","?","?","R","BOSS","M","M","M","?","M","R","E"],"build_version":"2019-01-23","purchased_purges":1,"victory":false,"max_hp_per_floor":[64,64,64,64,64,64,64,64,64,64,64,64,64,64,64,69,69,69,69,69,69,69,69,69,69,69,69,76,76,76,76,76,76,76,76,76,76,76,76,76,76],"card_choices":[{"not_picked":["Compile Driver","Hologram"],"picked":"Darkness","floor":1.0},{"not_picked":["Consume","Cold Snap"],"picked":"BootSequence","floor":2.0},{"not_picked":["Stack","Coolheaded"],"picked":"Auto Shields","floor":5.0},{"not_picked":["Ball Lightning","Compile Driver"],"picked":"Darkness","floor":7.0},{"not_picked":["Ball Lightning","Rebound"],"picked":"Lockon","floor":8.0},{"not_picked":["Hello World","Barrage","Blizzard"],"picked":"SKIP","floor":10.0},{"not_picked":["Auto Shields","Stack"],"picked":"Rebound","floor":11.0},{"not_picked":["All For One","Rebound"],"picked":"Hologram","floor":14.0},{"not_picked":["Machine Learning","Fission"],"picked":"Creative AI","floor":16.0},{"not_picked":["Turbo","Coolheaded","Gash"],"picked":"SKIP","floor":18.0},{"not_picked":["Compile Driver","Self Repair"],"picked":"Steam+1","floor":20.0},{"not_picked":["Double Energy","Fusion","Scrape"],"picked":"SKIP","floor":21.0},{"not_picked":["Hologram+1","Hyperbeam"],"picked":"Biased Cognition","floor":24.0},{"not_picked":["Coolheaded","Stack+1"],"picked":"Defragment","floor":29.0},{"not_picked":["Redo","Cold Snap"],"picked":"Undo","floor":30.0},{"not_picked":["Amplify","Electrodynamics"],"picked":"Buffer","floor":33.0},{"not_picked":["Compile Driver","Sweeping Beam"],"picked":"Conserve Battery","floor":35.0},{"not_picked":["Lockon","Self Repair"],"picked":"Leap","floor":36.0},{"not_picked":["Gash+1","Static Discharge+1","Go for the Eyes"],"picked":"SKIP","floor":37.0},{"not_picked":["Consume","Leap","Capacitor"],"picked":"SKIP","floor":39.0}],"player_experience":723840,"relics_obtained":[{"floor":4.0,"key":"Shuriken"},{"floor":7.0,"key":"Centennial Puzzle"},{"floor":9.0,"key":"MawBank"},{"floor":24.0,"key":"Orichalcum"},{"floor":26.0,"key":"Anchor"}],"event_choices":[{"damage_healed":0.0,"max_hp_gain":0.0,"max_hp_loss":0.0,"gold_gain":0.0,"event_name":"Living Wall","player_choice":"Grow","floor":3.0,"gold_loss":0.0,"damage_taken":0.0,"cards_upgraded":["Darkness"]},{"damage_healed":0.0,"max_hp_gain":0.0,"max_hp_loss":0.0,"gold_gain":0.0,"event_name":"Lab","player_choice":"Got Potions","floor":19.0,"gold_loss":0.0,"damage_taken":0.0},{"damage_healed":0.0,"max_hp_gain":0.0,"max_hp_loss":0.0,"gold_gain":0.0,"cards_transformed":["Strike_B"],"event_name":"Transmorgrifier","player_choice":"Transformed","floor":22.0,"gold_loss":0.0,"damage_taken":0.0,"cards_obtained":["Genetic Algorithm"]},{"damage_healed":0.0,"max_hp_gain":0.0,"max_hp_loss":0.0,"gold_gain":0.0,"event_name":"Vampires","player_choice":"Ignored","floor":31.0,"gold_loss":0.0,"damage_taken":0.0},{"damage_healed":0.0,"max_hp_gain":0.0,"max_hp_loss":0.0,"gold_gain":0.0,"event_name":"The Moai Head","player_choice":"Ignored","floor":38.0,"gold_loss":0.0,"damage_taken":0.0}],"is_beta":false,"boss_relics":[{"not_picked":["Eternal Feather","Snecko Eye"],"picked":"Empty Cage"},{"not_picked":["Runic Dome","Philosopher\u0027s Stone"],"picked":"Cursed Key"}],"items_purged_floors":[13],"is_endless":false,"potions_floor_spawned":[1,5,11,16,20,21,30,36],"killed_by":"Nemesis","ascension_level":15}