{"gold_per_floor":[119,138,138,165,240,275,275,304,328,328,343,376,376],"floor_reached":13,"playtime":389,"items_purged":[],"score":202,"play_id":"6e1da8a8-9a39-4b4d-abdb-19468bc852b4","local_time":"20181029231508","is_ascension_mode":true,"campfire_choices":[{"floor":7,"key":"REST"},{"floor":10,"key":"REST"}],"neow_cost":"TEN_PERCENT_HP_LOSS","seed_source_timestamp":177592503336177,"circlet_count":0,"master_deck":["Strike_R","Strike_R","Strike_R","Strike_R","Strike_R","Defend_R+1","Defend_R+1","Defend_R","Defend_R","Bash","AscendersBane","Dramatic Entrance","Deep Breath","Headbutt","Rampage","Spot Weakness","Exhume","Sword Boomerang","Heavy Blade","Cleave"],"relics":["Burning Blood","GremlinMask","Potion Belt","War Paint","Gremlin Horn","Dream Catcher","Oddly Smooth Stone"],"potions_floor_usage":[8,12],"damage_taken":[{"damage":9,"enemies":"Jaw Worm","floor":1,"turns":3},{"damage":6,"enemies":"Cultist","floor":2,"turns":3},{"damage":32,"enemies":"Gremlin Nob","floor":6,"turns":4},{"damage":37,"enemies":"3 Sentries","floor":8,"turns":7},{"damage":4,"enemies":"Small Slimes","floor":11,"turns":3},{"damage":22,"enemies":"Lagavulin","floor":12,"turns":7},{"damage":35,"enemies":"Exordium Wildlife","floor":13,"turns":3}],"seed_played":"-2449759394118982187","potions_obtained":[{"floor":6,"key":"SkillPotion"},{"floor":8,"key":"Dexterity Potion"},{"floor":11,"key":"Strength Potion"}],"is_trial":false,"path_per_floor":["M","M","?","T","?","E","R","E","T","R","M","E"],"character_chosen":"IRONCLAD","items_purchased":[],"campfire_rested":2,"item_purchase_floors":[],"current_hp_per_floor":[65,65,65,65,54,28,48,17,17,37,39,23,0],"gold":376,"neow_bonus":"RANDOM_COLORLESS_2","is_prod":false,"is_daily":false,"chose_seed":false,"campfire_upgraded":0,"win_rate":0,"timestamp":1540880108,"path_taken":["M","M","?","?","?","E","R","E","T","R","M","E","M"],"build_version":"2018-10-25v2","purchased_purges":0,"victory":false,"max_hp_per_floor":[68,68,68,68,68,68,68,68,68,68,68,68,68],"card_choices":[{"not_picked":["Havoc","Rupture"],"picked":"Headbutt","floor":1},{"not_picked":["Warcry","Rupture"],"picked":"Rampage","floor":2},{"not_picked":["Intimidate","Clash"],"picked":"Spot Weakness","floor":6},{"not_picked":["Perfected Strike","Clash"],"picked":"Exhume","floor":8},{"not_picked":["Warcry","Dual Wield"],"picked":"Sword Boomerang","floor":10},{"not_picked":["Sword Boomerang","Perfected Strike"],"picked":"Heavy Blade","floor":11},{"not_picked":["Headbutt","Heavy Blade"],"picked":"Cleave","floor":12}],"player_experience":243615,"relics_obtained":[{"floor":4,"key":"Potion Belt"},{"floor":6,"key":"War Paint"},{"floor":8,"key":"Gremlin Horn"},{"floor":9,"key":"Dream Catcher"},{"floor":12,"key":"Oddly Smooth Stone"}],"event_choices":[{"damage_healed":0,"gold_gain":0,"player_choice":"Trade","damage_taken":0,"relics_obtained":["GremlinMask"],"max_hp_gain":0,"max_hp_loss":0,"event_name":"FaceTrader","floor":3,"gold_loss":0},{"damage_healed":0,"gold_gain":75,"player_choice":"Gather Gold","damage_taken":11,"max_hp_gain":0,"max_hp_loss":0,"event_name":"World of Goop","floor":5,"gold_loss":0}],"is_beta":false,"boss_relics":[],"items_purged_floors":[],"is_endless":false,"potions_floor_spawned":[6,8,11],"killed_by":"Exordium Wildlife","ascension_level":20}