{"gold_per_floor":[111,111,130,130,130,130,164,164,164,196,206,206,231,243,243,341,341,356,356,373,32,32,45,72,89,115,115,143,153,178,188,188,283,283,297,314,714,714,423,450,469,469,492,492,502,502,517,517],"floor_reached":48,"playtime":2383,"items_purged":["Defend_B","Decay"],"score":835,"play_id":"03e11166-9e9d-4248-8f09-675276dcaf22","local_time":"20190211024136","is_ascension_mode":true,"campfire_choices":[{"data":"Dualcast","floor":6.0,"key":"SMITH"},{"data":"Core Surge","floor":8.0,"key":"SMITH"},{"data":"Rainbow","floor":15.0,"key":"SMITH"},{"data":"Tempest","floor":27.0,"key":"SMITH"},{"data":"Fission","floor":32.0,"key":"SMITH"},{"floor":42,"key":"REST"},{"data":"Thunder Strike","floor":44,"key":"SMITH"}],"neow_cost":"PERCENT_DAMAGE","seed_source_timestamp":687917682366228,"circlet_count":0,"master_deck":["AscendersBane","Strike_B+1","Strike_B+1","Defend_B","Defend_B","Defend_B","Zap+1","Dualcast+1","Core Surge+1","Self Repair","Chill","Glacier","Rainbow+1","Thunder Strike+1","Fission+1","Tempest+1","Beam Cell","Glacier","Biased Cognition","White Noise+1","Melter","Doom and Gloom+1","Reboot","Streamline+1","Stack+1","Turbo","Doubt"],"special_seed":0,"relics":["Cracked Core","Mango","Whetstone","Ginger","Gambling Chip","Cursed Key","Frozen Eye","Unceasing Top","Ancient Tea Set","Dodecahedron","Orichalcum","White Beast Statue","Old Coin","Toy Ornithopter","Shovel","Potion Belt"],"potions_floor_usage":[],"damage_taken":[{"damage":7.0,"enemies":"Jaw Worm","floor":1.0,"turns":3.0},{"damage":7.0,"enemies":"Small Slimes","floor":3.0,"turns":3.0},{"damage":55.0,"enemies":"Gremlin Nob","floor":7.0,"turns":6.0},{"damage":8.0,"enemies":"Lagavulin","floor":10.0,"turns":9.0},{"damage":0.0,"enemies":"Cultist","floor":11.0,"turns":3.0},{"damage":12.0,"enemies":"3 Sentries","floor":13.0,"turns":10.0},{"damage":0.0,"enemies":"2 Fungi Beasts","floor":14.0,"turns":4.0},{"damage":28.0,"enemies":"Slime Boss","floor":16.0,"turns":9.0},{"damage":0.0,"enemies":"Spheric Guardian","floor":18.0,"turns":3.0},{"damage":0.0,"enemies":"Chosen","floor":20.0,"turns":4.0},{"damage":5.0,"enemies":"Snake Plant","floor":23.0,"turns":4.0},{"damage":11.0,"enemies":"Gremlin Leader","floor":24.0,"turns":5.0},{"damage":0.0,"enemies":"Centurion and Healer","floor":25.0,"turns":5.0},{"damage":12.0,"enemies":"Book of Stabbing","floor":28.0,"turns":4.0},{"damage":0.0,"enemies":"3 Cultists","floor":29.0,"turns":3.0},{"damage":23.0,"enemies":"Slavers","floor":30.0,"turns":4.0},{"damage":6.0,"enemies":"Shelled Parasite and Fungi","floor":31.0,"turns":5.0},{"damage":17.0,"enemies":"Automaton","floor":33.0,"turns":9.0},{"damage":0.0,"enemies":"3 Shapes","floor":35.0,"turns":3.0},{"damage":4.0,"enemies":"Orb Walker","floor":36.0,"turns":2.0},{"damage":10.0,"enemies":"Mind Bloom Boss Battle","floor":37.0,"turns":7.0},{"damage":59.0,"enemies":"Reptomancer","floor":40.0,"turns":10.0},{"damage":3,"enemies":"Writhing Mass","floor":41,"turns":4},{"damage":23,"enemies":"3 Darklings","floor":45,"turns":4},{"damage":8,"enemies":"Spire Growth","floor":47,"turns":4},{"damage":44,"enemies":"Nemesis","floor":48,"turns":7}],"seed_played":"-274247145582560635","potions_obtained":[{"floor":3.0,"key":"Dexterity Potion"},{"floor":16.0,"key":"Block Potion"},{"floor":18.0,"key":"AttackPotion"},{"floor":23.0,"key":"Strength Potion"},{"floor":30.0,"key":"Ancient Potion"},{"floor":33.0,"key":"Weak Potion"},{"floor":35.0,"key":"Dexterity Potion"},{"floor":37.0,"key":"FocusPotion"},{"floor":47,"key":"FocusPotion"}],"is_trial":false,"path_per_floor":["M","?","M","?","?","R","E","R","T","E","M","?","E","M","R","B",null,"M","?","M","$","?","M","E","M","T","R","E","M","E","M","R","B",null,"M","M","?","?","$","E","M","R","T","R","M","?","M","E"],"character_chosen":"DEFECT","items_purchased":["Glacier","Frozen Eye","Toy Ornithopter"],"campfire_rested":1,"item_purchase_floors":[21,21,39],"current_hp_per_floor":[43,36,36,61,61,61,27,27,27,26,33,33,28,35,35,14,70,77,77,84,84,76,78,74,81,81,81,76,83,67,68,68,58,81,88,89,86,86,86,27,24,50,50,50,34,34,33,0],"gold":517,"neow_bonus":"THREE_RARE_CARDS","is_prod":false,"is_daily":false,"chose_seed":false,"campfire_upgraded":6,"win_rate":0,"timestamp":1549849296,"path_taken":["M","?","M","?","?","R","E","R","T","E","?","?","E","M","R","BOSS","M","?","M","$","?","?","E","M","T","R","E","M","E","M","R","BOSS","M","M","?","?","$","E","M","R","T","R","?","?","?","E"],"build_version":"2019-01-23","purchased_purges":2,"victory":false,"max_hp_per_floor":[75,75,75,75,75,75,89,89,89,89,89,89,89,89,89,89,89,89,89,89,89,89,89,89,89,89,89,89,89,89,89,89,89,89,89,89,89,89,89,89,89,89,89,89,89,89,89,89],"card_choices":[{"not_picked":["Thunder Strike","Machine Learning"],"picked":"Core Surge","floor":0.0},{"not_picked":["Barrage","Rebound"],"picked":"Self Repair","floor":1.0},{"not_picked":["Hologram","Gash"],"picked":"Chill","floor":3.0},{"not_picked":["Double Energy","Steam"],"picked":"Glacier","floor":7.0},{"not_picked":["Compile Driver","Turbo"],"picked":"Rainbow","floor":10.0},{"not_picked":["Barrage","Hologram","Rebound"],"picked":"SKIP","floor":11.0},{"not_picked":["Stack","Compile Driver"],"picked":"Thunder Strike","floor":13.0},{"not_picked":["Gash","Steam","Ball Lightning"],"picked":"SKIP","floor":14.0},{"not_picked":["Biased Cognition","Meteor Strike"],"picked":"Fission","floor":16.0},{"not_picked":["Static Discharge","Coolheaded","Barrage"],"picked":"SKIP","floor":18.0},{"not_picked":["Turbo+1","Sweeping Beam"],"picked":"Beam Cell","floor":20.0},{"not_picked":["Go for the Eyes","Conserve Battery"],"picked":"Biased Cognition","floor":23.0},{"not_picked":["Barrage","Leap+1","Turbo"],"picked":"SKIP","floor":24.0},{"not_picked":["Coolheaded","Cold Snap","Lockon"],"picked":"SKIP","floor":25.0},{"not_picked":["Redo","Rebound"],"picked":"White Noise+1","floor":28.0},{"not_picked":["Barrage","Rebound"],"picked":"Melter","floor":29.0},{"not_picked":["Storm+1","Hologram"],"picked":"Doom and Gloom+1","floor":30.0},{"not_picked":["Leap","Compile Driver","Streamline"],"picked":"SKIP","floor":31.0},{"not_picked":["Multi-Cast","All For One"],"picked":"Reboot","floor":33.0},{"not_picked":["Streamline","Skim+1","Rebound"],"picked":"SKIP","floor":35.0},{"not_picked":["Rebound","Leap+1"],"picked":"Streamline+1","floor":36.0},{"not_picked":["Self Repair","Hologram"],"picked":"Stack+1","floor":37.0},{"not_picked":["Core Surge","Recycle"],"picked":"Turbo","floor":40.0},{"not_picked":["Compile Driver+1","Gash+1","Scrape"],"picked":"SKIP","floor":41},{"not_picked":["Barrage+1","Sweeping Beam","Melter+1"],"picked":"SKIP","floor":45},{"not_picked":["Conserve Battery","Stack","Leap"],"picked":"SKIP","floor":47}],"player_experience":1043764,"relics_obtained":[{"floor":7.0,"key":"Mango"},{"floor":9.0,"key":"Whetstone"},{"floor":10.0,"key":"Ginger"},{"floor":13.0,"key":"Gambling Chip"},{"floor":24.0,"key":"Unceasing Top"},{"floor":26.0,"key":"Ancient Tea Set"},{"floor":28.0,"key":"Dodecahedron"},{"floor":30.0,"key":"Orichalcum"},{"floor":37.0,"key":"Old Coin"},{"floor":40.0,"key":"Shovel"},{"floor":46,"key":"Potion Belt"}],"event_choices":[{"cards_removed":["Strike_B"],"damage_healed":0.0,"max_hp_gain":0.0,"max_hp_loss":0.0,"gold_gain":0.0,"event_name":"Golden Wing","player_choice":"Card Removal","floor":2.0,"gold_loss":0.0,"damage_taken":7.0},{"damage_healed":25.0,"max_hp_gain":0.0,"max_hp_loss":0.0,"gold_gain":0.0,"event_name":"Big Fish","player_choice":"Banana","floor":4.0,"gold_loss":0.0,"damage_taken":0.0},{"damage_healed":0.0,"max_hp_gain":0.0,"max_hp_loss":0.0,"gold_gain":0.0,"event_name":"Upgrade Shrine","player_choice":"Upgraded","floor":5.0,"gold_loss":0.0,"damage_taken":0.0,"cards_upgraded":["Zap"]},{"cards_removed":["Strike_B"],"damage_healed":0.0,"max_hp_gain":0.0,"max_hp_loss":0.0,"gold_gain":0.0,"event_name":"Living Wall","player_choice":"Forget","floor":12.0,"gold_loss":0.0,"damage_taken":0.0},{"damage_healed":0.0,"max_hp_gain":0.0,"max_hp_loss":0.0,"gold_gain":0.0,"event_name":"The Library","player_choice":"Read","floor":19.0,"gold_loss":0.0,"damage_taken":0.0,"cards_obtained":["Tempest"]},{"damage_healed":0.0,"max_hp_gain":0.0,"max_hp_loss":0.0,"gold_gain":0.0,"event_name":"Knowing Skull","player_choice":"","floor":22.0,"potions_obtained":[],"gold_loss":0.0,"damage_taken":8.0,"cards_obtained":[]},{"damage_healed":0.0,"max_hp_gain":0.0,"max_hp_loss":0.0,"gold_gain":0.0,"event_name":"MindBloom","player_choice":"Fight","floor":37.0,"gold_loss":0.0,"damage_taken":0.0},{"damage_healed":0.0,"max_hp_gain":0.0,"max_hp_loss":0.0,"gold_gain":0.0,"event_name":"Lab","player_choice":"Got Potions","floor":38.0,"gold_loss":0.0,"damage_taken":0.0},{"damage_healed":0,"gold_gain":0,"player_choice":"Relic","damage_taken":0,"max_hp_gain":0,"max_hp_loss":0,"event_name":"Wheel of Change","floor":46,"gold_loss":0}],"is_beta":false,"boss_relics":[{"not_picked":["Eternal Feather","Tiny House"],"picked":"Cursed Key"},{"not_picked":["Philosopher\u0027s Stone","Velvet Choker"],"picked":"White Beast Statue"}],"items_purged_floors":[21,39],"is_endless":false,"potions_floor_spawned":[3,16,18,23,24,30,33,35,36,37,40,41,45,47],"killed_by":"Nemesis","ascension_level":10}