{"gold_per_floor":[114,131,131,150,175,175,213,213,238,263,263,287,302,315,315,446,446,467,13,33,33,54,54,72,115,115,115,128,50,73,89,89,215,215,228,228,228,353,372,410,437,449,508,30,30,30,53,53,53,53],"floor_reached":51,"playtime":5358,"items_purged":["Strike_G"],"score":828,"play_id":"1efea0a4-01e9-40f3-8ceb-79ad01f36ff1","local_time":"20190217100029","is_ascension_mode":false,"campfire_choices":[{"floor":6,"key":"REST"},{"data":"Footwork","floor":8,"key":"SMITH"},{"data":"Backflip","floor":11,"key":"SMITH"},{"data":"Neutralize","floor":15,"key":"SMITH"},{"floor":23,"key":"REST"},{"floor":27,"key":"REST"},{"floor":32,"key":"REST"},{"floor":42,"key":"REST"},{"floor":49,"key":"REST"}],"neow_cost":"NONE","seed_source_timestamp":144081093988778,"circlet_count":0,"master_deck":["Defend_G","Defend_G","Defend_G","Defend_G","Defend_G","Strike_G","Strike_G","Strike_G","Survivor","Neutralize+1","Dagger Spray","Dodge and Roll","Deadly Poison","Footwork+1","Predator","Backflip+1","Catalyst","Deadly Poison","Tools of the Trade","Burst","Deflect+1","Catalyst","Footwork","Calculated Gamble","Caltrops+1","Ghostly","Ghostly","Ghostly","Ghostly","Ghostly","Skewer","PiercingWail","Backflip","Catalyst","A Thousand Cuts","Blur","Bullet Time","Dodge and Roll","Bane","Leg Sweep","Acrobatics","Backflip","Noxious Fumes","Corpse Explosion","Deadly Poison+1","Adrenaline+1"],"relics":["Ring of the Snake","Happy Flower","Golden Idol","Snake Skull","Oddly Smooth Stone","Fusion Hammer","Ancient Tea Set","Juzu Bracelet","Ninja Scroll","Busted Crown","Calipers","MawBank","Dream Catcher","Toxic Egg 2"],"potions_floor_usage":[7,16,25,39,50,50,50,50],"damage_taken":[{"damage":4,"enemies":"Cultist","floor":1,"turns":5},{"damage":0,"enemies":"2 Louse","floor":2,"turns":3},{"damage":1,"enemies":"Small Slimes","floor":4,"turns":4},{"damage":0,"enemies":"Blue Slaver","floor":5,"turns":4},{"damage":19,"enemies":"Lagavulin","floor":7,"turns":8},{"damage":2,"enemies":"3 Louse","floor":10,"turns":3},{"damage":0,"enemies":"Exordium Wildlife","floor":12,"turns":3},{"damage":0,"enemies":"Exordium Thugs","floor":13,"turns":4},{"damage":8,"enemies":"Lots of Slimes","floor":14,"turns":2},{"damage":21,"enemies":"The Guardian","floor":16,"turns":7},{"damage":10,"enemies":"Chosen","floor":18,"turns":5},{"damage":0,"enemies":"Shell Parasite","floor":20,"turns":4},{"damage":1,"enemies":"Centurion and Healer","floor":22,"turns":8},{"damage":0,"enemies":"Snake Plant","floor":24,"turns":3},{"damage":4,"enemies":"Slavers","floor":25,"turns":7},{"damage":0,"enemies":"Shelled Parasite and Fungi","floor":28,"turns":6},{"damage":1,"enemies":"Chosen and Byrds","floor":30,"turns":4},{"damage":0,"enemies":"Snake Plant","floor":31,"turns":4},{"damage":0,"enemies":"Automaton","floor":33,"turns":9},{"damage":0,"enemies":"3 Darklings","floor":35,"turns":12},{"damage":1,"enemies":"Mind Bloom Boss Battle","floor":38,"turns":7},{"damage":0,"enemies":"Orb Walker","floor":39,"turns":3},{"damage":20,"enemies":"Giant Head","floor":40,"turns":9},{"damage":2,"enemies":"3 Darklings","floor":41,"turns":7},{"damage":5,"enemies":"Sphere and 2 Shapes","floor":47,"turns":7},{"damage":0,"enemies":"Awakened One","floor":50,"turns":12}],"seed_played":"-5558052645210939929","potions_obtained":[{"floor":4,"key":"EssenceOfSteel"},{"floor":5,"key":"SteroidPotion"},{"floor":7,"key":"EntropicBrew"},{"floor":13,"key":"Explosive Potion"},{"floor":22,"key":"Block Potion"},{"floor":28,"key":"SkillPotion"},{"floor":35,"key":"FairyPotion"},{"floor":38,"key":"Fire Potion"},{"floor":40,"key":"LiquidBronze"}],"is_trial":false,"path_per_floor":["M","?","?","?","?","?","?","?","?"],"character_chosen":"THE_SILENT","items_purchased":["Catalyst","Footwork","Calculated Gamble","Ancient Tea Set","Catalyst","Noxious Fumes","Corpse Explosion","Toxic Egg 2","Deadly Poison+1"],"campfire_rested":6,"item_purchase_floors":[19,19,19,19,29,44,44,44,44],"current_hp_per_floor":[66,66,49,48,48,69,50,50,50,48,48,48,48,40,40,19,70,60,60,60,35,34,35,35,31,31,35,35,35,34,34,35,35,35,35,35,35,34,34,14,12,22,22,22,22,22,17,17,27,27],"gold":53,"neow_bonus":"RANDOM_COMMON_RELIC","is_prod":false,"is_daily":false,"chose_seed":false,"campfire_upgraded":3,"win_rate":0.0,"timestamp":1550422829,"path_taken":["M","?","?","M","M","R","E","R","T","M","R","M","M","M","R","BOSS","M","$","M","?","M","R","M","E","T","R","M","$","M","M","R","BOSS","M","?","?","?","M","E","M","R","T","$","?","?","M","?","R","BOSS"],"build_version":"2019-01-23","purchased_purges":1,"victory":true,"max_hp_per_floor":[70,70,70,70,70,70,70,70,70,70,70,70,70,70,70,70,70,70,70,70,35,35,35,35,35,35,35,35,35,35,35,35,35,35,35,35,35,35,35,35,35,35,35,35,35,35,35,35,35,35],"card_choices":[{"not_picked":["Bane","Poisoned Stab"],"picked":"Dagger Spray","floor":1},{"not_picked":["Dagger Throw","Choke"],"picked":"Dodge and Roll","floor":2},{"not_picked":["Dagger Spray","Expertise"],"picked":"Deadly Poison","floor":4},{"not_picked":["Calculated Gamble","Masterful Stab"],"picked":"Footwork","floor":5},{"not_picked":["Bane","Prepared"],"picked":"Predator","floor":7},{"not_picked":["PiercingWail","Backstab"],"picked":"Backflip","floor":10},{"not_picked":["Riddle With Holes","Backflip"],"picked":"Catalyst","floor":12},{"not_picked":["Tactician","Acrobatics"],"picked":"Deadly Poison","floor":13},{"not_picked":["Outmaneuver","Masterful Stab"],"picked":"Tools of the Trade","floor":14},{"not_picked":["Wraith Form v2","Venomology"],"picked":"Burst","floor":16},{"not_picked":["Dagger Throw+1","Poisoned Stab+1"],"picked":"Deflect+1","floor":18},{"not_picked":["Blade Dance","Dagger Throw+1"],"picked":"Caltrops+1","floor":20},{"not_picked":["Eviscerate","Finisher","Quick Slash"],"picked":"SKIP","floor":22},{"not_picked":["Backflip","Caltrops"],"picked":"Skewer","floor":24},{"not_picked":["Bane","Outmaneuver+1"],"picked":"PiercingWail","floor":25},{"not_picked":["Choke+1","Endless Agony"],"picked":"Backflip","floor":28},{"not_picked":["Deflect+1","Slice"],"picked":"A Thousand Cuts","floor":30},{"not_picked":["Footwork","Dodge and Roll"],"picked":"Blur","floor":31},{"not_picked":["Glass Knife","Adrenaline"],"picked":"Bullet Time","floor":33},{"not_picked":[],"picked":"Dodge and Roll","floor":35},{"not_picked":[],"picked":"Bane","floor":38},{"not_picked":[],"picked":"Leg Sweep","floor":39},{"not_picked":[],"picked":"Acrobatics","floor":40},{"not_picked":[],"picked":"Backflip","floor":41},{"not_picked":[],"picked":"Adrenaline+1","floor":47}],"player_experience":14601,"relics_obtained":[{"floor":7,"key":"Snake Skull"},{"floor":9,"key":"Oddly Smooth Stone"},{"floor":25,"key":"Juzu Bracelet"},{"floor":26,"key":"Ninja Scroll"},{"floor":38,"key":"Calipers"},{"floor":40,"key":"MawBank"},{"floor":43,"key":"Dream Catcher"}],"event_choices":[{"damage_healed":0,"gold_gain":0,"player_choice":"Take Damage","damage_taken":17,"relics_obtained":["Golden Idol"],"max_hp_gain":0,"max_hp_loss":0,"event_name":"Golden Idol","floor":3,"gold_loss":0},{"damage_healed":0,"gold_gain":0,"player_choice":"Became a Ghost","damage_taken":0,"max_hp_gain":0,"max_hp_loss":35,"event_name":"Ghosts","floor":21,"gold_loss":0,"cards_obtained":["Ghostly","Ghostly","Ghostly","Ghostly","Ghostly"]},{"damage_healed":0,"gold_gain":0,"player_choice":"Memory 1","damage_taken":0,"max_hp_gain":0,"max_hp_loss":0,"event_name":"SensoryStone","floor":36,"gold_loss":0},{"damage_healed":0,"gold_gain":0,"player_choice":"Ignored","damage_taken":0,"max_hp_gain":0,"max_hp_loss":0,"event_name":"Tomb of Lord Red Mask","floor":37,"gold_loss":0},{"damage_healed":0,"gold_gain":0,"player_choice":"Fight","damage_taken":0,"max_hp_gain":0,"max_hp_loss":0,"event_name":"MindBloom","floor":38,"gold_loss":0},{"damage_healed":0,"gold_gain":0,"player_choice":"Ignored","damage_taken":0,"max_hp_gain":0,"max_hp_loss":0,"event_name":"Mysterious Sphere","floor":45,"gold_loss":0},{"damage_healed":0,"gold_gain":0,"player_choice":"Ignored","damage_taken":0,"max_hp_gain":0,"max_hp_loss":0,"event_name":"The Moai Head","floor":46,"gold_loss":0},{"cards_removed":["Strike_G"],"damage_healed":0,"gold_gain":0,"player_choice":"Removed Attack","damage_taken":0,"max_hp_gain":0,"max_hp_loss":0,"event_name":"Falling","floor":48,"gold_loss":0}],"is_beta":false,"boss_relics":[{"not_picked":["Astrolabe","Philosopher\u0027s Stone"],"picked":"Fusion Hammer"},{"not_picked":["Runic Dome","Empty Cage"],"picked":"Busted Crown"}],"items_purged_floors":[19],"is_endless":false,"potions_floor_spawned":[4,5,7,13,22,24,28,31,35,38,40],"ascension_level":0}