{"gold_per_floor":[118,134,134,56,56,56,87,107,156,156,176,192,242,256,256,256],"floor_reached":16,"playtime":459,"items_purged":[],"score":194,"play_id":"5a973792-d8b7-4723-aefc-28a691f3f318","local_time":"20181010113910","is_ascension_mode":true,"campfire_choices":[{"data":"Defragment","floor":6,"key":"SMITH"},{"data":"Zap","floor":10,"key":"SMITH"},{"data":"Chaos","floor":15,"key":"SMITH"}],"neow_cost":"NONE","seed_source_timestamp":996843156412461,"circlet_count":0,"master_deck":["Strike_B","Strike_B","Strike_B","Strike_B","Defend_B","Defend_B","Defend_B","Defend_B","Zap+1","Dualcast","AscendersBane","Seek","Rebound","Defragment+1","Sweeping Beam","Auto Shields","Storm","Chaos+1"],"relics":["Cracked Core","FaceOfCleric","Orichalcum","Dream Catcher"],"potions_floor_usage":[7,14,16],"damage_taken":[{"damage":4,"enemies":"Jaw Worm","floor":1,"turns":4},{"damage":0,"enemies":"Cultist","floor":2,"turns":2},{"damage":30,"enemies":"Lagavulin","floor":7,"turns":7},{"damage":0,"enemies":"Small Slimes","floor":8,"turns":2},{"damage":2,"enemies":"2 Fungi Beasts","floor":11,"turns":3},{"damage":1,"enemies":"Exordium Wildlife","floor":12,"turns":3},{"damage":2,"enemies":"3 Louse","floor":14,"turns":3},{"damage":41,"enemies":"Slime Boss","floor":16,"turns":7}],"seed_played":"3075469107985390138","potions_obtained":[{"floor":1,"key":"AttackPotion"},{"floor":7,"key":"Block Potion"},{"floor":8,"key":"SneckoOil"}],"is_trial":false,"path_per_floor":["M","M","?","$","?","R","E","M","T","R","M","M","?","M","R"],"character_chosen":"DEFECT","items_purchased":["Defragment"],"campfire_rested":0,"item_purchase_floors":[4],"current_hp_per_floor":[60,60,71,71,71,71,42,43,43,43,42,42,42,41,41,0],"gold":256,"neow_bonus":"ONE_RANDOM_RARE_CARD","is_prod":false,"is_daily":false,"chose_seed":false,"campfire_upgraded":3,"win_rate":0,"timestamp":1539164350,"path_taken":["M","M","?","$","?","R","E","M","T","R","M","?","?","M","R","BOSS"],"build_version":"2018-10-04v2","purchased_purges":0,"victory":false,"max_hp_per_floor":[71,71,71,71,71,71,72,73,73,73,74,75,75,76,76,76],"card_choices":[{"not_picked":["Aggregate","Stack"],"picked":"Rebound","floor":1},{"not_picked":["Static Discharge","Blizzard"],"picked":"Chill","floor":2},{"not_picked":["Force Field","Turbo"],"picked":"Sweeping Beam","floor":7},{"not_picked":["Doom and Gloom","Beam Cell"],"picked":"Auto Shields","floor":8},{"not_picked":["Reinforced Body","Rebound"],"picked":"Storm","floor":11},{"not_picked":["Compile Driver","Rebound"],"picked":"Chaos","floor":12},{"not_picked":["Genetic Algorithm","Leap","Skim"],"picked":"SKIP","floor":14}],"player_experience":818423,"relics_obtained":[{"floor":7,"key":"Orichalcum"},{"floor":9,"key":"Dream Catcher"}],"event_choices":[{"event_name":"Bonfire Elementals","player_choice":"UNCOMMON","floor":3,"damage_taken":0},{"event_name":"FaceTrader","player_choice":"Trade","floor":5,"damage_taken":0},{"event_name":"Golden Shrine","player_choice":"Pray","floor":13,"damage_taken":0}],"is_beta":false,"boss_relics":[],"items_purged_floors":[],"is_endless":false,"potions_floor_spawned":[1,7,8],"killed_by":"Slime Boss","ascension_level":18}