{"gold_per_floor":[117,37,51,65,79,79,94,94,94,107,122,122,122,153,153,228,228,242,242,157,157,168,168,201,201,201,201,201,201,70,100,100,174,174,189,199,215,215,226,226,226],"floor_reached":41,"playtime":1425,"items_purged":["Shame"],"score":1012,"play_id":"61c85da1-d085-40a0-b101-f297b2ce9995","local_time":"20190128205357","is_ascension_mode":true,"campfire_choices":[{"data":"Carnage","floor":6,"key":"SMITH"},{"data":"Dramatic Entrance","floor":8,"key":"SMITH"},{"data":"Bash","floor":13,"key":"SMITH"},{"data":"Iron Wave","floor":15,"key":"SMITH"},{"data":"Metallicize","floor":23,"key":"SMITH"},{"data":"Body Slam","floor":27,"key":"SMITH"},{"data":"Headbutt","floor":29,"key":"SMITH"},{"data":"Double Tap","floor":32,"key":"SMITH"},{"floor":40,"key":"REST"}],"neow_cost":"NONE","seed_source_timestamp":1647144911616929,"circlet_count":0,"master_deck":["AscendersBane","Strike_R","Strike_R","Strike_R","Strike_R","Strike_R","Defend_R","Defend_R","Defend_R","Bash+1","Dramatic Entrance+1","Iron Wave+1","Carnage+1","Headbutt+1","Shrug It Off","Metallicize+1","Battle Trance","Offering","Seeing Red+1","Body Slam+1","Writhe","Double Tap+1","Immolate","Bandage Up"],"relics":["Burning Blood","Dead Branch","Ornamental Fan","Cursed Key","MutagenicStrength","Unceasing Top","Happy Flower","Orichalcum","Anchor","Nilry\u0027s Codex","Vajra","Eternal Feather"],"potions_floor_usage":[16,24,31,33,33,41],"damage_taken":[{"damage":9,"enemies":"Jaw Worm","floor":1,"turns":5},{"damage":7,"enemies":"Small Slimes","floor":3,"turns":2},{"damage":3,"enemies":"2 Louse","floor":4,"turns":2},{"damage":1,"enemies":"2 Fungi Beasts","floor":5,"turns":4},{"damage":8,"enemies":"3 Louse","floor":7,"turns":2},{"damage":0,"enemies":"Blue Slaver","floor":10,"turns":3},{"damage":0,"enemies":"Looter","floor":11,"turns":2},{"damage":4,"enemies":"3 Sentries","floor":14,"turns":5},{"damage":6,"enemies":"Slime Boss","floor":16,"turns":3},{"damage":6,"enemies":"Chosen","floor":18,"turns":2},{"damage":6,"enemies":"2 Thieves","floor":22,"turns":2},{"damage":0,"enemies":"Gremlin Leader","floor":24,"turns":4},{"damage":6,"enemies":"Slavers","floor":31,"turns":4},{"damage":47,"enemies":"Champ","floor":33,"turns":6},{"damage":9,"enemies":"3 Shapes","floor":35,"turns":1},{"damage":5,"enemies":"Orb Walker","floor":36,"turns":3},{"damage":46,"enemies":"4 Shapes","floor":37,"turns":3},{"damage":8,"enemies":"Sphere and 2 Shapes","floor":39,"turns":7},{"damage":60,"enemies":"Reptomancer","floor":41,"turns":6}],"seed_played":"7581384499877644413","potions_obtained":[{"floor":3,"key":"SteroidPotion"},{"floor":4,"key":"Poison Potion"},{"floor":16,"key":"Explosive Potion"},{"floor":31,"key":"SteroidPotion"},{"floor":35,"key":"LiquidBronze"},{"floor":36,"key":"Weak Potion"},{"floor":37,"key":"Strength Potion"}],"is_trial":false,"path_per_floor":["M","$","M","M","M","R","M","R","T","M","M","?","R","E","R","B",null,"M","?","?","?","M","R","E","T","T","R","?","R","$","E","R","B",null,"M","M","M","?","M","R","E"],"character_chosen":"IRONCLAD","items_purchased":["Carnage","Energy Potion"],"campfire_rested":1,"item_purchase_floors":[2,30],"current_hp_per_floor":[65,65,64,67,72,72,70,70,70,75,75,68,68,70,70,70,74,74,74,74,74,74,74,75,75,75,75,54,54,54,54,54,13,60,57,58,18,18,20,54,0],"gold":226,"neow_bonus":"RANDOM_COLORLESS","is_prod":false,"is_daily":false,"chose_seed":false,"campfire_upgraded":8,"win_rate":0,"timestamp":1548705237,"path_taken":["M","$","M","M","M","R","M","R","T","M","M","?","R","E","R","BOSS","M","?","?","?","?","R","E","?","T","R","?","R","$","E","R","BOSS","M","M","M","?","M","R","E"],"build_version":"2019-01-23","purchased_purges":1,"victory":false,"max_hp_per_floor":[75,75,75,75,75,75,75,75,75,75,75,75,75,75,75,75,75,75,75,75,75,75,75,75,75,75,75,75,75,75,75,75,75,75,75,75,75,75,75,75,75],"card_choices":[{"not_picked":["Anger","Body Slam"],"picked":"Iron Wave","floor":1},{"not_picked":["Warcry","Heavy Blade"],"picked":"Headbutt","floor":3},{"not_picked":["Pommel Strike","Iron Wave"],"picked":"Shrug It Off","floor":4},{"not_picked":["Iron Wave","True Grit"],"picked":"Metallicize","floor":5},{"not_picked":["Pummel","Intimidate"],"picked":"Battle Trance","floor":7},{"not_picked":["Warcry","Perfected Strike","Clothesline"],"picked":"SKIP","floor":10},{"not_picked":["Flame Barrier","True Grit","Heavy Blade"],"picked":"SKIP","floor":11},{"not_picked":["Rage","Bloodletting"],"picked":"Offering","floor":14},{"not_picked":["True Grit","Armaments","Infernal Blade"],"picked":"SKIP","floor":18},{"not_picked":["Pommel Strike+1","Dropkick"],"picked":"Seeing Red+1","floor":22},{"not_picked":["Wild Strike+1","Thunderclap"],"picked":"Body Slam","floor":24},{"not_picked":["Headbutt","Pommel Strike"],"picked":"Double Tap","floor":31},{"not_picked":["Feed","Dark Embrace"],"picked":"Immolate","floor":33},{"not_picked":["Armaments","Shrug It Off","Shockwave"],"picked":"SKIP","floor":35},{"not_picked":["Sentinel+1","Dropkick","Inflame"],"picked":"SKIP","floor":36},{"not_picked":["Rage","Blood for Blood","Ghostly Armor"],"picked":"SKIP","floor":37},{"not_picked":["Deep Breath","PanicButton"],"picked":"Bandage Up","floor":38},{"not_picked":["Armaments","Perfected Strike","Spot Weakness"],"picked":"SKIP","floor":39}],"player_experience":965023,"relics_obtained":[{"floor":9,"key":"Dead Branch"},{"floor":14,"key":"Ornamental Fan"},{"floor":24,"key":"Happy Flower"},{"floor":25,"key":"Orichalcum"},{"floor":26,"key":"Anchor"},{"floor":28,"key":"Nilry\u0027s Codex"},{"floor":31,"key":"Vajra"}],"event_choices":[{"cards_removed":["Defend_R"],"damage_healed":0,"gold_gain":0,"player_choice":"Card Removal","damage_taken":7,"max_hp_gain":0,"max_hp_loss":0,"event_name":"Golden Wing","floor":12,"gold_loss":0},{"damage_healed":0,"gold_gain":0,"player_choice":"Inject Mutagens","damage_taken":0,"relics_obtained":["MutagenicStrength"],"max_hp_gain":0,"max_hp_loss":0,"event_name":"Drug Dealer","floor":19,"gold_loss":0},{"damage_healed":0,"gold_gain":0,"player_choice":"Obtained Relic","damage_taken":0,"relics_obtained":["Unceasing Top"],"max_hp_gain":0,"max_hp_loss":0,"event_name":"Addict","floor":20,"gold_loss":85},{"damage_healed":0,"gold_gain":0,"player_choice":"Ignored","damage_taken":0,"max_hp_gain":0,"max_hp_loss":0,"event_name":"Ghosts","floor":21,"gold_loss":0},{"damage_healed":0,"gold_gain":0,"player_choice":"Obtained Book","damage_taken":21,"max_hp_gain":0,"max_hp_loss":0,"event_name":"Cursed Tome","floor":28,"gold_loss":0},{"damage_healed":0,"gold_gain":0,"player_choice":"Memory 1","damage_taken":0,"max_hp_gain":0,"max_hp_loss":0,"event_name":"SensoryStone","floor":38,"gold_loss":0}],"is_beta":false,"boss_relics":[{"not_picked":["Philosopher\u0027s Stone","Fusion Hammer"],"picked":"Cursed Key"},{"not_picked":["Runic Cube","Calling Bell"],"picked":"Eternal Feather"}],"items_purged_floors":[30],"is_endless":false,"potions_floor_spawned":[3,4,5,14,16,31,35,36,37],"killed_by":"Reptomancer","ascension_level":20}