{"gold_per_floor":[110,120,120,143,93,122,122,139,216,216,232,232,242,262,262,366,366,384,397,415,272,289,289,309,309,336,348,273,373,206,221,221,325,325,338,358,358,376,386,386,400,418,418,418,418,418,448,99,99,99,99,99,47,82,82],"floor_reached":56,"playtime":4916,"items_purged":["Steam Power","Dualcast+1","Madness"],"score":1213,"play_id":"2791644a-6112-41e7-ade7-709319b3ef7f","local_time":"20181214182657","is_ascension_mode":false,"campfire_choices":[{"data":"Zap","floor":7,"key":"SMITH"},{"data":"Dualcast","floor":10,"key":"SMITH"},{"data":"Recycle","floor":15,"key":"SMITH"},{"data":"Capacitor","floor":23,"key":"SMITH"},{"data":"Defragment","floor":25,"key":"SMITH"},{"data":"Defragment","floor":32,"key":"SMITH"},{"data":"Cold Snap","floor":40,"key":"SMITH"},{"floor":44,"key":"RECALL"},{"data":"Loop","floor":49,"key":"SMITH"},{"data":"Echo Form","floor":52,"key":"SMITH"}],"neow_cost":"NONE","seed_source_timestamp":616464162964118,"circlet_count":0,"master_deck":["Zap+1","Coolheaded+1","Cold Snap+1","Recycle+1","Echo Form+1","Skim","Defragment+1","Reinforced Body","Defragment+1","Streamline","Chill+1","Capacitor+1","Conserve Battery+1","Loop+1","Echo Form","Madness","Capacitor","Defragment+1","Coolheaded+1"],"relics":["Cracked Core","NeowsBlessing","Bag of Preparation","Matryoshka","Darkstone Periapt","Pandora\u0027s Box","DataDisk","Blood Vial","Torii","Sundial","Snecko Eye","Bottled Lightning","Regal Pillow","DollysMirror","Ginger"],"potions_floor_usage":[38,50,55,55,55],"damage_taken":[{"damage":0,"enemies":"Jaw Worm","floor":1,"turns":1},{"damage":0,"enemies":"2 Louse","floor":2,"turns":1},{"damage":0,"enemies":"Gremlin Nob","floor":6,"turns":1},{"damage":0,"enemies":"Cultist","floor":8,"turns":2},{"damage":0,"enemies":"Blue Slaver","floor":11,"turns":3},{"damage":0,"enemies":"2 Fungi Beasts","floor":13,"turns":4},{"damage":9,"enemies":"Exordium Wildlife","floor":14,"turns":4},{"damage":32,"enemies":"Slime Boss","floor":16,"turns":13},{"damage":8,"enemies":"Shell Parasite","floor":18,"turns":6},{"damage":4,"enemies":"Chosen","floor":19,"turns":6},{"damage":9,"enemies":"Centurion and Healer","floor":20,"turns":6},{"damage":0,"enemies":"Cultist and Chosen","floor":22,"turns":8},{"damage":0,"enemies":"3 Cultists","floor":24,"turns":6},{"damage":0,"enemies":"Sentry and Sphere","floor":27,"turns":6},{"damage":4,"enemies":"Colosseum Slavers","floor":29,"turns":5},{"damage":18,"enemies":"Colosseum Nobs","floor":29,"turns":8},{"damage":0,"enemies":"Centurion and Healer","floor":31,"turns":5},{"damage":0,"enemies":"Automaton","floor":33,"turns":11},{"damage":4,"enemies":"3 Shapes","floor":35,"turns":5},{"damage":0,"enemies":"3 Darklings","floor":36,"turns":5},{"damage":1,"enemies":"Transient","floor":38,"turns":5},{"damage":0,"enemies":"Writhing Mass","floor":39,"turns":6},{"damage":0,"enemies":"Maw","floor":41,"turns":7},{"damage":1,"enemies":"Transient","floor":42,"turns":5},{"damage":11,"enemies":"Reptomancer","floor":47,"turns":9},{"damage":42,"enemies":"Awakened One","floor":50,"turns":12},{"damage":3,"enemies":"Shield and Spear","floor":54,"turns":9},{"damage":52,"enemies":"The Heart","floor":55,"turns":10}],"seed_played":"-6929551140805010266","potions_obtained":[{"floor":2,"key":"AttackPotion"},{"floor":14,"key":"GamblersBrew"},{"floor":16,"key":"Energy Potion"},{"floor":18,"key":"FearPotion"},{"floor":29,"key":"Energy Potion"},{"floor":39,"key":"PowerPotion"}],"is_trial":false,"path_per_floor":["M","M","?","T","?","E","R","M","T","R","M","?","M","M","R","B",null,"M","M","M","$","M","R","M","R","T","M","?","?","$","M","R","B",null,"M","M","?","M","M","R","M","M","T","R","?","?","E","$","R","B",null,"R","$","E","B",null],"character_chosen":"DEFECT","items_purchased":["Capacitor","Loop","Capacitor","DollysMirror","Weak Potion"],"campfire_rested":0,"item_purchase_floors":[21,30,48,48,53],"current_hp_per_floor":[75,75,75,75,75,75,75,75,75,75,75,75,75,66,66,34,75,67,63,54,54,54,54,54,54,54,56,56,38,38,40,40,42,75,71,73,64,65,67,67,69,70,70,70,70,70,61,61,61,21,75,75,75,72,22],"gold":82,"neow_bonus":"THREE_ENEMY_KILL","is_prod":false,"is_daily":false,"chose_seed":false,"campfire_upgraded":9,"win_rate":0,"timestamp":1544830017,"path_taken":["M","M","?","?","?","E","R","M","T","R","M","?","M","?","R","BOSS","M","M","M","$","M","R","M","R","T","M","?","?","?","?","R","BOSS","M","M","?","M","M","R","M","M","T","R","?","?","E","?","R","BOSS","R","$","E","BOSS"],"build_version":"2018-12-13","purchased_purges":3,"victory":true,"max_hp_per_floor":[75,75,75,75,75,75,75,75,75,75,75,75,75,75,75,75,75,75,75,75,75,75,75,75,75,75,75,75,75,75,75,75,75,75,75,75,75,75,75,75,75,75,75,75,75,75,75,75,75,75,75,75,75,75,75],"card_choices":[{"not_picked":["Barrage","Stack"],"picked":"Cold Snap","floor":1},{"not_picked":["Go for the Eyes","Darkness"],"picked":"Skim","floor":2},{"not_picked":["BootSequence","Ball Lightning"],"picked":"Coolheaded","floor":6},{"not_picked":["Stack","Fusion","Rip and Tear"],"picked":"SKIP","floor":8},{"not_picked":["Conserve Battery","Turbo","Rebound"],"picked":"SKIP","floor":11},{"not_picked":["Compile Driver","Beam Cell"],"picked":"Cold Snap","floor":13},{"not_picked":["Scrape","Sweeping Beam"],"picked":"Recycle","floor":14},{"not_picked":["Electrodynamics","Meteor Strike"],"picked":"Echo Form","floor":16},{"not_picked":["Barrage+1","Storm"],"picked":"Chill+1","floor":18},{"not_picked":["Barrage","Fusion+1","Rebound+1"],"picked":"SKIP","floor":19},{"not_picked":["Turbo+1","Rebound+1","Melter"],"picked":"SKIP","floor":20},{"not_picked":["Darkness+1","Go for the Eyes"],"picked":"Conserve Battery+1","floor":22},{"not_picked":["Conserve Battery","Thunder Strike","Stack"],"picked":"SKIP","floor":24},{"not_picked":["Leap+1","Redo","Recycle"],"picked":"SKIP","floor":27},{"not_picked":["Turbo","Streamline","Chaos"],"picked":"SKIP","floor":31},{"not_picked":["Creative AI","Thunder Strike"],"picked":"Echo Form","floor":33},{"not_picked":["Turbo+1","FTL+1","Genetic Algorithm+1"],"picked":"SKIP","floor":35},{"not_picked":["Cold Snap","Hologram+1","Lockon"],"picked":"SKIP","floor":36},{"not_picked":["Streamline","Hello World+1","Redo+1"],"picked":"SKIP","floor":38},{"not_picked":["Streamline","Hello World+1","Redo+1"],"picked":"SKIP","floor":38},{"not_picked":["Core Surge","Beam Cell+1","Cold Snap"],"picked":"SKIP","floor":39},{"not_picked":["Steam","Hologram+1","Fusion"],"picked":"SKIP","floor":41},{"not_picked":["Darkness+1","Tempest+1","Beam Cell"],"picked":"SKIP","floor":42},{"not_picked":["Ball Lightning","Cold Snap","Reprogram"],"picked":"SKIP","floor":47},{"not_picked":["Rainbow","Force Field"],"picked":"Coolheaded+1","floor":54}],"player_experience":284653,"relics_obtained":[{"floor":4,"key":"Bag of Preparation"},{"floor":6,"key":"Matryoshka"},{"floor":9,"key":"Darkstone Periapt"},{"floor":26,"key":"DataDisk"},{"floor":26,"key":"Blood Vial"},{"floor":29,"key":"Torii"},{"floor":29,"key":"Sundial"},{"floor":43,"key":"Bottled Lightning"},{"floor":47,"key":"Regal Pillow"},{"floor":54,"key":"Ginger"}],"event_choices":[{"cards_removed":["Strike_B"],"damage_healed":0,"gold_gain":0,"player_choice":"Forget","damage_taken":0,"max_hp_gain":0,"max_hp_loss":0,"event_name":"Living Wall","floor":3,"gold_loss":0},{"cards_removed":["Defend_B"],"damage_healed":0,"gold_gain":0,"player_choice":"Card Removal","damage_taken":0,"max_hp_gain":0,"max_hp_loss":0,"event_name":"The Cleric","floor":5,"gold_loss":50},{"damage_healed":0,"gold_gain":0,"player_choice":"Forge","damage_taken":0,"max_hp_gain":0,"max_hp_loss":0,"event_name":"Accursed Blacksmith","floor":12,"gold_loss":0,"cards_upgraded":["Coolheaded"]},{"cards_removed":["Skim"],"damage_healed":0,"gold_gain":0,"player_choice":"Gave Gold","damage_taken":0,"max_hp_gain":0,"max_hp_loss":0,"event_name":"Beggar","floor":28,"gold_loss":75},{"damage_healed":0,"gold_gain":0,"player_choice":"Fight","damage_taken":0,"max_hp_gain":0,"max_hp_loss":0,"event_name":"Colosseum","floor":29,"gold_loss":0},{"damage_healed":0,"gold_gain":0,"player_choice":"Fought Nobs","damage_taken":0,"max_hp_gain":0,"max_hp_loss":0,"event_name":"Colosseum","floor":29,"gold_loss":0},{"damage_healed":0,"gold_gain":0,"player_choice":"Embrace Madness","damage_taken":9,"max_hp_gain":0,"max_hp_loss":0,"event_name":"Winding Halls","floor":37,"gold_loss":0,"cards_obtained":["Madness","Madness"]},{"cards_removed":["Cold Snap"],"damage_healed":0,"gold_gain":0,"player_choice":"Removed Attack","damage_taken":0,"max_hp_gain":0,"max_hp_loss":0,"event_name":"Falling","floor":45,"gold_loss":0},{"damage_healed":0,"gold_gain":0,"player_choice":"Memory 1","damage_taken":0,"max_hp_gain":0,"max_hp_loss":0,"event_name":"SensoryStone","floor":46,"gold_loss":0}],"is_beta":false,"boss_relics":[{"not_picked":["Calling Bell","Fusion Hammer"],"picked":"Pandora\u0027s Box"},{"not_picked":["Eternal Feather","Orrery"],"picked":"Snecko Eye"}],"items_purged_floors":[21,30,48],"is_endless":false,"potions_floor_spawned":[2,14,16,18,27,29,31,39,41,42,54],"ascension_level":0}