{"gold_per_floor":[119,58,1,301,317,317,40,65,89,89,102,114,141,66,66,141,141,151,151,151,51,1,1,36,48,48,48,68,68,68,102,102,102],"floor_reached":33,"playtime":810,"items_purged":["Strike_B","Writhe"],"score":678,"play_id":"1dd50f30-6120-4dfd-973f-ddba4b5c44fc","local_time":"20181023232212","is_ascension_mode":true,"campfire_choices":[{"data":"Zap","floor":6.0,"key":"SMITH"},{"data":"Lockon","floor":15.0,"key":"SMITH"},{"data":"Fission","floor":23.0,"key":"SMITH"},{"data":"Dualcast","floor":27.0,"key":"SMITH"},{"data":"Ball Lightning","floor":29.0,"key":"SMITH"},{"data":"Steam","floor":32.0,"key":"SMITH"}],"neow_cost":"NONE","seed_source_timestamp":1059398571931017,"circlet_count":0,"master_deck":["Strike_B","Defend_B","Defend_B","Defend_B","Zap+1","Dualcast+1","AscendersBane","Go for the Eyes","Ball Lightning+1","Lockon+1","Ball Lightning","Ball Lightning","Glacier","Fission+1","All For One+1","Consume+1","Biased Cognition+1","Steam+1","Stack+1","Shame"],"special_seed":0,"relics":["Cracked Core","Regal Pillow","Old Coin","Mercury Hourglass","Art of War","Juzu Bracelet","Emotion Chip","Astrolabe","Enchiridion","Oddly Smooth Stone","Calipers","Letter Opener","PreservedInsect","Symbiotic Virus"],"potions_floor_usage":[33,33],"damage_taken":[{"damage":5.0,"enemies":"2 Louse","floor":1.0,"turns":3.0},{"damage":0.0,"enemies":"Cultist","floor":5.0,"turns":3.0},{"damage":36.0,"enemies":"Gremlin Nob","floor":8.0,"turns":4.0},{"damage":7.0,"enemies":"Jaw Worm","floor":11.0,"turns":3.0},{"damage":6.0,"enemies":"Lots of Slimes","floor":12.0,"turns":2.0},{"damage":15.0,"enemies":"Lagavulin","floor":13.0,"turns":3.0},{"damage":9.0,"enemies":"Slime Boss","floor":16.0,"turns":7.0},{"damage":3.0,"enemies":"3 Byrds","floor":18.0,"turns":4.0},{"damage":0.0,"enemies":"Slavers","floor":24.0,"turns":1.0},{"damage":8.0,"enemies":"2 Thieves","floor":25.0,"turns":3.0},{"damage":0.0,"enemies":"Snecko","floor":28.0,"turns":4.0},{"damage":0.0,"enemies":"Gremlin Leader","floor":31.0,"turns":3.0},{"damage":49,"enemies":"Champ","floor":33,"turns":6}],"seed_played":"2579310194132533768","potions_obtained":[{"floor":5.0,"key":"SmokeBomb"},{"floor":12.0,"key":"AttackPotion"},{"floor":13.0,"key":"Energy Potion"},{"floor":16.0,"key":"EssenceOfSteel"},{"floor":24.0,"key":"AttackPotion"}],"is_trial":false,"path_per_floor":["M","?","$","T","M","R","$","E","T","?","M","M","E","$","R","B",null,"M","?","?","$","?","R","E","M","T","R","M","R","?","E","R"],"character_chosen":"DEFECT","items_purchased":["PowerPotion","Mercury Hourglass"],"campfire_rested":0,"item_purchase_floors":[3,7],"current_hp_per_floor":[66,66,66,66,66,66,66,30,30,56,49,43,28,28,28,19,63,60,39,39,39,39,39,39,31,31,31,31,31,31,31,31,0],"gold":102,"neow_bonus":"TEN_PERCENT_HP_BONUS","is_prod":false,"is_daily":false,"chose_seed":false,"campfire_upgraded":6,"win_rate":0,"timestamp":1540329732,"path_taken":["M","?","?","?","M","R","$","E","T","?","M","M","E","?","R","BOSS","M","?","?","$","?","R","E","M","T","R","M","R","?","E","R","BOSS"],"build_version":"2018-10-18","purchased_purges":2,"victory":false,"max_hp_per_floor":[78,78,78,78,78,78,78,78,78,78,78,78,78,78,78,78,78,78,78,78,78,78,78,78,78,78,78,78,78,78,78,78,78],"card_choices":[{"not_picked":["Turbo","Barrage"],"picked":"Go for the Eyes","floor":1.0},{"not_picked":["Beam Cell","Sweeping Beam"],"picked":"Ball Lightning","floor":5.0},{"not_picked":["Recycle","Meteor Strike"],"picked":"Lockon","floor":8.0},{"not_picked":["Conserve Battery","Heatsinks"],"picked":"Ball Lightning","floor":11.0},{"not_picked":["Reprogram","Turbo"],"picked":"Ball Lightning","floor":12.0},{"not_picked":["Sweeping Beam","Steam"],"picked":"Glacier","floor":13.0},{"not_picked":["Rainbow","Amplify"],"picked":"Fission","floor":16.0},{"not_picked":["Ball Lightning","Blizzard"],"picked":"Steam","floor":18.0},{"not_picked":["Aggregate","Streamline"],"picked":"Stack+1","floor":24.0},{"not_picked":["Blizzard","Genetic Algorithm","Sweeping Beam+1"],"picked":"SKIP","floor":25.0},{"not_picked":["Reinforced Body","Streamline","Coolheaded"],"picked":"SKIP","floor":28.0},{"not_picked":["Storm","Scrape","Leap"],"picked":"SKIP","floor":31.0}],"player_experience":860481,"relics_obtained":[{"floor":4.0,"key":"Old Coin"},{"floor":8.0,"key":"Art of War"},{"floor":9.0,"key":"Juzu Bracelet"},{"floor":13.0,"key":"Emotion Chip"},{"floor":19.0,"key":"Enchiridion"},{"floor":24.0,"key":"Calipers"},{"floor":26.0,"key":"Letter Opener"},{"floor":31.0,"key":"Symbiotic Virus"}],"event_choices":[{"damage_healed":0.0,"max_hp_gain":0.0,"max_hp_loss":0.0,"gold_gain":0.0,"event_name":"WeMeetAgain","player_choice":"Paid Gold","floor":2.0,"gold_loss":61.0,"damage_taken":0.0,"relics_obtained":["Regal Pillow"]},{"damage_healed":26.0,"max_hp_gain":0.0,"max_hp_loss":0.0,"gold_gain":0.0,"event_name":"Big Fish","player_choice":"Banana","floor":10.0,"gold_loss":0.0,"damage_taken":0.0},{"damage_healed":0.0,"max_hp_gain":0.0,"max_hp_loss":0.0,"gold_gain":0.0,"event_name":"Cursed Tome","player_choice":"Obtained Book","floor":19.0,"gold_loss":0.0,"damage_taken":21.0},{"damage_healed":0.0,"max_hp_gain":0.0,"max_hp_loss":0.0,"gold_gain":0.0,"event_name":"The Mausoleum","player_choice":"Opened","floor":20.0,"gold_loss":0.0,"damage_taken":0.0,"relics_obtained":["Oddly Smooth Stone"],"cards_obtained":["Writhe"]},{"damage_healed":0.0,"max_hp_gain":0.0,"max_hp_loss":0.0,"gold_gain":0.0,"event_name":"The Joust","player_choice":"Bet on Murderer","floor":22.0,"gold_loss":50.0,"damage_taken":0.0},{"damage_healed":0.0,"max_hp_gain":0.0,"max_hp_loss":0.0,"gold_gain":0.0,"event_name":"Addict","player_choice":"Stole Relic","floor":30.0,"gold_loss":0.0,"damage_taken":0.0,"relics_obtained":["PreservedInsect"],"cards_obtained":["Shame"]}],"is_beta":false,"boss_relics":[{"not_picked":["Tiny House","Calling Bell"],"picked":"Astrolabe"}],"items_purged_floors":[14,21],"is_endless":false,"potions_floor_spawned":[5,12,13,16,24],"killed_by":"Champ","ascension_level":20}