{"gold_per_floor":[115,133,144,219,319,319,345,357,411,411],"floor_reached":10,"playtime":510,"items_purged":[],"score":109,"play_id":"e3973444-98ee-4db7-b4e7-df8cd5ee3873","local_time":"20190309090139","is_ascension_mode":true,"campfire_choices":[{"data":"Body Slam","floor":6,"key":"SMITH"}],"neow_cost":"TEN_PERCENT_HP_LOSS","seed_source_timestamp":0,"circlet_count":0,"master_deck":["AscendersBane","Strike_R","Strike_R","Strike_R","Strike_R","Strike_R","Defend_R","Defend_R","Defend_R","Defend_R","Bash","Body Slam+1","Dropkick","Flame Barrier"],"special_seed":0,"relics":["Burning Blood","Nunchaku","Gremlin Horn","Pen Nib"],"potions_floor_usage":[],"damage_taken":[{"damage":4,"enemies":"Small Slimes","floor":1,"turns":5},{"damage":4,"enemies":"Jaw Worm","floor":2,"turns":4},{"damage":0,"enemies":"Cultist","floor":3,"turns":3},{"damage":50,"enemies":"3 Sentries","floor":7,"turns":11},{"damage":9,"enemies":"3 Louse","floor":8,"turns":3},{"damage":16,"enemies":"Blue Slaver","floor":10,"turns":4}],"seed_played":"1997298261962127390","potions_obtained":[{"floor":8,"key":"Poison Potion"}],"is_trial":false,"path_per_floor":["M","M","M","?","?","R","E","M","T","M"],"character_chosen":"IRONCLAD","items_purchased":[],"campfire_rested":0,"item_purchase_floors":[],"current_hp_per_floor":[72,72,72,61,61,61,17,14,14,0],"gold":411,"neow_bonus":"ONE_RARE_RELIC","is_prod":false,"is_daily":false,"chose_seed":false,"campfire_upgraded":1,"win_rate":0,"timestamp":1552102299,"path_taken":["M","M","M","?","?","R","E","M","T","M"],"build_version":"2019-01-23","purchased_purges":0,"victory":false,"max_hp_per_floor":[72,72,72,72,72,72,72,72,72,72],"card_choices":[{"not_picked":["Pommel Strike","Rampage"],"picked":"Body Slam","floor":1},{"not_picked":["Perfected Strike","Pommel Strike"],"picked":"Dropkick","floor":2},{"not_picked":["Pommel Strike","Power Through","Armaments"],"picked":"SKIP","floor":3},{"not_picked":["Cleave","Fiend Fire"],"picked":"Flame Barrier","floor":7},{"not_picked":["Dual Wield","Iron Wave","Clash"],"picked":"SKIP","floor":8}],"player_experience":340563,"relics_obtained":[{"floor":7,"key":"Gremlin Horn"},{"floor":9,"key":"Pen Nib"}],"event_choices":[{"damage_healed":0,"gold_gain":75,"player_choice":"Gather Gold","damage_taken":11,"max_hp_gain":0,"max_hp_loss":0,"event_name":"World of Goop","floor":4,"gold_loss":0},{"damage_healed":0,"gold_gain":100,"player_choice":"Pray","damage_taken":0,"max_hp_gain":0,"max_hp_loss":0,"event_name":"Golden Shrine","floor":5,"gold_loss":0}],"is_beta":false,"boss_relics":[],"items_purged_floors":[],"is_endless":false,"potions_floor_spawned":[8],"killed_by":"Blue Slaver","ascension_level":12}