{"gold_per_floor":[116,131,141,153,167,194,194,194,194,194,218,218,239,239,239,239],"floor_reached":16,"playtime":2513,"items_purged":[],"score":104,"play_id":"d95b2855-3068-492a-8e07-979d39912890","local_time":"20180628201116","is_ascension_mode":false,"campfire_choices":[{"floor":12,"key":"REST"},{"floor":15,"key":"REST"}],"neow_cost":"NONE","seed_source_timestamp":1358181416165128,"circlet_count":0,"master_deck":["Defend_G","Defend_G","Defend_G","Defend_G","Defend_G","Strike_G","Strike_G","Strike_G","Strike_G","Strike_G","Survivor","Neutralize","PiercingWail","Backstab","Endless Agony","Quick Slash+1","Underhanded Strike+1","Backflip","Quick Slash","All Out Attack"],"relics":["Ring of the Snake","Centennial Puzzle","Golden Idol","Kunai"],"potions_floor_usage":[],"damage_taken":[{"damage":0,"enemies":"Small Slimes","floor":1,"turns":6},{"damage":2,"enemies":"Cultist","floor":2,"turns":5},{"damage":1,"enemies":"Jaw Worm","floor":3,"turns":4},{"damage":0,"enemies":"3 Louse","floor":4,"turns":4},{"damage":1,"enemies":"Exordium Wildlife","floor":5,"turns":4},{"damage":53,"enemies":"Gremlin Nob","floor":6,"turns":6},{"damage":0,"enemies":"2 Fungi Beasts","floor":11,"turns":3},{"damage":0,"enemies":"Large Slime","floor":13,"turns":4},{"damage":49,"enemies":"Slime Boss","floor":16,"turns":8}],"seed_played":"-8143426020028844360","potions_obtained":[{"floor":4,"key":"Energy Potion"}],"is_trial":false,"path_per_floor":["M","M","M","M","M","E","?","?","T","?","M","R","M","?","R"],"character_chosen":"THE_SILENT","items_purchased":[],"campfire_rested":2,"item_purchase_floors":[],"current_hp_per_floor":[70,68,67,67,66,13,36,19,19,5,5,26,26,26,47,0],"gold":239,"neow_bonus":"THREE_SMALL_POTIONS","is_prod":false,"is_daily":false,"chose_seed":false,"campfire_upgraded":0,"win_rate":0.0,"timestamp":1530231076,"path_taken":["M","M","M","M","M","E","?","?","T","?","M","R","M","?","R","BOSS"],"build_version":"2018-06-21v2","purchased_purges":0,"victory":false,"max_hp_per_floor":[70,70,70,70,70,70,70,70,70,70,70,70,70,70,70,70],"card_choices":[{"not_picked":["Catalyst","Acrobatics"],"picked":"PiercingWail","floor":1},{"not_picked":["Masterful Stab","Riddle With Holes"],"picked":"Backstab","floor":2},{"not_picked":["Sucker Punch","Acrobatics"],"picked":"Endless Agony","floor":3},{"not_picked":["Backflip","Bouncing Flask"],"picked":"Quick Slash","floor":4},{"not_picked":["Dodge and Roll","Backflip"],"picked":"Underhanded Strike","floor":5},{"not_picked":["Poisoned Stab","Infinite Blades"],"picked":"Backflip","floor":6},{"not_picked":["Eviscerate","Prepared"],"picked":"Quick Slash","floor":11},{"not_picked":["Heel Hook","Envenom"],"picked":"Bouncing Flask","floor":13}],"player_experience":44708,"relics_obtained":[{"floor":6,"key":"Centennial Puzzle"},{"floor":9,"key":"Kunai"}],"event_choices":[{"event_name":"Big Fish","player_choice":"Banana","floor":7,"damage_taken":0},{"event_name":"Golden Idol","player_choice":"Take Damage","floor":8,"damage_taken":0},{"event_name":"Shining Light","player_choice":"Entered Light","floor":10,"damage_taken":0},{"event_name":"Living Wall","player_choice":"Change","floor":14,"damage_taken":0}],"boss_relics":[],"items_purged_floors":[],"is_endless":false,"potions_floor_spawned":[3,4,5],"killed_by":"Slime Boss","ascension_level":0}