{"gold_per_floor":[116,133,150,165,165,165,196,196,219,250,295,325,387,412,424,529,604,636,667,679,716,615,627,639],"floor_reached":24,"playtime":932,"items_purged":[],"score":420,"play_id":"b79887cb-2119-4fa0-a0a1-b9f46187a5cf","local_time":"20190128130902","is_ascension_mode":true,"campfire_choices":[{"data":"Chaos","floor":6.0,"key":"SMITH"},{"data":"Zap","floor":8.0,"key":"SMITH"},{"data":"Defragment","floor":15.0,"key":"SMITH"},{"floor":23.0,"key":"REST"}],"neow_cost":"NONE","seed_source_timestamp":0,"circlet_count":0,"master_deck":["AscendersBane","Strike_B","Strike_B","Strike_B","Strike_B","Defend_B","Defend_B","Defend_B","Defend_B+1","Zap+1","Dualcast","Ball Lightning","BootSequence","Chaos+1","Cold Snap","Stack","Rainbow","Melter","Defragment+1","Seek","Defragment","Steam+1","Glacier"],"special_seed":0,"relics":["Cracked Core","NeowsBlessing","Golden Idol","Boot","MawBank","Anchor","Tiny House","Singing Bowl"],"potions_floor_usage":[24],"damage_taken":[{"damage":0.0,"enemies":"Jaw Worm","floor":1.0,"turns":1.0},{"damage":0.0,"enemies":"Cultist","floor":2.0,"turns":1.0},{"damage":0.0,"enemies":"2 Louse","floor":3.0,"turns":1.0},{"damage":7.0,"enemies":"Exordium Thugs","floor":4.0,"turns":4.0},{"damage":18.0,"enemies":"Gremlin Nob","floor":7.0,"turns":4.0},{"damage":0.0,"enemies":"3 Louse","floor":10.0,"turns":2.0},{"damage":13.0,"enemies":"Lagavulin","floor":11.0,"turns":6.0},{"damage":5.0,"enemies":"Lots of Slimes","floor":12.0,"turns":4.0},{"damage":0.0,"enemies":"Blue Slaver","floor":14.0,"turns":3.0},{"damage":3.0,"enemies":"The Guardian","floor":16.0,"turns":10.0},{"damage":0.0,"enemies":"Shell Parasite","floor":18.0,"turns":5.0},{"damage":9.0,"enemies":"3 Byrds","floor":19.0,"turns":3.0},{"damage":22.0,"enemies":"Snake Plant","floor":21.0,"turns":5.0},{"damage":39,"enemies":"Gremlin Leader","floor":24,"turns":8}],"seed_played":"-4387873542161978789","potions_obtained":[{"floor":1.0,"key":"SteroidPotion"},{"floor":2.0,"key":"Ancient Potion"},{"floor":7.0,"key":"EssenceOfSteel"},{"floor":10.0,"key":"FearPotion"},{"floor":14.0,"key":"Block Potion"},{"floor":17.0,"key":"Fire Potion"},{"floor":19.0,"key":"SteroidPotion"}],"is_trial":false,"path_per_floor":["M","M","M","M","?","R","E","R","T","M","E","M","?","M","R","B",null,"M","M","?","M","?","R","E"],"character_chosen":"DEFECT","items_purchased":[],"campfire_rested":1,"item_purchase_floors":[],"current_hp_per_floor":[64,64,64,57,57,57,39,39,39,39,26,21,21,21,21,18,58,58,49,49,27,27,47,8],"gold":639,"neow_bonus":"THREE_ENEMY_KILL","is_prod":false,"is_daily":false,"chose_seed":false,"campfire_upgraded":3,"win_rate":0,"timestamp":1548677342,"path_taken":["M","M","M","M","?","R","E","R","T","M","E","M","?","?","R","BOSS","M","M","?","M","?","R","E"],"build_version":"2019-01-23","purchased_purges":0,"victory":false,"max_hp_per_floor":[71,71,71,71,64,64,64,64,64,64,64,64,64,64,64,64,69,69,69,69,69,69,69,69],"card_choices":[{"not_picked":["Capacitor","Sweeping Beam"],"picked":"Ball Lightning","floor":1.0},{"not_picked":["Barrage","Undo"],"picked":"BootSequence","floor":2.0},{"not_picked":["Darkness","Steam"],"picked":"Chaos","floor":3.0},{"not_picked":["Static Discharge","Barrage"],"picked":"Cold Snap","floor":4.0},{"not_picked":["Rebound","Steam","Steam Power"],"picked":"SKIP","floor":7.0},{"not_picked":["Recycle","Sweeping Beam"],"picked":"Stack","floor":10.0},{"not_picked":["Doom and Gloom","White Noise"],"picked":"Rainbow","floor":11.0},{"not_picked":["Fusion","Sweeping Beam"],"picked":"Melter","floor":12.0},{"not_picked":["Redo","Cold Snap"],"picked":"Defragment","floor":14.0},{"not_picked":["Machine Learning","Reboot"],"picked":"Seek","floor":16.0},{"not_picked":["Streamline","Leap"],"picked":"Defragment","floor":17.0},{"not_picked":["Ball Lightning","Redo"],"picked":"Steam+1","floor":18.0},{"not_picked":["Darkness","Streamline","Skim"],"picked":"SKIP","floor":19.0},{"not_picked":["Melter","Turbo"],"picked":"Glacier","floor":21.0}],"player_experience":960086,"relics_obtained":[{"floor":7.0,"key":"Boot"},{"floor":9.0,"key":"MawBank"},{"floor":11.0,"key":"Anchor"}],"event_choices":[{"damage_healed":0.0,"max_hp_gain":0.0,"max_hp_loss":7.0,"gold_gain":0.0,"event_name":"Golden Idol","player_choice":"Lose Max HP","floor":5.0,"gold_loss":0.0,"damage_taken":0.0,"relics_obtained":["Golden Idol"]},{"damage_healed":0.0,"max_hp_gain":0.0,"max_hp_loss":0.0,"gold_gain":50.0,"event_name":"Golden Shrine","player_choice":"Pray","floor":13.0,"gold_loss":0.0,"damage_taken":0.0},{"damage_healed":0.0,"max_hp_gain":0.0,"max_hp_loss":0.0,"gold_gain":0.0,"event_name":"Ghosts","player_choice":"Ignored","floor":20.0,"gold_loss":0.0,"damage_taken":0.0},{"damage_healed":0.0,"max_hp_gain":0.0,"max_hp_loss":0.0,"gold_gain":0.0,"event_name":"WeMeetAgain","player_choice":"Paid Gold","floor":22.0,"gold_loss":113.0,"damage_taken":0.0,"relics_obtained":["Singing Bowl"]}],"is_beta":false,"boss_relics":[{"not_picked":["Calling Bell","Lizard Tail"],"picked":"Tiny House"}],"items_purged_floors":[],"is_endless":false,"potions_floor_spawned":[1,2,7,10,14,19],"killed_by":"Gremlin Leader","ascension_level":20}