{"gold_per_floor":[364,378,20,20,20,52,52,79,79,107,119,134,94,109,109,211,211,227,227,73,99,58,58,46,46,46,46,46,65,75,108,108,209,209,225,180,180,225,241,241,241,252,252,18,45,45,45,60,60,60],"floor_reached":51,"playtime":4098,"items_purged":["Injury"],"score":694,"play_id":"0a3b4c94-32ed-45d4-98c1-e633c2212203","local_time":"20190303121351","is_ascension_mode":true,"campfire_choices":[{"floor":7,"key":"REST"},{"data":"Perfected Strike","floor":15,"key":"SMITH"},{"data":"Juggernaut","floor":23,"key":"SMITH"},{"data":"Bash","floor":25,"key":"SMITH"},{"data":"Perfected Strike","floor":27,"key":"SMITH"},{"floor":32,"key":"REST"},{"floor":41,"key":"REST"},{"floor":46,"key":"REST"},{"floor":49,"key":"REST"}],"neow_cost":"CURSE","seed_source_timestamp":98598815711879,"circlet_count":0,"master_deck":["Strike_R","Strike_R","Strike_R","Strike_R","Defend_R+1","Defend_R+1","Defend_R","Bash+1","Perfected Strike+1","Warcry+1","Metallicize","Battle Trance+1","Armaments+1","Corruption","Uppercut","Burning Pact+1","Juggernaut+1","Armaments+1","Flame Barrier+1","Perfected Strike+1","Headbutt","Shrug It Off+1","Evolve","Demon Form","Body Slam","True Grit+1","Twin Strike","Entrench+1","Immolate","Dark Shackles+1","Iron Wave+1","Disarm+1"],"relics":["Burning Blood","Toxic Egg 2","Letter Opener","Darkstone Periapt","Oddly Smooth Stone","Matryoshka","War Paint","Mark of Pain","Anchor","Paper Frog","MawBank","Happy Flower","Pen Nib","Bottled Flame","Fusion Hammer","Torii","Bag of Marbles","Shuriken"],"potions_floor_usage":[6,10,12,16,31,31,38,50,50],"damage_taken":[{"damage":6,"enemies":"Jaw Worm","floor":1,"turns":6},{"damage":1,"enemies":"2 Louse","floor":2,"turns":2},{"damage":21,"enemies":"Gremlin Nob","floor":6,"turns":4},{"damage":30,"enemies":"Lagavulin","floor":8,"turns":6},{"damage":22,"enemies":"Gremlin Nob","floor":10,"turns":4},{"damage":0,"enemies":"Cultist","floor":11,"turns":3},{"damage":5,"enemies":"Exordium Thugs","floor":12,"turns":4},{"damage":0,"enemies":"Exordium Wildlife","floor":14,"turns":4},{"damage":22,"enemies":"The Guardian","floor":16,"turns":16},{"damage":10,"enemies":"Shell Parasite","floor":18,"turns":5},{"damage":0,"enemies":"2 Thieves","floor":24,"turns":4},{"damage":5,"enemies":"Cultist and Chosen","floor":29,"turns":6},{"damage":0,"enemies":"Snake Plant","floor":30,"turns":4},{"damage":40,"enemies":"Book of Stabbing","floor":31,"turns":6},{"damage":32,"enemies":"Champ","floor":33,"turns":9},{"damage":0,"enemies":"Orb Walker","floor":35,"turns":2},{"damage":66,"enemies":"2 Orb Walkers","floor":38,"turns":6},{"damage":0,"enemies":"3 Darklings","floor":39,"turns":6},{"damage":18,"enemies":"Sphere and 2 Shapes","floor":42,"turns":6},{"damage":9,"enemies":"Nemesis","floor":45,"turns":5},{"damage":23,"enemies":"Spire Growth","floor":48,"turns":3},{"damage":38,"enemies":"Time Eater","floor":50,"turns":10}],"seed_played":"4194264291487453062","potions_obtained":[{"floor":1,"key":"Explosive Potion"},{"floor":2,"key":"EssenceOfSteel"},{"floor":8,"key":"Fruit Juice"},{"floor":10,"key":"Block Potion"},{"floor":29,"key":"Regen Potion"},{"floor":30,"key":"EssenceOfSteel"},{"floor":39,"key":"Explosive Potion"},{"floor":42,"key":"Dexterity Potion"},{"floor":48,"key":"Swift Potion"}],"is_trial":false,"path_per_floor":["?","?","$","T","T","$","M","?","?","?","M","$"],"character_chosen":"IRONCLAD","items_purchased":["Toxic Egg 2","Warcry+1","Uppercut","Flame Barrier+1","Regen Potion","Perfected Strike","Body Slam","Immolate","Dark Shackles+1"],"campfire_rested":5,"item_purchase_floors":[3,3,13,20,20,22,36,44,44],"current_hp_per_floor":[80,80,80,47,40,25,49,25,25,14,20,21,21,27,27,11,85,81,81,81,81,81,81,85,85,85,85,85,85,85,60,85,59,85,85,85,85,34,40,40,65,53,53,53,50,75,75,58,83,51],"gold":60,"neow_bonus":"TWO_FIFTY_GOLD","is_prod":false,"is_daily":false,"chose_seed":false,"campfire_upgraded":4,"win_rate":0,"timestamp":1551640431,"path_taken":["M","M","$","?","?","E","R","E","T","E","M","M","?","M","R","BOSS","M","?","$","?","?","R","?","R","T","R","$","M","M","E","R","BOSS","M","$","?","?","M","?","R","?","T","$","E","R","?","M","R","BOSS"],"build_version":"2019-01-23","purchased_purges":1,"victory":true,"max_hp_per_floor":[80,80,80,80,80,80,80,80,80,85,85,85,85,85,85,85,85,85,85,85,85,85,85,85,85,85,85,85,85,85,85,85,85,85,85,85,85,85,85,85,85,85,85,85,85,85,85,85,85,85],"card_choices":[{"not_picked":["Uppercut","Shockwave"],"picked":"Perfected Strike","floor":1},{"not_picked":["Twin Strike","Flex","Fire Breathing"],"picked":"SKIP","floor":2},{"not_picked":["Clothesline","Warcry+1"],"picked":"Metallicize","floor":6},{"not_picked":["Barricade","Anger"],"picked":"Battle Trance+1","floor":8},{"not_picked":["Carnage","Dual Wield+1"],"picked":"Armaments+1","floor":10},{"not_picked":["Dual Wield+1","Sword Boomerang","Body Slam"],"picked":"SKIP","floor":11},{"not_picked":["Wild Strike","Dropkick"],"picked":"Corruption","floor":12},{"not_picked":["Armaments+1","Havoc+1"],"picked":"Burning Pact+1","floor":14},{"not_picked":["Dark Embrace","Limit Break+1"],"picked":"Juggernaut","floor":16},{"not_picked":["Clothesline","Heavy Blade+1"],"picked":"Armaments+1","floor":18},{"not_picked":["Burning Pact+1","Warcry+1"],"picked":"Headbutt","floor":24},{"not_picked":["Uppercut","Sentinel+1"],"picked":"Shrug It Off+1","floor":29},{"not_picked":["Battle Trance+1","Sword Boomerang+1"],"picked":"Evolve","floor":30},{"not_picked":["Sentinel+1","Dark Embrace","Clothesline"],"picked":"SKIP","floor":31},{"not_picked":["Limit Break+1","Fiend Fire"],"picked":"Demon Form","floor":33},{"not_picked":["Wild Strike","Warcry+1","Clothesline"],"picked":"SKIP","floor":35},{"not_picked":["Armaments+1","Body Slam+1"],"picked":"True Grit+1","floor":38},{"not_picked":["Iron Wave","Heavy Blade"],"picked":"Twin Strike","floor":39},{"not_picked":["Armaments+1","Havoc+1"],"picked":"Entrench+1","floor":42},{"not_picked":["Cleave+1","Carnage+1"],"picked":"Iron Wave+1","floor":45},{"not_picked":["Clothesline","Second Wind+1"],"picked":"Disarm+1","floor":48}],"player_experience":76864,"relics_obtained":[{"floor":6,"key":"Darkstone Periapt"},{"floor":8,"key":"Oddly Smooth Stone"},{"floor":9,"key":"Matryoshka"},{"floor":10,"key":"War Paint"},{"floor":19,"key":"Anchor"},{"floor":19,"key":"Paper Frog"},{"floor":21,"key":"MawBank"},{"floor":21,"key":"Happy Flower"},{"floor":26,"key":"Pen Nib"},{"floor":31,"key":"Bottled Flame"},{"floor":38,"key":"Torii"},{"floor":43,"key":"Bag of Marbles"},{"floor":45,"key":"Shuriken"}],"event_choices":[{"damage_healed":0,"gold_gain":0,"player_choice":"Success","damage_taken":33,"relics_obtained":["Letter Opener"],"max_hp_gain":0,"max_hp_loss":0,"event_name":"Scrap Ooze","floor":4,"gold_loss":0},{"cards_removed":["Defend_R"],"damage_healed":0,"gold_gain":0,"player_choice":"Card Removal","damage_taken":7,"max_hp_gain":0,"max_hp_loss":0,"event_name":"Golden Wing","floor":5,"gold_loss":0},{"cards_removed":["Strike_R"],"damage_healed":0,"gold_gain":0,"player_choice":"Removed Attack","damage_taken":0,"max_hp_gain":0,"max_hp_loss":0,"event_name":"Falling","floor":37,"gold_loss":0},{"damage_healed":0,"gold_gain":0,"player_choice":"Fight","damage_taken":0,"max_hp_gain":0,"max_hp_loss":0,"event_name":"Mysterious Sphere","floor":38,"gold_loss":0},{"damage_healed":0,"gold_gain":0,"player_choice":"Ignored","damage_taken":0,"max_hp_gain":0,"max_hp_loss":0,"event_name":"The Moai Head","floor":40,"gold_loss":0}],"is_beta":false,"boss_relics":[{"not_picked":["Sozu","Busted Crown"],"picked":"Mark of Pain"},{"not_picked":["Lizard Tail","Velvet Choker"],"picked":"Fusion Hammer"}],"items_purged_floors":[3],"is_endless":false,"potions_floor_spawned":[1,2,8,10,29,30,39,42,48],"ascension_level":1}