{"gold_per_floor":[116,136,136,155,171,171,201,376,376,402,402,402,417,11,11,108,108,120,45,60,79,79,79,99,132,185,213,231,231,258,183,183,286,286,297,297,297,297,312,312,339,388,411,411],"floor_reached":44,"playtime":1697,"items_purged":["Doubt"],"score":608,"play_id":"33dd3b7a-f40d-44cf-b49e-e84bc7116418","local_time":"20181012054342","is_ascension_mode":true,"campfire_choices":[{"data":"Zap","floor":6,"key":"SMITH"},{"data":"Redo","floor":12,"key":"SMITH"},{"data":"All For One","floor":15,"key":"SMITH"},{"data":"Hologram","floor":23,"key":"SMITH"},{"data":"Strike_B","floor":29,"key":"SMITH"},{"data":"Defend_B","floor":32,"key":"SMITH"},{"data":"Creative AI","floor":40,"key":"SMITH"}],"neow_cost":"","seed_source_timestamp":44792100957455,"circlet_count":0,"master_deck":["Strike_B+1","Strike_B+1","Defend_B+1","Defend_B+1","Zap+1","Dualcast+1","Fusion+1","Hologram+1","Redo+1","BootSequence","All For One+1","FTL+1","Mind Blast+1","Go for the Eyes+1","Meteor Strike+1","FTL+1","Conserve Battery+1","Coolheaded+1","Creative AI+1","Madness","Madness","Capacitor+1","Storm+1","Shame","Normality"],"relics":["Cracked Core","Bag of Marbles","Kunai","Molten Egg 2","Shuriken","Empty Cage","DataDisk","Bronze Scales","Symbiotic Virus","StoneCalendar","Cursed Key","Whetstone","Pen Nib","Smiling Mask"],"potions_floor_usage":[7,24,25,25,39],"damage_taken":[{"damage":0,"enemies":"Small Slimes","floor":1,"turns":2},{"damage":6,"enemies":"Jaw Worm","floor":2,"turns":3},{"damage":2,"enemies":"2 Louse","floor":4,"turns":2},{"damage":12,"enemies":"Large Slime","floor":5,"turns":5},{"damage":10,"enemies":"3 Sentries","floor":7,"turns":7},{"damage":11,"enemies":"Lagavulin","floor":10,"turns":7},{"damage":5,"enemies":"Looter","floor":13,"turns":3},{"damage":2,"enemies":"Hexaghost","floor":16,"turns":8},{"damage":2,"enemies":"3 Byrds","floor":18,"turns":3},{"damage":0,"enemies":"Chosen","floor":20,"turns":2},{"damage":0,"enemies":"Centurion and Healer","floor":21,"turns":5},{"damage":1,"enemies":"Snake Plant","floor":24,"turns":3},{"damage":0,"enemies":"Gremlin Leader","floor":25,"turns":4},{"damage":0,"enemies":"Book of Stabbing","floor":27,"turns":4},{"damage":0,"enemies":"Cultist and Chosen","floor":28,"turns":5},{"damage":0,"enemies":"Gremlin Leader","floor":30,"turns":4},{"damage":2,"enemies":"Collector","floor":33,"turns":8},{"damage":8,"enemies":"3 Darklings","floor":35,"turns":4},{"damage":0,"enemies":"Orb Walker","floor":39,"turns":2},{"damage":29,"enemies":"Nemesis","floor":41,"turns":5},{"damage":47,"enemies":"Giant Head","floor":44,"turns":6}],"seed_played":"8313155735107926083","potions_obtained":[{"floor":1,"key":"Fire Potion"},{"floor":5,"key":"Ancient Potion"},{"floor":13,"key":"Block Potion"},{"floor":16,"key":"Explosive Potion"},{"floor":20,"key":"AttackPotion"},{"floor":28,"key":"Ancient Potion"},{"floor":33,"key":"LiquidBronze"},{"floor":35,"key":"Explosive Potion"},{"floor":37,"key":"Regen Potion"},{"floor":39,"key":"Poison Potion"}],"is_trial":false,"path_per_floor":["M","M","?","M","M","R","E","?","T","E","?","R","M","$","R","B",null,"M","$","M","M","?","R","M","E","T","E","M","R","E","?","R","B",null,"M","?","?","?","M","R","E","T","T"],"character_chosen":"DEFECT","items_purchased":["Mind Blast+1","Shuriken","Go for the Eyes+1"],"campfire_rested":0,"item_purchase_floors":[14,14,14],"current_hp_per_floor":[75,69,69,67,55,55,45,45,45,34,19,19,14,14,14,12,75,73,73,73,73,73,73,72,72,72,72,72,72,72,72,72,70,75,67,67,67,58,63,63,34,34,34,0],"gold":411,"neow_bonus":"","is_prod":false,"is_daily":false,"chose_seed":false,"campfire_upgraded":7,"win_rate":0,"timestamp":1539315822,"path_taken":["M","M","?","M","M","R","E","?","T","E","?","R","M","$","R","BOSS","M","$","M","M","?","R","M","E","T","E","?","R","E","?","R","BOSS","M","?","?","?","?","R","E","?","T","E"],"build_version":"2018-10-11","purchased_purges":1,"victory":false,"max_hp_per_floor":[75,75,75,75,75,75,75,75,75,75,75,75,75,75,75,75,75,75,75,75,75,75,75,75,75,75,75,75,75,75,75,75,75,75,75,75,75,75,75,75,75,75,75,75],"card_choices":[{"not_picked":["Sweeping Beam","Gash"],"picked":"Fusion","floor":1},{"not_picked":["Go for the Eyes","Skim"],"picked":"Hologram","floor":2},{"not_picked":["Beam Cell","Go for the Eyes"],"picked":"Redo","floor":4},{"not_picked":["Stack","Rebound"],"picked":"BootSequence","floor":5},{"not_picked":["Static Discharge","Capacitor"],"picked":"All For One","floor":7},{"not_picked":["Steam Power","Beam Cell","Skim"],"picked":"SKIP","floor":10},{"not_picked":["Capacitor","Genetic Algorithm"],"picked":"FTL+1","floor":13},{"not_picked":["Amplify","Biased Cognition"],"picked":"Meteor Strike+1","floor":16},{"not_picked":["White Noise","Loop+1"],"picked":"FTL+1","floor":18},{"not_picked":["Go for the Eyes+1","Rebound+1","Stack"],"picked":"SKIP","floor":20},{"not_picked":["Auto Shields","Turbo"],"picked":"Conserve Battery+1","floor":21},{"not_picked":["Barrage+1","Sweeping Beam+1","Leap"],"picked":"SKIP","floor":24},{"not_picked":["Blizzard+1","Reprogram"],"picked":"Coolheaded+1","floor":25},{"not_picked":["Leap","Cold Snap+1","Machine Learning"],"picked":"SKIP","floor":27},{"not_picked":["Leap","Beam Cell+1","Sweeping Beam+1"],"picked":"SKIP","floor":28},{"not_picked":["Stack+1","Go for the Eyes+1","Force Field+1"],"picked":"SKIP","floor":30},{"not_picked":["Machine Learning","Hyperbeam+1"],"picked":"Creative AI","floor":33},{"not_picked":["Cold Snap+1","Darkness+1","Gash+1"],"picked":"SKIP","floor":35},{"not_picked":["Consume","Reprogram"],"picked":"Capacitor+1","floor":39},{"not_picked":["Doom and Gloom+1","Cold Snap+1"],"picked":"Storm+1","floor":41}],"player_experience":823654,"relics_obtained":[{"floor":7,"key":"Bag of Marbles"},{"floor":9,"key":"Kunai"},{"floor":10,"key":"Molten Egg 2"},{"floor":25,"key":"DataDisk"},{"floor":26,"key":"Bronze Scales"},{"floor":27,"key":"Symbiotic Virus"},{"floor":30,"key":"StoneCalendar"},{"floor":41,"key":"Whetstone"},{"floor":42,"key":"Pen Nib"},{"floor":43,"key":"Smiling Mask"}],"event_choices":[{"event_name":"Living Wall","player_choice":"Grow","floor":3,"damage_taken":0},{"event_name":"Liars Game","player_choice":"agreed","floor":8,"damage_taken":0},{"event_name":"Shining Light","player_choice":"Entered Light","floor":11,"damage_taken":0},{"event_name":"Accursed Blacksmith","player_choice":"Forge","floor":22,"damage_taken":0},{"event_name":"Beggar","player_choice":"Gave Gold","floor":31,"damage_taken":0},{"event_name":"Purifier","player_choice":"One Purge","floor":36,"damage_taken":0},{"event_name":"The Lab","player_choice":"Got Potions","floor":37,"damage_taken":0},{"event_name":"Winding Halls","player_choice":"Embrace Madness","floor":38,"damage_taken":0}],"is_beta":false,"boss_relics":[{"not_picked":["Pandora\u0027s Box","Busted Crown"],"picked":"Empty Cage"},{"not_picked":["Orrery","Black Star"],"picked":"Cursed Key"}],"items_purged_floors":[19],"is_endless":false,"potions_floor_spawned":[1,5,13,16,20,21,28,33,35,39],"killed_by":"Giant Head","ascension_level":1}