{"gold_per_floor":[116,133,150,150,170,170,195,208,255,255,289,289,302,322,322,322],"floor_reached":16,"playtime":489,"items_purged":[],"score":222,"play_id":"b853b2c4-65ac-4016-aff8-7e9272d2246a","local_time":"20190125001332","is_ascension_mode":true,"campfire_choices":[{"data":"Armaments","floor":6.0,"key":"SMITH"},{"data":"Sword Boomerang","floor":10.0,"key":"SMITH"},{"data":"Spot Weakness","floor":15.0,"key":"SMITH"}],"neow_cost":"NONE","seed_source_timestamp":1314227326684726,"circlet_count":0,"master_deck":["AscendersBane","Strike_R","Strike_R","Strike_R","Strike_R","Strike_R","Defend_R","Defend_R","Defend_R","Bash","Armaments+1","Flame Barrier","Spot Weakness+1","Sword Boomerang+1","Clash","True Grit"],"special_seed":0,"relics":["Burning Blood","NeowsBlessing","Pantograph","Ancient Tea Set","Ornamental Fan","Golden Idol"],"potions_floor_usage":[],"damage_taken":[{"damage":0.0,"enemies":"Cultist","floor":1.0,"turns":1.0},{"damage":0.0,"enemies":"2 Louse","floor":2.0,"turns":1.0},{"damage":0.0,"enemies":"Jaw Worm","floor":3.0,"turns":1.0},{"damage":7.0,"enemies":"Lots of Slimes","floor":5.0,"turns":5.0},{"damage":35.0,"enemies":"3 Sentries","floor":7.0,"turns":8.0},{"damage":12.0,"enemies":"Looter","floor":8.0,"turns":4.0},{"damage":20.0,"enemies":"Gremlin Nob","floor":11.0,"turns":4.0},{"damage":6.0,"enemies":"3 Louse","floor":13.0,"turns":4.0},{"damage":17.0,"enemies":"Gremlin Gang","floor":14.0,"turns":4.0},{"damage":37,"enemies":"Hexaghost","floor":16,"turns":9}],"seed_played":"2078661382910907639","potions_obtained":[{"floor":2.0,"key":"Ancient Potion"},{"floor":7.0,"key":"Ancient Potion"},{"floor":11.0,"key":"Ancient Potion"},{"floor":13.0,"key":"FearPotion"}],"is_trial":false,"path_per_floor":["M","M","M","?","M","R","E","M","T","R","E","?","M","M","R","B"],"character_chosen":"IRONCLAD","items_purchased":[],"campfire_rested":0,"item_purchase_floors":[],"current_hp_per_floor":[74,75,75,68,67,67,38,32,32,32,18,18,18,7,7,0],"gold":322,"neow_bonus":"THREE_ENEMY_KILL","is_prod":false,"is_daily":false,"chose_seed":false,"campfire_upgraded":3,"win_rate":0,"timestamp":1548371612,"path_taken":["M","M","?","?","M","R","E","M","T","R","E","?","M","M","R","BOSS"],"build_version":"2019-01-23","purchased_purges":0,"victory":false,"max_hp_per_floor":[75,75,75,75,75,75,75,75,75,75,75,68,68,68,68,68],"card_choices":[{"not_picked":["Clothesline","Thunderclap"],"picked":"Armaments","floor":1.0},{"not_picked":["Dual Wield","Dropkick"],"picked":"Flame Barrier","floor":2.0},{"not_picked":["Exhume","Seeing Red"],"picked":"Spot Weakness","floor":3.0},{"not_picked":["Twin Strike","Shrug It Off"],"picked":"Sword Boomerang","floor":5.0},{"not_picked":["Power Through","Entrench","Perfected Strike"],"picked":"SKIP","floor":7.0},{"not_picked":["Fire Breathing","Burning Pact"],"picked":"Clash","floor":8.0},{"not_picked":["Spot Weakness","Clothesline"],"picked":"True Grit","floor":11.0},{"not_picked":["Seeing Red","Hemokinesis","Body Slam"],"picked":"SKIP","floor":13.0},{"not_picked":["Wild Strike","Shrug It Off","Blood for Blood"],"picked":"SKIP","floor":14.0}],"player_experience":934637,"relics_obtained":[{"floor":7.0,"key":"Pantograph"},{"floor":9.0,"key":"Ancient Tea Set"},{"floor":11.0,"key":"Ornamental Fan"}],"event_choices":[{"cards_removed":["Defend_R"],"damage_healed":0.0,"max_hp_gain":0.0,"max_hp_loss":0.0,"gold_gain":0.0,"event_name":"Golden Wing","player_choice":"Card Removal","floor":4.0,"gold_loss":0.0,"damage_taken":7.0},{"damage_healed":0.0,"max_hp_gain":0.0,"max_hp_loss":7.0,"gold_gain":0.0,"event_name":"Golden Idol","player_choice":"Lose Max HP","floor":12.0,"gold_loss":0.0,"damage_taken":0.0,"relics_obtained":["Golden Idol"]}],"is_beta":false,"boss_relics":[],"items_purged_floors":[],"is_endless":false,"potions_floor_spawned":[2,7,11,13],"killed_by":"Hexaghost","ascension_level":19}