{"gold_per_floor":[109,128,203,216,13,13,45,60,87,87,187,187,187,187,187,292,292,305,220,232,86,0,0,0,0,46,46,65,65,65,28,28,126,126,145,145,163,180,180,180,191,191,214,224,224,236,236,265,265,265],"floor_reached":50,"playtime":6634,"items_purged":["Strike_B"],"score":536,"play_id":"741e0097-090b-455d-b6dc-8a09b2fe9693","local_time":"20190307222737","is_ascension_mode":true,"campfire_choices":[{"data":"Zap","floor":6,"key":"SMITH"},{"floor":10,"key":"REST"},{"data":"Dualcast","floor":12,"key":"SMITH"},{"floor":15,"key":"REST"},{"data":"Buffer","floor":23,"key":"SMITH"},{"data":"Redo","floor":25,"key":"SMITH"},{"data":"Self Repair","floor":27,"key":"SMITH"},{"floor":29,"key":"REST"},{"floor":32,"key":"REST"},{"data":"Defragment","floor":40,"key":"SMITH"},{"floor":45,"key":"REST"},{"floor":47,"key":"REST"},{"floor":49,"key":"REST"}],"neow_cost":"NONE","seed_source_timestamp":478492127478931,"circlet_count":0,"master_deck":["Defend_B","Defend_B","Defend_B+1","Zap+1","Dualcast+1","Hologram","Redo+1","Ball Lightning","Ball Lightning+1","Go for the Eyes","Coolheaded+1","Self Repair+1","Buffer+1","Force Field+1","Capacitor+1","FTL+1","Compile Driver","Gash+1","Defragment+1","Beam Cell+1","Doom and Gloom","Electrodynamics","Barrage+1","Gash+1","Turbo","Capacitor+1","Rebound","Barrage+1","Hologram","Gash+1"],"relics":["Cracked Core","Juzu Bracelet","Bag of Preparation","Whetstone","Bag of Marbles","Astrolabe","Bronze Scales","Nilry\u0027s Codex","Oddly Smooth Stone","MutagenicStrength","Nuclear Battery","Lantern","Strawberry"],"potions_floor_usage":[16,16,28,48],"damage_taken":[{"damage":6,"enemies":"2 Louse","floor":1,"turns":3},{"damage":2,"enemies":"Jaw Worm","floor":2,"turns":4},{"damage":1,"enemies":"Cultist","floor":4,"turns":3},{"damage":37,"enemies":"3 Sentries","floor":7,"turns":7},{"damage":4,"enemies":"2 Fungi Beasts","floor":8,"turns":3},{"damage":18,"enemies":"Slime Boss","floor":16,"turns":9},{"damage":1,"enemies":"Spheric Guardian","floor":18,"turns":3},{"damage":25,"enemies":"2 Thieves","floor":20,"turns":3},{"damage":19,"enemies":"Snecko","floor":28,"turns":5},{"damage":14,"enemies":"Automaton","floor":33,"turns":11},{"damage":0,"enemies":"3 Shapes","floor":35,"turns":2},{"damage":5,"enemies":"3 Darklings","floor":37,"turns":5},{"damage":8,"enemies":"Spire Growth","floor":38,"turns":4},{"damage":0,"enemies":"Jaw Worm Horde","floor":41,"turns":4},{"damage":59,"enemies":"3 Darklings","floor":44,"turns":6},{"damage":35,"enemies":"4 Shapes","floor":46,"turns":5},{"damage":34,"enemies":"Giant Head","floor":48,"turns":8},{"damage":53,"enemies":"Time Eater","floor":50,"turns":3}],"seed_played":"950199573638811257","potions_obtained":[{"floor":4,"key":"Ancient Potion"},{"floor":7,"key":"AttackPotion"},{"floor":18,"key":"Regen Potion"},{"floor":35,"key":"SpeedPotion"},{"floor":44,"key":"Energy Potion"},{"floor":46,"key":"FearPotion"}],"is_trial":false,"path_per_floor":["?","?","?","?","?","?","?","?","$","?","?","?"],"character_chosen":"DEFECT","items_purchased":["Bag of Preparation","Ball Lightning","Defragment","Doom and Gloom"],"campfire_rested":7,"item_purchase_floors":[5,5,21,31],"current_hp_per_floor":[69,67,56,55,55,55,18,14,14,36,36,36,36,21,43,32,75,74,74,56,56,56,56,40,40,40,40,35,57,57,57,75,61,75,75,75,75,75,75,75,75,75,75,26,48,23,45,28,52,0],"gold":265,"neow_bonus":"RANDOM_COMMON_RELIC","is_prod":false,"is_daily":false,"chose_seed":false,"campfire_upgraded":6,"win_rate":0,"timestamp":1552022857,"path_taken":["M","M","?","M","$","R","E","M","T","R","?","R","?","?","R","BOSS","M","?","M","$","?","R","?","R","T","R","M","R","?","?","R","BOSS","M","?","M","M","?","R","M","?","T","M","R","M","R","E","R","BOSS"],"build_version":"2019-01-23","purchased_purges":1,"victory":false,"max_hp_per_floor":[75,75,75,75,75,75,75,75,75,75,75,75,75,75,75,75,75,75,75,75,75,75,75,75,75,75,75,75,75,75,75,75,75,75,75,75,75,75,75,75,75,75,75,75,75,75,75,82,82,82],"card_choices":[{"not_picked":["Steam","Gash"],"picked":"Hologram","floor":1},{"not_picked":["Consume","Leap"],"picked":"Redo","floor":2},{"not_picked":["Thunder Strike","Tempest"],"picked":"Ball Lightning","floor":4},{"not_picked":["Redo","Steam"],"picked":"Go for the Eyes","floor":7},{"not_picked":["Streamline","Cold Snap"],"picked":"Coolheaded","floor":8},{"not_picked":["Multi-Cast","Rainbow"],"picked":"Buffer","floor":16},{"not_picked":["Storm","Go for the Eyes"],"picked":"Compile Driver","floor":18},{"not_picked":["FTL","Cold Snap"],"picked":"Gash+1","floor":20},{"not_picked":["Hologram+1","Steam Power"],"picked":"Beam Cell+1","floor":28},{"not_picked":["Core Surge","Fission"],"picked":"Electrodynamics","floor":33},{"not_picked":["Beam Cell+1","Chaos+1"],"picked":"Barrage+1","floor":35},{"not_picked":["FTL+1","Conserve Battery"],"picked":"Gash+1","floor":37},{"not_picked":["Leap","Consume+1"],"picked":"Turbo","floor":38},{"not_picked":["Doom and Gloom","Ball Lightning+1"],"picked":"Rebound","floor":41},{"not_picked":["Rebound+1","Sweeping Beam+1"],"picked":"Barrage+1","floor":44},{"not_picked":["Recycle","Electrodynamics"],"picked":"Hologram","floor":46},{"not_picked":["Static Discharge+1","Coolheaded"],"picked":"Gash+1","floor":48}],"player_experience":154580,"relics_obtained":[{"floor":7,"key":"Whetstone"},{"floor":9,"key":"Bag of Marbles"},{"floor":24,"key":"Nilry\u0027s Codex"},{"floor":26,"key":"Oddly Smooth Stone"},{"floor":43,"key":"Lantern"},{"floor":48,"key":"Strawberry"}],"event_choices":[{"damage_healed":0,"gold_gain":75,"player_choice":"Gather Gold","damage_taken":11,"max_hp_gain":0,"max_hp_loss":0,"event_name":"World of Goop","floor":3,"gold_loss":0},{"damage_healed":0,"gold_gain":100,"player_choice":"Pray","damage_taken":0,"max_hp_gain":0,"max_hp_loss":0,"event_name":"Golden Shrine","floor":11,"gold_loss":0},{"damage_healed":0,"gold_gain":0,"cards_transformed":["Strike_B"],"player_choice":"Change","damage_taken":0,"max_hp_gain":0,"max_hp_loss":0,"event_name":"Living Wall","floor":13,"gold_loss":0,"cards_obtained":["Self Repair"]},{"damage_healed":0,"gold_gain":0,"player_choice":"Entered Light","damage_taken":15,"max_hp_gain":0,"max_hp_loss":0,"event_name":"Shining Light","floor":14,"gold_loss":0,"cards_upgraded":["Defend_B","Defend_B"]},{"damage_healed":0,"gold_gain":0,"player_choice":"Obtained Relic","damage_taken":0,"relics_obtained":["Bronze Scales"],"max_hp_gain":0,"max_hp_loss":0,"event_name":"Addict","floor":19,"gold_loss":85},{"damage_healed":0,"gold_gain":0,"player_choice":"Paid Fearfully","damage_taken":0,"max_hp_gain":0,"max_hp_loss":0,"event_name":"Masked Bandits","floor":22,"gold_loss":86},{"damage_healed":0,"gold_gain":0,"player_choice":"Obtained Book","damage_taken":16,"max_hp_gain":0,"max_hp_loss":0,"event_name":"Cursed Tome","floor":24,"gold_loss":0},{"damage_healed":0,"gold_gain":0,"player_choice":"Inject Mutagens","damage_taken":0,"relics_obtained":["MutagenicStrength"],"max_hp_gain":0,"max_hp_loss":0,"event_name":"Drug Dealer","floor":30,"gold_loss":0},{"damage_healed":0,"gold_gain":0,"player_choice":"Ignored","damage_taken":0,"max_hp_gain":0,"max_hp_loss":0,"event_name":"Tomb of Lord Red Mask","floor":36,"gold_loss":0},{"damage_healed":0,"gold_gain":0,"player_choice":"Copied","damage_taken":0,"max_hp_gain":0,"max_hp_loss":0,"event_name":"Duplicator","floor":39,"gold_loss":0,"cards_obtained":["Capacitor"]},{"damage_healed":0,"gold_gain":0,"player_choice":"Upgraded","damage_taken":0,"max_hp_gain":0,"max_hp_loss":0,"event_name":"Upgrade Shrine","floor":42,"gold_loss":0,"cards_upgraded":["Coolheaded"]}],"is_beta":false,"boss_relics":[{"not_picked":["FrozenCore","Tiny House"],"picked":"Astrolabe"},{"not_picked":["Runic Pyramid","Orrery"],"picked":"Nuclear Battery"}],"items_purged_floors":[21],"is_endless":false,"potions_floor_spawned":[4,7,18,35,44,46],"killed_by":"Time Eater","ascension_level":3}