{"gold_per_floor":[116,116,135,152,163,180,193,193,216,235,255,255,255,255,255,357,357,373,373,373,399,121,121,133,148,224,224,234,284,8,34,34,34],"floor_reached":33,"playtime":2099,"items_purged":["Decay"],"score":272,"play_id":"1f8c947f-8898-43af-b5fe-f109d07d4335","local_time":"20190308223823","is_ascension_mode":true,"campfire_choices":[{"floor":8,"key":"REST"},{"data":"Sunder","floor":12,"key":"SMITH"},{"data":"White Noise","floor":15,"key":"SMITH"},{"data":"Redo","floor":23,"key":"SMITH"},{"data":"Thunder Strike","floor":27,"key":"SMITH"},{"data":"Self Repair","floor":32,"key":"SMITH"}],"neow_cost":"NONE","seed_source_timestamp":0,"circlet_count":0,"master_deck":["Strike_B","Strike_B","Strike_B","Strike_B","Defend_B","Defend_B","Defend_B","Zap","Dualcast","Redo","Capacitor","Conserve Battery","Sunder+1","White Noise+1","Redo+1","Reinforced Body","Beam Cell+1","Thunder Strike+1","Self Repair+1","Self Repair","Auto Shields","Self Repair"],"special_seed":0,"relics":["Cracked Core","NeowsBlessing","Art of War","Coffee Dripper","Enchiridion","Pen Nib","Sling","Gremlin Horn","DollysMirror","Meat on the Bone"],"potions_floor_usage":[5,11,16,24,25,31,31,33],"damage_taken":[{"damage":0.0,"enemies":"Cultist","floor":1.0,"turns":1.0},{"damage":0.0,"enemies":"2 Louse","floor":3.0,"turns":1.0},{"damage":0.0,"enemies":"Small Slimes","floor":4.0,"turns":1.0},{"damage":23,"enemies":"Exordium Thugs","floor":5,"turns":6},{"damage":5,"enemies":"Looter","floor":6,"turns":4},{"damage":14,"enemies":"Blue Slaver","floor":7,"turns":4},{"damage":5,"enemies":"3 Louse","floor":10,"turns":2},{"damage":0,"enemies":"Red Slaver","floor":11,"turns":3},{"damage":9,"enemies":"Slime Boss","floor":16,"turns":8},{"damage":16,"enemies":"3 Byrds","floor":18,"turns":4},{"damage":12,"enemies":"Shell Parasite","floor":24,"turns":3},{"damage":15,"enemies":"Centurion and Healer","floor":25,"turns":6},{"damage":11,"enemies":"Snake Plant","floor":28,"turns":4},{"damage":18,"enemies":"Book of Stabbing","floor":31,"turns":4},{"damage":52,"enemies":"Automaton","floor":33,"turns":8}],"seed_played":"555185564184720982","potions_obtained":[{"floor":1.0,"key":"Swift Potion"},{"floor":2.0,"key":"Fire Potion"},{"floor":2.0,"key":"SkillPotion"},{"floor":6,"key":"Energy Potion"},{"floor":11,"key":"Regen Potion"},{"floor":18,"key":"Dexterity Potion"},{"floor":28,"key":"Regen Potion"},{"floor":31,"key":"SkillPotion"}],"is_trial":false,"path_per_floor":["M","?","M","M","M","M","M","R","T","M","M","R","?","?","R","B",null,"M","?","?","T","$","R","M","M","T","R","M","?","$","E","R","B"],"character_chosen":"DEFECT","items_purchased":["Sling","Auto Shields","DollysMirror"],"campfire_rested":1,"item_purchase_floors":[22,30,30],"current_hp_per_floor":[75,75,75,75,52,47,33,55,55,50,50,50,50,50,50,41,75,59,59,43,43,43,43,40,32,32,32,28,28,28,43,43,0],"gold":34,"neow_bonus":"THREE_ENEMY_KILL","is_prod":false,"is_daily":false,"chose_seed":false,"campfire_upgraded":5,"win_rate":0,"timestamp":1552084703,"path_taken":["M","?","M","?","M","M","M","R","T","M","M","R","?","?","R","BOSS","M","?","?","?","$","R","M","M","T","R","M","?","$","E","R","BOSS"],"build_version":"2019-01-23","purchased_purges":1,"victory":false,"max_hp_per_floor":[75,75,75,75,75,75,75,75,75,75,75,75,75,75,75,75,75,75,75,75,75,75,75,75,75,75,75,75,75,75,75,75,75],"card_choices":[{"not_picked":["Lockon","Tempest"],"picked":"Redo","floor":1.0},{"not_picked":["Blizzard","Heatsinks"],"picked":"Capacitor","floor":3.0},{"not_picked":["Consume","Leap"],"picked":"Conserve Battery","floor":4.0},{"not_picked":["Blizzard","Redo"],"picked":"Sunder","floor":5},{"not_picked":["Gash","Storm"],"picked":"White Noise","floor":6},{"not_picked":["Ball Lightning","Rebound"],"picked":"Redo","floor":7},{"not_picked":["Scrape","Compile Driver"],"picked":"Reinforced Body","floor":10},{"not_picked":["Consume","Compile Driver"],"picked":"Beam Cell","floor":11},{"not_picked":["Rainbow","Meteor Strike"],"picked":"Thunder Strike","floor":16},{"not_picked":["Compile Driver","Heatsinks","Genetic Algorithm"],"picked":"SKIP","floor":18},{"not_picked":["Scrape","Coolheaded+1"],"picked":"Self Repair","floor":24},{"not_picked":["Redo","Heatsinks","Chaos"],"picked":"SKIP","floor":25},{"not_picked":["Barrage","Redo"],"picked":"Self Repair","floor":28},{"not_picked":["Lockon","Go for the Eyes","Stack"],"picked":"SKIP","floor":31}],"player_experience":169037,"relics_obtained":[{"floor":9,"key":"Art of War"},{"floor":20,"key":"Enchiridion"},{"floor":21,"key":"Pen Nib"},{"floor":26,"key":"Gremlin Horn"},{"floor":31,"key":"Meat on the Bone"}],"event_choices":[{"damage_healed":0.0,"max_hp_gain":0.0,"max_hp_loss":0.0,"gold_gain":0.0,"event_name":"Lab","player_choice":"Got Potions","floor":2.0,"gold_loss":0.0,"damage_taken":0.0},{"damage_healed":0,"gold_gain":0,"player_choice":"Grow","damage_taken":0,"max_hp_gain":0,"max_hp_loss":0,"event_name":"Living Wall","floor":13,"gold_loss":0,"cards_upgraded":["Beam Cell"]},{"cards_removed":["Defend_B"],"damage_healed":0,"gold_gain":0,"player_choice":"Purged","damage_taken":0,"max_hp_gain":0,"max_hp_loss":0,"event_name":"Purifier","floor":14,"gold_loss":0},{"damage_healed":0,"gold_gain":0,"player_choice":"Smashed Altar","damage_taken":0,"max_hp_gain":0,"max_hp_loss":0,"event_name":"Forgotten Altar","floor":19,"gold_loss":0,"cards_obtained":["Decay"]},{"damage_healed":0,"gold_gain":0,"player_choice":"Obtained Book","damage_taken":16,"max_hp_gain":0,"max_hp_loss":0,"event_name":"Cursed Tome","floor":20,"gold_loss":0},{"damage_healed":0,"gold_gain":100,"player_choice":"Bet on Murderer","damage_taken":0,"max_hp_gain":0,"max_hp_loss":0,"event_name":"The Joust","floor":29,"gold_loss":50}],"is_beta":false,"boss_relics":[{"not_picked":["Calling Bell","FrozenCore"],"picked":"Coffee Dripper"}],"items_purged_floors":[22],"is_endless":false,"potions_floor_spawned":[1,6,7,11,18,28,31],"killed_by":"Automaton","ascension_level":1}