{"gold_per_floor":[114,131,131,146,146,146,179,179,179,179,208,220,145,165,165,165],"floor_reached":16,"playtime":759,"items_purged":[],"score":198,"play_id":"74126667-eb9c-49be-ac63-19a73171ad60","local_time":"20190318134701","is_ascension_mode":true,"campfire_choices":[{"data":"Bash","floor":6.0,"key":"SMITH"},{"floor":8,"key":"REST"},{"floor":10,"key":"REST"},{"floor":15,"key":"REST"}],"neow_cost":"NONE","seed_source_timestamp":153805647900445,"circlet_count":0,"master_deck":["AscendersBane","Strike_R","Strike_R","Strike_R","Strike_R","Defend_R+1","Defend_R","Defend_R","Defend_R","Bash+1","Shockwave","Sword Boomerang","Wild Strike+1","Headbutt","Reaper","Shrug It Off"],"special_seed":0,"relics":["Burning Blood","Question Card","Vajra","Oddly Smooth Stone"],"potions_floor_usage":[7,16,16],"damage_taken":[{"damage":10.0,"enemies":"Jaw Worm","floor":1.0,"turns":4.0},{"damage":2.0,"enemies":"2 Louse","floor":2.0,"turns":4.0},{"damage":17.0,"enemies":"Small Slimes","floor":4.0,"turns":3.0},{"damage":33,"enemies":"Gremlin Nob","floor":7,"turns":5},{"damage":29,"enemies":"3 Sentries","floor":11,"turns":8},{"damage":13,"enemies":"Blue Slaver","floor":12,"turns":2},{"damage":30,"enemies":"Exordium Thugs","floor":14,"turns":4},{"damage":39,"enemies":"Hexaghost","floor":16,"turns":11}],"seed_played":"2205315214864526077","potions_obtained":[{"floor":2.0,"key":"PowerPotion"},{"floor":7,"key":"Ancient Potion"},{"floor":14,"key":"Block Potion"}],"is_trial":false,"path_per_floor":["M","M","?","M","?","R","E","R","T","R","E","M","?","M","R","B"],"character_chosen":"IRONCLAD","items_purchased":[],"campfire_rested":3,"item_purchase_floors":[],"current_hp_per_floor":[64,68,68,57,34,34,7,29,29,51,28,21,21,9,31,0],"gold":165,"neow_bonus":"THREE_CARDS","is_prod":false,"is_daily":false,"chose_seed":false,"campfire_upgraded":1,"win_rate":0,"timestamp":1552931221,"path_taken":["M","M","?","M","?","R","E","R","T","R","E","M","?","M","R","BOSS"],"build_version":"2019-01-23","purchased_purges":0,"victory":false,"max_hp_per_floor":[75,75,75,75,75,75,75,75,75,75,75,75,75,75,75,75],"card_choices":[{"not_picked":["True Grit","Headbutt"],"picked":"Shockwave","floor":0.0},{"not_picked":["Body Slam","Intimidate","Armaments"],"picked":"SKIP","floor":1.0},{"not_picked":["Disarm","Cleave"],"picked":"Sword Boomerang","floor":2.0},{"not_picked":["Warcry","Intimidate"],"picked":"Wild Strike","floor":4.0},{"not_picked":["Sentinel","Clash","Sword Boomerang"],"picked":"SKIP","floor":7},{"not_picked":["Power Through","Havoc","Heavy Blade"],"picked":"Headbutt","floor":11},{"not_picked":["Pummel","Wild Strike","Entrench"],"picked":"Reaper","floor":12},{"not_picked":["Power Through","Body Slam","Shockwave"],"picked":"Shrug It Off","floor":14}],"player_experience":734684,"relics_obtained":[{"floor":7,"key":"Question Card"},{"floor":9,"key":"Vajra"},{"floor":11,"key":"Oddly Smooth Stone"}],"event_choices":[{"damage_healed":0.0,"max_hp_gain":0.0,"max_hp_loss":0.0,"gold_gain":0.0,"event_name":"Liars Game","player_choice":"Ignored","floor":3.0,"gold_loss":0.0,"damage_taken":0.0},{"damage_healed":0.0,"max_hp_gain":0.0,"max_hp_loss":0.0,"gold_gain":0.0,"event_name":"Shining Light","player_choice":"Entered Light","floor":5.0,"gold_loss":0.0,"damage_taken":23.0,"cards_upgraded":["Defend_R","Wild Strike"]},{"cards_removed":["Strike_R"],"damage_healed":0,"gold_gain":0,"player_choice":"Card Removal","damage_taken":0,"max_hp_gain":0,"max_hp_loss":0,"event_name":"The Cleric","floor":13,"gold_loss":75}],"is_beta":false,"boss_relics":[],"items_purged_floors":[],"is_endless":false,"potions_floor_spawned":[2,7,14],"killed_by":"Hexaghost","ascension_level":16}