{"gold_per_floor":[19,19,33,49,69,69,89,122,122,122,136,136,57,85,85,162,162,162,87,87,87,87,87,87,87,87,87,87,87,87,87,87,87],"floor_reached":33,"playtime":1193,"items_purged":[],"score":590,"play_id":"c55b65ea-f079-40c4-934c-41b083a76a96","local_time":"20190129224225","is_ascension_mode":true,"campfire_choices":[{"data":"Cleave","floor":6.0,"key":"SMITH"},{"data":"Rupture","floor":10.0,"key":"SMITH"},{"data":"Carnage","floor":12.0,"key":"SMITH"},{"data":"Intimidate","floor":15.0,"key":"SMITH"},{"data":"Bludgeon","floor":23.0,"key":"SMITH"},{"floor":27.0,"key":"REST"},{"data":"Dual Wield","floor":29.0,"key":"SMITH"},{"floor":32.0,"key":"REST"}],"neow_cost":"NO_GOLD","seed_source_timestamp":1739893199456985,"circlet_count":0,"master_deck":["AscendersBane","Strike_R","Strike_R","Strike_R","Strike_R","Defend_R","Defend_R","Defend_R","Defend_R","Bash","Cleave+1","Pain","Twin Strike","Intimidate+1","Metallicize","Rupture+1","Carnage+1","Bludgeon+1","Dual Wield+1","Headbutt+1","Necronomicurse","Decay","Fiend Fire"],"special_seed":0,"relics":["Burning Blood","Bird Faced Urn","WarpedTongs","Odd Mushroom","Bag of Marbles","Boot","Self Forming Clay","Ectoplasm","Necronomicon","Darkstone Periapt","Mercury Hourglass","Strawberry"],"potions_floor_usage":[33],"damage_taken":[{"damage":7.0,"enemies":"Small Slimes","floor":1.0,"turns":4.0},{"damage":2.0,"enemies":"Cultist","floor":3.0,"turns":3.0},{"damage":2.0,"enemies":"2 Louse","floor":4.0,"turns":2.0},{"damage":15.0,"enemies":"2 Fungi Beasts","floor":5.0,"turns":4.0},{"damage":8.0,"enemies":"The Mushroom Lair","floor":7.0,"turns":4.0},{"damage":31.0,"enemies":"Gremlin Nob","floor":8.0,"turns":5.0},{"damage":18.0,"enemies":"Blue Slaver","floor":11.0,"turns":4.0},{"damage":11.0,"enemies":"Lagavulin","floor":14.0,"turns":7.0},{"damage":18.0,"enemies":"Slime Boss","floor":16.0,"turns":8.0},{"damage":8.0,"enemies":"3 Byrds","floor":18.0,"turns":4.0},{"damage":20.0,"enemies":"Shell Parasite","floor":20.0,"turns":4.0},{"damage":2.0,"enemies":"Centurion and Healer","floor":22.0,"turns":2.0},{"damage":29.0,"enemies":"Book of Stabbing","floor":25.0,"turns":4.0},{"damage":26.0,"enemies":"Slavers","floor":28.0,"turns":8.0},{"damage":3.0,"enemies":"3 Cultists","floor":30.0,"turns":3.0},{"damage":23.0,"enemies":"Sentry and Sphere","floor":31.0,"turns":4.0},{"damage":68,"enemies":"Automaton","floor":33,"turns":6}],"seed_played":"-3077554033468312013","potions_obtained":[{"floor":5.0,"key":"SpeedPotion"},{"floor":11.0,"key":"Dexterity Potion"},{"floor":18.0,"key":"SneckoOil"},{"floor":30.0,"key":"Dexterity Potion"}],"is_trial":false,"path_per_floor":["M","?","M","M","M","R","?","E","T","R","M","R","$","E","R","B",null,"M","?","M","?","M","R","?","E","T","R","E","R","M","M","R","B"],"character_chosen":"IRONCLAD","items_purchased":["Regen Potion"],"campfire_rested":2,"item_purchase_floors":[13],"current_hp_per_floor":[67,67,71,75,66,66,64,41,41,41,33,33,33,47,47,39,66,66,66,58,37,43,43,43,24,24,46,41,41,44,31,55,0],"gold":87,"neow_bonus":"ONE_RARE_RELIC","is_prod":false,"is_daily":false,"chose_seed":false,"campfire_upgraded":6,"win_rate":0,"timestamp":1548798145,"path_taken":["M","?","M","?","M","R","?","E","T","R","M","R","$","E","R","BOSS","M","?","M","?","M","R","?","E","T","R","E","R","?","M","R","BOSS"],"build_version":"2019-01-23","purchased_purges":0,"victory":false,"max_hp_per_floor":[75,75,75,75,75,75,75,75,75,75,75,75,75,75,75,75,75,75,75,75,75,75,75,75,75,75,75,82,82,82,82,82,82],"card_choices":[{"not_picked":["Twin Strike","Intimidate"],"picked":"Cleave","floor":1.0},{"not_picked":["Warcry","Havoc"],"picked":"Twin Strike","floor":3.0},{"not_picked":["Body Slam","Armaments","Cleave"],"picked":"SKIP","floor":4.0},{"not_picked":["Exhume","Perfected Strike"],"picked":"Intimidate","floor":5.0},{"not_picked":["Clothesline","Headbutt"],"picked":"Metallicize","floor":7.0},{"not_picked":["Iron Wave","Ghostly Armor"],"picked":"Rupture","floor":8.0},{"not_picked":["Anger","Pommel Strike"],"picked":"Carnage","floor":11.0},{"not_picked":["Reckless Charge","Shockwave","Warcry"],"picked":"SKIP","floor":14.0},{"not_picked":["Feed","Immolate"],"picked":"Bludgeon","floor":16.0},{"not_picked":["Havoc","Searing Blow+1"],"picked":"Dual Wield","floor":18.0},{"not_picked":["Seeing Red","Shrug It Off"],"picked":"Headbutt+1","floor":20.0},{"not_picked":["Rupture","Shrug It Off","Intimidate"],"picked":"SKIP","floor":22.0},{"not_picked":["Pommel Strike","Heavy Blade","Anger"],"picked":"SKIP","floor":25.0},{"not_picked":["Searing Blow+1","Whirlwind","Pummel"],"picked":"SKIP","floor":28.0},{"not_picked":["Armaments","Fire Breathing"],"picked":"Fiend Fire","floor":30.0},{"not_picked":["Sword Boomerang","Shrug It Off","Perfected Strike"],"picked":"SKIP","floor":31.0}],"player_experience":971259,"relics_obtained":[{"floor":7.0,"key":"Odd Mushroom"},{"floor":8.0,"key":"Bag of Marbles"},{"floor":9.0,"key":"Boot"},{"floor":14.0,"key":"Self Forming Clay"},{"floor":21.0,"key":"Necronomicon"},{"floor":25.0,"key":"Darkstone Periapt"},{"floor":26.0,"key":"Mercury Hourglass"},{"floor":28.0,"key":"Strawberry"}],"event_choices":[{"damage_healed":0.0,"max_hp_gain":0.0,"max_hp_loss":0.0,"gold_gain":0.0,"event_name":"Accursed Blacksmith","player_choice":"Rummage","floor":2.0,"gold_loss":0.0,"damage_taken":0.0,"relics_obtained":["WarpedTongs"],"cards_obtained":["Pain"]},{"damage_healed":0.0,"max_hp_gain":0.0,"max_hp_loss":0.0,"gold_gain":0.0,"event_name":"Mushrooms","player_choice":"Fought Mushrooms","floor":7.0,"gold_loss":0.0,"damage_taken":0.0},{"cards_removed":["Strike_R"],"damage_healed":0.0,"max_hp_gain":0.0,"max_hp_loss":0.0,"gold_gain":0.0,"event_name":"Beggar","player_choice":"Gave Gold","floor":19.0,"gold_loss":75.0,"damage_taken":0.0},{"damage_healed":0.0,"max_hp_gain":0.0,"max_hp_loss":0.0,"gold_gain":0.0,"event_name":"Cursed Tome","player_choice":"Obtained Book","floor":21.0,"gold_loss":0.0,"damage_taken":21.0},{"damage_healed":0.0,"max_hp_gain":0.0,"max_hp_loss":0.0,"gold_gain":0.0,"event_name":"Forgotten Altar","player_choice":"Smashed Altar","floor":24.0,"gold_loss":0.0,"damage_taken":0.0,"cards_obtained":["Decay"]}],"is_beta":false,"boss_relics":[{"not_picked":["Fusion Hammer","Coffee Dripper"],"picked":"Ectoplasm"}],"items_purged_floors":[],"is_endless":false,"potions_floor_spawned":[5,11,18,30],"killed_by":"Automaton","ascension_level":20}