{"gold_per_floor":[217,167,185,89,103,103,115,115,139,139,155,155,155,155,155,250,250,269,297,396,130,130,130,159,171,183,208,251,163,180,197,197,299,299,310,310,329,551,564,564,584,584,584,584,614,614,632,659,659,659,659,659,258,284,284],"floor_reached":56,"playtime":4228,"items_purged":["Strike_R","Strike_R","Defend_R"],"score":1520,"play_id":"3d9a852b-7eaa-479c-8208-3275f113a13a","local_time":"20190130224706","is_ascension_mode":true,"campfire_choices":[{"data":"Searing Blow","floor":6.0,"key":"SMITH"},{"data":"Searing Blow+1","floor":8.0,"key":"SMITH"},{"data":"Searing Blow+2","floor":10.0,"key":"SMITH"},{"data":"Searing Blow+3","floor":12.0,"key":"SMITH"},{"data":"Searing Blow+4","floor":15.0,"key":"SMITH"},{"data":"Searing Blow+5","floor":23.0,"key":"SMITH"},{"data":"Searing Blow+6","floor":25.0,"key":"SMITH"},{"data":"Searing Blow+7","floor":32.0,"key":"SMITH"},{"floor":40.0,"key":"RECALL"},{"data":"Searing Blow+8","floor":42.0,"key":"SMITH"},{"data":"Searing Blow+9","floor":49.0,"key":"SMITH"},{"data":"Searing Blow+10","floor":52.0,"key":"SMITH"}],"neow_cost":"NONE","seed_source_timestamp":264078975429988,"circlet_count":0,"master_deck":["Strike_R","Defend_R","Defend_R","Bash","Searing Blow+11","Pommel Strike","Dark Shackles","Armaments","Double Tap","Clothesline","Headbutt+1","Armaments","Headbutt","Shrug It Off"],"special_seed":0,"relics":["Burning Blood","Centennial Puzzle","Velvet Choker","Red Mask","Bag of Preparation","MawBank","Blue Candle","Torii","Runic Cube","Ginger","Happy Flower","Membership Card","Lantern","Kunai"],"potions_floor_usage":[55,55,55],"damage_taken":[{"damage":2.0,"enemies":"2 Louse","floor":1.0,"turns":2.0},{"damage":8.0,"enemies":"Small Slimes","floor":3.0,"turns":4.0},{"damage":7.0,"enemies":"Jaw Worm","floor":5.0,"turns":3.0},{"damage":32.0,"enemies":"Exordium Thugs","floor":7.0,"turns":6.0},{"damage":1.0,"enemies":"Looter","floor":11.0,"turns":3.0},{"damage":11.0,"enemies":"Hexaghost","floor":16.0,"turns":6.0},{"damage":0.0,"enemies":"Shell Parasite","floor":18.0,"turns":5.0},{"damage":7.0,"enemies":"Masked Bandits","floor":19.0,"turns":4.0},{"damage":7.0,"enemies":"Gremlin Leader","floor":24.0,"turns":2.0},{"damage":0.0,"enemies":"3 Byrds","floor":27.0,"turns":3.0},{"damage":23.0,"enemies":"Slavers","floor":28.0,"turns":5.0},{"damage":0.0,"enemies":"Snake Plant","floor":30.0,"turns":2.0},{"damage":0.0,"enemies":"Chosen and Byrds","floor":31.0,"turns":2.0},{"damage":26.0,"enemies":"Collector","floor":33.0,"turns":3.0},{"damage":2.0,"enemies":"3 Shapes","floor":35.0,"turns":6.0},{"damage":15.0,"enemies":"3 Darklings","floor":37.0,"turns":6.0},{"damage":8.0,"enemies":"Writhing Mass","floor":39.0,"turns":4.0},{"damage":0.0,"enemies":"Spire Growth","floor":41.0,"turns":2.0},{"damage":8.0,"enemies":"Giant Head","floor":45.0,"turns":4.0},{"damage":10.0,"enemies":"3 Darklings","floor":47.0,"turns":5.0},{"damage":0.0,"enemies":"Reptomancer","floor":48.0,"turns":1.0},{"damage":45.0,"enemies":"Donu and Deca","floor":50.0,"turns":5.0},{"damage":14,"enemies":"Shield and Spear","floor":54,"turns":3},{"damage":69,"enemies":"The Heart","floor":55,"turns":5}],"seed_played":"-2853080800808193474","potions_obtained":[{"floor":1.0,"key":"SteroidPotion"},{"floor":5.0,"key":"EssenceOfSteel"},{"floor":7.0,"key":"Regen Potion"},{"floor":16.0,"key":"Fire Potion"},{"floor":28.0,"key":"FearPotion"},{"floor":39.0,"key":"Swift Potion"}],"is_trial":false,"path_per_floor":["M","?","M","$","M","R","M","R","T","R","M","R","?","?","R","B",null,"M","?","?","$","?","R","E","R","T","M","E","$","M","M","R","B",null,"M","?","M","?","M","R","M","R","T","?","E","?","M","E","R","B",null,"R","$","E","B",null],"character_chosen":"IRONCLAD","items_purchased":["Dark Shackles","Bag of Preparation","Armaments","Membership Card","Lantern","LiquidBronze","Shrug It Off"],"campfire_rested":0,"item_purchase_floors":[4,21,21,53,53,53,53],"current_hp_per_floor":[76,76,74,74,73,73,47,47,47,47,52,52,78,78,78,73,78,80,79,79,79,79,79,78,78,78,80,63,63,69,75,75,55,74,78,78,69,69,67,67,73,73,73,73,71,71,67,73,73,34,69,69,69,61,12],"gold":284,"neow_bonus":"HUNDRED_GOLD","is_prod":false,"is_daily":false,"chose_seed":false,"campfire_upgraded":11,"win_rate":0,"timestamp":1548906426,"path_taken":["M","?","M","$","M","R","M","R","T","R","M","R","?","?","R","BOSS","M","?","?","$","?","R","E","R","T","?","E","$","M","M","R","BOSS","M","?","?","?","M","R","M","R","T","?","E","?","M","E","R","BOSS","R","$","E","BOSS"],"build_version":"2019-01-23","purchased_purges":3,"victory":true,"max_hp_per_floor":[80,80,80,80,80,80,80,80,80,80,80,80,80,80,80,80,80,80,80,80,80,80,80,80,80,80,80,80,80,80,80,80,80,80,80,80,80,80,80,80,80,80,80,80,80,80,80,80,80,80,80,80,80,80,80],"card_choices":[{"not_picked":["Fire Breathing","Corruption"],"picked":"Searing Blow","floor":1.0},{"not_picked":["Flex","Combust"],"picked":"Pommel Strike","floor":3.0},{"not_picked":["Bloodletting","Searing Blow","Heavy Blade"],"picked":"SKIP","floor":5.0},{"not_picked":["Hemokinesis","Second Wind"],"picked":"Flame Barrier","floor":7.0},{"not_picked":["Carnage","Anger"],"picked":"Armaments","floor":11.0},{"not_picked":["Fiend Fire","Brutality"],"picked":"Double Tap","floor":16.0},{"not_picked":["Corruption","Combust+1"],"picked":"Clothesline","floor":18.0},{"not_picked":["Iron Wave","Wild Strike+1"],"picked":"Headbutt+1","floor":19.0},{"not_picked":["Intimidate","Carnage+1","Perfected Strike"],"picked":"SKIP","floor":24.0},{"not_picked":["Twin Strike+1","Intimidate+1"],"picked":"Headbutt","floor":27.0},{"not_picked":["Entrench+1","Shrug It Off","Flame Barrier"],"picked":"SKIP","floor":28.0},{"not_picked":["Headbutt","Anger","Impervious"],"picked":"SKIP","floor":30.0},{"not_picked":["True Grit","Anger","Armaments"],"picked":"SKIP","floor":31.0},{"not_picked":["Body Slam","Shockwave","Pummel+1"],"picked":"SKIP","floor":35.0},{"not_picked":["Searing Blow+1","Cleave+1","Anger+1"],"picked":"SKIP","floor":37.0},{"not_picked":["Body Slam","True Grit","Havoc+1"],"picked":"SKIP","floor":39.0},{"not_picked":["Sword Boomerang","Perfected Strike","Entrench+1"],"picked":"SKIP","floor":41.0},{"not_picked":["Sword Boomerang+1","Dark Embrace","Infernal Blade"],"picked":"SKIP","floor":45.0},{"not_picked":["Perfected Strike","Armaments+1","Infernal Blade+1"],"picked":"SKIP","floor":47.0},{"not_picked":["Cleave+1","Disarm","Heavy Blade"],"picked":"SKIP","floor":48.0},{"not_picked":["Pummel","Carnage+1","True Grit+1"],"picked":"SKIP","floor":54}],"player_experience":339838,"relics_obtained":[{"floor":9.0,"key":"Centennial Puzzle"},{"floor":19.0,"key":"Red Mask"},{"floor":24.0,"key":"MawBank"},{"floor":26.0,"key":"Blue Candle"},{"floor":28.0,"key":"Torii"},{"floor":45.0,"key":"Ginger"},{"floor":48.0,"key":"Happy Flower"},{"floor":54,"key":"Kunai"}],"event_choices":[{"cards_removed":["Strike_R"],"damage_healed":0.0,"max_hp_gain":0.0,"max_hp_loss":0.0,"gold_gain":0.0,"event_name":"The Cleric","player_choice":"Card Removal","floor":2.0,"gold_loss":50.0,"damage_taken":0.0},{"damage_healed":26.0,"max_hp_gain":0.0,"max_hp_loss":0.0,"gold_gain":0.0,"event_name":"Big Fish","player_choice":"Banana","floor":13.0,"gold_loss":0.0,"damage_taken":0.0},{"cards_removed":["Strike_R"],"damage_healed":0.0,"max_hp_gain":0.0,"max_hp_loss":0.0,"gold_gain":0.0,"event_name":"Purifier","player_choice":"Purged","floor":14.0,"gold_loss":0.0,"damage_taken":0.0},{"damage_healed":0.0,"max_hp_gain":0.0,"max_hp_loss":0.0,"gold_gain":0.0,"event_name":"Masked Bandits","player_choice":"Fought Bandits","floor":19.0,"gold_loss":0.0,"damage_taken":0.0},{"damage_healed":0.0,"max_hp_gain":0.0,"max_hp_loss":0.0,"gold_gain":99.0,"event_name":"Nest","player_choice":"Stole From Cult","floor":20.0,"gold_loss":0.0,"damage_taken":0.0},{"cards_removed":["Defend_R"],"damage_healed":0.0,"max_hp_gain":0.0,"max_hp_loss":0.0,"gold_gain":0.0,"event_name":"Purifier","player_choice":"Purged","floor":22.0,"gold_loss":0.0,"damage_taken":0.0},{"damage_healed":0.0,"max_hp_gain":0.0,"max_hp_loss":0.0,"gold_gain":0.0,"event_name":"SecretPortal","player_choice":"Ignored","floor":36.0,"gold_loss":0.0,"damage_taken":0.0},{"damage_healed":0.0,"max_hp_gain":0.0,"max_hp_loss":0.0,"gold_gain":222.0,"event_name":"Tomb of Lord Red Mask","player_choice":"Wore Mask","floor":38.0,"gold_loss":0.0,"damage_taken":0.0},{"cards_removed":["Flame Barrier"],"damage_healed":0.0,"max_hp_gain":0.0,"max_hp_loss":0.0,"gold_gain":0.0,"event_name":"Falling","player_choice":"Removed Skill","floor":44.0,"gold_loss":0.0,"damage_taken":0.0},{"damage_healed":0.0,"max_hp_gain":0.0,"max_hp_loss":0.0,"gold_gain":0.0,"event_name":"SensoryStone","player_choice":"Memory 1","floor":46.0,"gold_loss":0.0,"damage_taken":0.0}],"is_beta":false,"boss_relics":[{"not_picked":["Eternal Feather","Mark of Pain"],"picked":"Velvet Choker"},{"not_picked":["Snecko Eye","Astrolabe"],"picked":"Runic Cube"}],"items_purged_floors":[21,29,53],"is_endless":false,"potions_floor_spawned":[1,5,7,16,18,19,28,31,33,35,37,39,41],"ascension_level":6}