{"gold_per_floor":[119,138,138,138,158,187,205,205,205,233,233,259,259,88,88,164,164,175,175,191,16,16,16,51,68,68,84,96,46,46,246,246,320,320,337,337,337,437,0,32,32,59,82,82,82,101,101,135,135,135,135],"floor_reached":52,"playtime":2758,"items_purged":[],"score":2019,"play_id":"42988465-4f7a-420d-94fa-9b55eab79a68","local_time":"20190317175810","is_ascension_mode":true,"campfire_choices":[{"floor":8,"key":"REST"},{"data":"Spot Weakness","floor":11,"key":"SMITH"},{"data":"Bash","floor":15,"key":"SMITH"},{"data":"Limit Break","floor":23,"key":"SMITH"},{"data":"J.A.X.","floor":30,"key":"SMITH"},{"floor":32,"key":"REST"},{"data":"Enlightenment","floor":45,"key":"SMITH"},{"data":"Madness","floor":47,"key":"SMITH"},{"data":"Shockwave","floor":49,"key":"SMITH"}],"neow_cost":"NONE","seed_source_timestamp":376561214033692,"circlet_count":0,"master_deck":["AscendersBane","Strike_R","Strike_R","Strike_R","Strike_R","Defend_R","Defend_R","Defend_R","Defend_R+1","Bash+1","Rampage","Reckless Charge+1","Infernal Blade","Reaper","Infernal Blade","Spot Weakness+1","Heavy Blade+1","Bludgeon","Pommel Strike","Writhe","Shockwave+1","Limit Break+1","J.A.X.+1","Flex","Spot Weakness+1","Dropkick+1","Anger+1","Limit Break","Rupture","Reaper","Fire Breathing+1","Flex+1","Madness+1","Madness+1","Second Wind+1","Panacea","Enlightenment+1","Blind","Pummel","Spot Weakness"],"relics":["Burning Blood","Kunai","Self Forming Clay","Darkstone Periapt","Centennial Puzzle","Bag of Marbles","Mark of Pain","Omamori","Pear","Juzu Bracelet","Runic Pyramid","Mango","Red Mask","Meat on the Bone","Potion Belt","War Paint","Red Skull"],"potions_floor_usage":[6,6,10,10,18,24,28,33,50,50],"damage_taken":[{"damage":9,"enemies":"2 Louse","floor":1,"turns":2},{"damage":16,"enemies":"Small Slimes","floor":2,"turns":4},{"damage":0,"enemies":"Cultist","floor":5,"turns":3},{"damage":0,"enemies":"Gremlin Nob","floor":6,"turns":2},{"damage":7,"enemies":"Blue Slaver","floor":7,"turns":4},{"damage":5,"enemies":"Lagavulin","floor":10,"turns":3},{"damage":11,"enemies":"Gremlin Nob","floor":12,"turns":3},{"damage":44,"enemies":"Hexaghost","floor":16,"turns":7},{"damage":15,"enemies":"Shell Parasite","floor":18,"turns":2},{"damage":0,"enemies":"Chosen","floor":20,"turns":3},{"damage":30,"enemies":"Slavers","floor":24,"turns":3},{"damage":15,"enemies":"3 Cultists","floor":25,"turns":3},{"damage":9,"enemies":"Cultist and Chosen","floor":27,"turns":4},{"damage":21,"enemies":"Snake Plant","floor":28,"turns":2},{"damage":95,"enemies":"Automaton","floor":33,"turns":7},{"damage":13,"enemies":"3 Darklings","floor":35,"turns":2},{"damage":23,"enemies":"Mind Bloom Boss Battle","floor":38,"turns":4},{"damage":64,"enemies":"Reptomancer","floor":40,"turns":5},{"damage":33,"enemies":"Giant Head","floor":42,"turns":5},{"damage":22,"enemies":"3 Shapes","floor":46,"turns":3},{"damage":46,"enemies":"Reptomancer","floor":48,"turns":4},{"damage":72,"enemies":"Awakened One","floor":50,"turns":8},{"damage":121,"enemies":"Donu and Deca","floor":51,"turns":8}],"seed_played":"-410673483539635209","potions_obtained":[{"floor":4,"key":"EntropicBrew"},{"floor":4,"key":"PowerPotion"},{"floor":6,"key":"PowerPotion"},{"floor":12,"key":"Ancient Potion"},{"floor":16,"key":"FearPotion"},{"floor":18,"key":"Strength Potion"},{"floor":20,"key":"Strength Potion"},{"floor":28,"key":"SteroidPotion"},{"floor":40,"key":"SteroidPotion"},{"floor":42,"key":"Energy Potion"},{"floor":48,"key":"LiquidBronze"}],"is_trial":false,"path_per_floor":["M","M","?","?","M","E","M","R","T","E","R","E","?","$","R","B",null,"M","?","M","$","?","R","E","M","T","M","M","?","R","?","R","B",null,"M","?","?","?","?","E","?","E","T","?","R","M","R","E","R","B","B",null],"character_chosen":"IRONCLAD","items_purchased":["Bag of Marbles","Limit Break"],"campfire_rested":2,"item_purchase_floors":[14,21],"current_hp_per_floor":[65,55,32,32,38,44,43,65,65,75,75,70,70,70,70,44,67,58,64,70,70,70,70,70,61,61,73,67,67,67,67,91,21,74,91,91,91,105,105,105,86,105,105,95,95,94,94,105,105,91,97],"gold":135,"neow_bonus":"TRANSFORM_CARD","is_prod":false,"is_daily":false,"chose_seed":false,"campfire_upgraded":7,"win_rate":0,"timestamp":1552870690,"path_taken":["M","M","?","?","?","E","M","R","T","E","R","E","?","$","R","BOSS","M","?","M","$","?","R","E","M","T","M","M","?","R","?","R","BOSS","M","?","?","?","?","E","?","E","T","?","R","M","R","E","R","BOSS","BOSS"],"build_version":"2019-01-23","purchased_purges":0,"victory":true,"max_hp_per_floor":[75,75,75,75,75,75,75,75,75,75,75,75,75,75,75,75,75,75,81,81,81,81,81,91,91,91,91,91,91,91,91,91,91,91,91,91,91,105,105,105,105,105,105,105,105,105,105,105,105,105,105],"card_choices":[{"not_picked":["Heavy Blade","Cleave"],"picked":"Reckless Charge","floor":1},{"not_picked":["Wild Strike","Body Slam"],"picked":"Battle Trance","floor":2},{"not_picked":["Hemokinesis","Corruption"],"picked":"Infernal Blade","floor":5},{"not_picked":["Pommel Strike","Anger"],"picked":"Reaper","floor":6},{"not_picked":["Armaments","Anger"],"picked":"Infernal Blade","floor":7},{"not_picked":["Shrug It Off","Infernal Blade"],"picked":"Spot Weakness","floor":10},{"not_picked":["Bloodletting","Warcry"],"picked":"Heavy Blade","floor":12},{"not_picked":["Impervious","Reaper"],"picked":"Bludgeon","floor":16},{"not_picked":["Thunderclap","Heavy Blade"],"picked":"Pommel Strike","floor":18},{"not_picked":["Sword Boomerang","Blood for Blood+1"],"picked":"Shockwave","floor":20},{"not_picked":["Fiend Fire","True Grit"],"picked":"Flex","floor":24},{"not_picked":["Corruption","Intimidate"],"picked":"Spot Weakness+1","floor":25},{"not_picked":["Flex","Clash"],"picked":"Dropkick+1","floor":27},{"not_picked":["Headbutt","Battle Trance"],"picked":"Anger+1","floor":28},{"not_picked":["Brutality","Impervious"],"picked":"Limit Break","floor":33},{"not_picked":["Metallicize","Hemokinesis"],"picked":"Rupture","floor":35},{"not_picked":["Iron Wave","Wild Strike+1"],"picked":"Fire Breathing+1","floor":38},{"not_picked":["Thunderclap","Blood for Blood"],"picked":"Flex+1","floor":40},{"not_picked":["Intimidate","Clothesline"],"picked":"Second Wind","floor":42},{"not_picked":["Dark Shackles","Trip"],"picked":"Panacea","floor":44},{"not_picked":["Transmutation","PanicButton"],"picked":"Enlightenment","floor":44},{"not_picked":["Chrysalis","Enlightenment"],"picked":"Blind","floor":44},{"not_picked":["Cleave","Rage"],"picked":"Pummel","floor":46},{"not_picked":["Iron Wave","Pommel Strike"],"picked":"Spot Weakness","floor":48}],"player_experience":261731,"relics_obtained":[{"floor":6,"key":"Kunai"},{"floor":9,"key":"Self Forming Clay"},{"floor":10,"key":"Darkstone Periapt"},{"floor":12,"key":"Centennial Puzzle"},{"floor":24,"key":"Pear"},{"floor":26,"key":"Juzu Bracelet"},{"floor":38,"key":"Mango"},{"floor":40,"key":"Meat on the Bone"},{"floor":42,"key":"Potion Belt"},{"floor":43,"key":"War Paint"},{"floor":48,"key":"Red Skull"}],"event_choices":[{"damage_healed":0,"gold_gain":0,"player_choice":"Entered Light","damage_taken":23,"max_hp_gain":0,"max_hp_loss":0,"event_name":"Shining Light","floor":3,"gold_loss":0,"cards_upgraded":["Defend_R","Reckless Charge"]},{"damage_healed":0,"gold_gain":0,"player_choice":"Got Potions","damage_taken":0,"max_hp_gain":0,"max_hp_loss":0,"event_name":"Lab","floor":4,"gold_loss":0},{"damage_healed":0,"gold_gain":0,"player_choice":"Grow","damage_taken":0,"max_hp_gain":0,"max_hp_loss":0,"event_name":"Living Wall","floor":13,"gold_loss":0,"cards_upgraded":["Heavy Blade"]},{"damage_healed":0,"gold_gain":0,"player_choice":"Opened","damage_taken":0,"relics_obtained":["Omamori"],"max_hp_gain":0,"max_hp_loss":0,"event_name":"The Mausoleum","floor":19,"gold_loss":0,"cards_obtained":["Writhe"]},{"damage_healed":0,"gold_gain":0,"player_choice":"Obtain J.A.X.","damage_taken":0,"max_hp_gain":0,"max_hp_loss":0,"event_name":"Drug Dealer","floor":22,"gold_loss":0,"cards_obtained":["J.A.X."]},{"damage_healed":0,"gold_gain":0,"player_choice":"Bet on Murderer","damage_taken":0,"max_hp_gain":0,"max_hp_loss":0,"event_name":"The Joust","floor":29,"gold_loss":50},{"damage_healed":0,"gold_gain":200,"player_choice":"Gold","damage_taken":0,"max_hp_gain":0,"max_hp_loss":0,"event_name":"Wheel of Change","floor":31,"gold_loss":0},{"cards_removed":["Battle Trance"],"damage_healed":0,"gold_gain":0,"player_choice":"Removed Skill","damage_taken":0,"max_hp_gain":0,"max_hp_loss":0,"event_name":"Falling","floor":36,"gold_loss":0},{"damage_healed":0,"gold_gain":0,"player_choice":"Copied","damage_taken":0,"max_hp_gain":0,"max_hp_loss":0,"event_name":"Duplicator","floor":37,"gold_loss":0,"cards_obtained":["Reaper"]},{"damage_healed":0,"gold_gain":0,"player_choice":"Fight","damage_taken":0,"max_hp_gain":0,"max_hp_loss":0,"event_name":"MindBloom","floor":38,"gold_loss":0},{"damage_healed":0,"gold_gain":0,"player_choice":"Paid","damage_taken":0,"relics_obtained":["Red Mask"],"max_hp_gain":0,"max_hp_loss":0,"event_name":"Tomb of Lord Red Mask","floor":39,"gold_loss":437},{"damage_healed":0,"gold_gain":0,"player_choice":"Embrace Madness","damage_taken":19,"max_hp_gain":0,"max_hp_loss":0,"event_name":"Winding Halls","floor":41,"gold_loss":0,"cards_obtained":["Madness","Madness"]},{"damage_healed":0,"gold_gain":0,"player_choice":"Memory 3","damage_taken":10,"max_hp_gain":0,"max_hp_loss":0,"event_name":"SensoryStone","floor":44,"gold_loss":0}],"is_beta":false,"boss_relics":[{"not_picked":["Runic Dome","Ectoplasm"],"picked":"Mark of Pain"},{"not_picked":["Tiny House","Coffee Dripper"],"picked":"Runic Pyramid"}],"items_purged_floors":[],"is_endless":false,"potions_floor_spawned":[5,6,12,16,18,20,28,40,42,48],"ascension_level":20}