{"gold_per_floor":[117,392,0,15,29,29,56,73,120,139,139,164,164,181,181,255,255,269,249,267,283,21,21,40,40,40,69,81,111,123,155,167,250,262,331,343,371,123,123,123,0,31,78,111,111,127,127,141,141,141,141],"floor_reached":51,"playtime":2834,"items_purged":["Regret","Strike_G","Strike_G"],"score":1424,"play_id":"01640a03-eeb8-48a5-8420-c6d491ae38e7","local_time":"20181023184046","is_ascension_mode":true,"campfire_choices":[{"data":"Terror","floor":6.0,"key":"SMITH"},{"data":"Noxious Fumes","floor":13.0,"key":"SMITH"},{"floor":15.0,"key":"REST"},{"floor":23.0,"key":"REST"},{"floor":25.0,"key":"REST"},{"floor":28.0,"key":"REST"},{"data":"A Thousand Cuts","floor":30.0,"key":"SMITH"},{"data":"All Out Attack","floor":32.0,"key":"SMITH"},{"data":"Grand Finale","floor":40.0,"key":"PURGE"},{"data":"1","floor":45.0,"key":"LIFT"},{"floor":47,"key":"REST"},{"floor":49,"key":"REST"}],"neow_cost":"NONE","seed_source_timestamp":1040684202779320,"circlet_count":0,"master_deck":["Defend_G","Defend_G","Defend_G","Defend_G","Strike_G","Strike_G","Survivor","Neutralize+1","AscendersBane","All Out Attack+1","Flash of Steel","Terror+1","Flying Knee","Backflip","Noxious Fumes+1","A Thousand Cuts+1","Infinite Blades","Wraith Form v2","Outmaneuver+1","Noxious Fumes","Choke","Terror+1"],"special_seed":0,"relics":["Ring of the Snake","Toolbox","Singing Bowl","Bag of Preparation","Omamori","Peace Pipe","Runic Pyramid","Oddly Smooth Stone","Paper Crane","MawBank","Fusion Hammer","Red Mask","Bottled Lightning","Pen Nib","Girya"],"potions_floor_usage":[50,50],"damage_taken":[{"damage":0.0,"enemies":"Jaw Worm","floor":1.0,"turns":7.0},{"damage":1.0,"enemies":"Cultist","floor":4.0,"turns":4.0},{"damage":0.0,"enemies":"Small Slimes","floor":5.0,"turns":3.0},{"damage":19.0,"enemies":"Lagavulin","floor":7.0,"turns":6.0},{"damage":3.0,"enemies":"Exordium Thugs","floor":8.0,"turns":3.0},{"damage":2.0,"enemies":"Red Slaver","floor":10.0,"turns":3.0},{"damage":12.0,"enemies":"3 Sentries","floor":12.0,"turns":6.0},{"damage":12.0,"enemies":"Exordium Wildlife","floor":14.0,"turns":3.0},{"damage":23.0,"enemies":"Hexaghost","floor":16.0,"turns":10.0},{"damage":28.0,"enemies":"2 Thieves","floor":18.0,"turns":4.0},{"damage":12.0,"enemies":"Spheric Guardian","floor":20.0,"turns":7.0},{"damage":18.0,"enemies":"Snake Plant","floor":21.0,"turns":6.0},{"damage":23.0,"enemies":"Chosen and Byrds","floor":24.0,"turns":6.0},{"damage":35.0,"enemies":"Slavers","floor":27.0,"turns":6.0},{"damage":17.0,"enemies":"3 Cultists","floor":29.0,"turns":5.0},{"damage":0.0,"enemies":"Snake Plant","floor":31.0,"turns":5.0},{"damage":26.0,"enemies":"Automaton","floor":33.0,"turns":10.0},{"damage":2.0,"enemies":"3 Shapes","floor":35.0,"turns":6.0},{"damage":20.0,"enemies":"3 Darklings","floor":37.0,"turns":4.0},{"damage":12.0,"enemies":"Nemesis","floor":42.0,"turns":9.0},{"damage":4.0,"enemies":"Reptomancer","floor":44.0,"turns":5.0},{"damage":26,"enemies":"Writhing Mass","floor":46,"turns":5},{"damage":10,"enemies":"4 Shapes","floor":48,"turns":3},{"damage":41,"enemies":"Donu and Deca","floor":50,"turns":9},{"damage":44,"enemies":"Time Eater","floor":51,"turns":10}],"seed_played":"2603446445201194822","potions_obtained":[{"floor":5.0,"key":"GhostInAJar"},{"floor":7.0,"key":"EssenceOfSteel"},{"floor":8.0,"key":"AttackPotion"},{"floor":16.0,"key":"Strength Potion"},{"floor":19.0,"key":"FairyPotion"},{"floor":27.0,"key":"SkillPotion"},{"floor":29.0,"key":"Regen Potion"},{"floor":31.0,"key":"Block Potion"},{"floor":35.0,"key":"Swift Potion"},{"floor":42.0,"key":"Fire Potion"}],"is_trial":false,"path_per_floor":["M","?","$","M","M","R","E","M","T","M","?","E","R","M","R","B",null,"M","?","M","M","$","R","M","R","T","E","R","M","R","M","R","B",null,"M","?","M","$","?","R","?","E","T","E","R","M","R","M","R","B"],"character_chosen":"THE_SILENT","items_purchased":["Toolbox","Flash of Steel","Oddly Smooth Stone","Noxious Fumes","Poison Potion"],"campfire_rested":6,"item_purchase_floors":[3,3,22,38,38],"current_hp_per_floor":[59,59,59,58,58,58,39,38,38,36,31,21,21,11,32,9,56,30,30,20,4,4,27,6,30,30,7,31,16,16,18,18,7,65,63,63,45,45,45,45,45,33,33,31,31,7,34,24,51,10,0],"gold":141,"neow_bonus":"UPGRADE_CARD","is_prod":false,"is_daily":false,"chose_seed":false,"campfire_upgraded":4,"win_rate":0,"timestamp":1540312846,"path_taken":["M","?","$","M","M","R","E","M","T","M","?","E","R","M","R","BOSS","M","?","M","M","$","R","M","R","T","E","R","M","R","?","R","BOSS","M","?","M","$","?","R","?","E","T","E","R","?","R","M","R","BOSS","BOSS"],"build_version":"2018-10-18","purchased_purges":3,"victory":false,"max_hp_per_floor":[66,66,66,66,66,66,66,68,68,68,68,70,70,72,72,72,72,74,74,76,78,78,78,80,80,80,80,80,82,82,84,84,84,84,84,84,86,86,86,86,86,86,86,88,88,90,90,90,90,90,90],"card_choices":[{"not_picked":["Quick Slash","Escape Plan"],"picked":"All Out Attack","floor":1.0},{"not_picked":["Caltrops","Quick Slash"],"picked":"Terror","floor":4.0},{"not_picked":["Bane","Outmaneuver"],"picked":"Flying Knee","floor":5.0},{"not_picked":["Dagger Spray","Envenom"],"picked":"Backflip","floor":7.0},{"not_picked":["Flying Knee","Bane","Poisoned Stab"],"picked":"Singing Bowl","floor":8.0},{"not_picked":["Outmaneuver","Dagger Spray"],"picked":"Noxious Fumes","floor":10.0},{"not_picked":["Phantasmal Killer","Underhanded Strike","Blade Dance"],"picked":"Singing Bowl","floor":12.0},{"not_picked":["Endless Agony","Tactician","Prepared"],"picked":"Singing Bowl","floor":14.0},{"not_picked":["Venomology","Phantasmal Killer"],"picked":"A Thousand Cuts","floor":16.0},{"not_picked":["Dagger Throw+1","Choke","Heel Hook"],"picked":"Singing Bowl","floor":18.0},{"not_picked":["Eviscerate","Dash","Dagger Throw"],"picked":"Singing Bowl","floor":20.0},{"not_picked":["Bouncing Flask+1","Skewer","Poisoned Stab"],"picked":"Singing Bowl","floor":21.0},{"not_picked":["Slice","Dodge and Roll","Concentrate"],"picked":"Singing Bowl","floor":24.0},{"not_picked":["Flying Knee+1","Envenom"],"picked":"Infinite Blades","floor":27.0},{"not_picked":["Accuracy+1","Skewer","Reflex"],"picked":"Singing Bowl","floor":29.0},{"not_picked":["Prepared","Infinite Blades","Setup"],"picked":"Singing Bowl","floor":31.0},{"not_picked":["Envenom","Bullet Time"],"picked":"Wraith Form v2","floor":33.0},{"not_picked":["Underhanded Strike","Flying Knee"],"picked":"Outmaneuver+1","floor":35.0},{"not_picked":["Acrobatics","Dodge and Roll+1","PiercingWail"],"picked":"Singing Bowl","floor":37.0},{"not_picked":["Riddle With Holes","Predator"],"picked":"Choke","floor":42.0},{"not_picked":["Deadly Poison+1","Underhanded Strike+1","Quick Slash"],"picked":"Singing Bowl","floor":44.0},{"not_picked":["Setup","Masterful Stab+1","Wraith Form v2"],"picked":"Singing Bowl","floor":46},{"not_picked":["Dodge and Roll","Heel Hook"],"picked":"Terror+1","floor":48}],"player_experience":855199,"relics_obtained":[{"floor":7.0,"key":"Singing Bowl"},{"floor":9.0,"key":"Bag of Preparation"},{"floor":12.0,"key":"Peace Pipe"},{"floor":26.0,"key":"Paper Crane"},{"floor":27.0,"key":"MawBank"},{"floor":42.0,"key":"Bottled Lightning"},{"floor":43.0,"key":"Pen Nib"},{"floor":44.0,"key":"Girya"}],"event_choices":[{"damage_healed":0.0,"max_hp_gain":0.0,"max_hp_loss":0.0,"gold_gain":275.0,"event_name":"Golden Shrine","player_choice":"Desecrate","floor":2.0,"gold_loss":0.0,"damage_taken":0.0,"cards_obtained":["Regret"]},{"damage_healed":0.0,"max_hp_gain":0.0,"max_hp_loss":0.0,"gold_gain":0.0,"event_name":"Scrap Ooze","player_choice":"Success","floor":11.0,"gold_loss":0.0,"damage_taken":5.0,"relics_obtained":["Omamori"]},{"damage_healed":0.0,"max_hp_gain":0.0,"max_hp_loss":0.0,"gold_gain":0.0,"event_name":"The Woman in Blue","player_choice":"Bought 1 Potion","floor":19.0,"gold_loss":0.0,"damage_taken":0.0},{"cards_removed":["Defend_G"],"damage_healed":0.0,"max_hp_gain":0.0,"max_hp_loss":0.0,"gold_gain":0.0,"event_name":"Falling","player_choice":"Removed Skill","floor":36.0,"gold_loss":0.0,"damage_taken":0.0},{"damage_healed":0.0,"max_hp_gain":0.0,"max_hp_loss":0.0,"gold_gain":0.0,"cards_transformed":["Strike_G"],"event_name":"Transmorgrifier","player_choice":"Transformed","floor":39.0,"gold_loss":0.0,"damage_taken":0.0,"cards_obtained":["Grand Finale"]},{"damage_healed":0.0,"max_hp_gain":0.0,"max_hp_loss":0.0,"gold_gain":0.0,"event_name":"Tomb of Lord Red Mask","player_choice":"Paid","floor":41.0,"gold_loss":123.0,"damage_taken":0.0,"relics_obtained":["Red Mask"]}],"is_beta":false,"boss_relics":[{"not_picked":["White Beast Statue","Lizard Tail"],"picked":"Runic Pyramid"},{"not_picked":["HoveringKite","Orrery"],"picked":"Fusion Hammer"}],"items_purged_floors":[3,22,38],"is_endless":false,"potions_floor_spawned":[5,7,8,16,27,29,31,35,42],"killed_by":"Time Eater","ascension_level":20}