{"gold_per_floor":[116,116,116,136,62,95,95,125,171,171,171,198,225,162,162,239,239,256,531,548,65,76,101,10,10,85,85,85],"floor_reached":28,"playtime":1680,"items_purged":["Strike_R","Regret"],"score":457,"play_id":"2a26f914-9566-4530-bcd7-ab7b54b396b2","local_time":"20190310001626","is_ascension_mode":true,"campfire_choices":[{"data":"Carnage","floor":7.0,"key":"SMITH"},{"data":"Pummel","floor":10.0,"key":"SMITH"},{"data":"Defend_R","floor":15.0,"key":"SMITH"},{"floor":27.0,"key":"REST"}],"neow_cost":"NONE","seed_source_timestamp":1997152832699682,"circlet_count":0,"master_deck":["AscendersBane","Strike_R+1","Strike_R","Strike_R","Defend_R+1","Defend_R","Defend_R+1","Defend_R","Bash","Rage","Flex","Cleave","Carnage+1","Sword Boomerang","Pummel+1","Sword Boomerang","Demon Form","Disarm","Shrug It Off","Clothesline+1","Good Instincts","Flame Barrier"],"special_seed":0,"relics":["Burning Blood","NeowsBlessing","Pen Nib","Centennial Puzzle","Boot","MawBank","Black Star","FossilizedHelix","Blood Vial","Dream Catcher","Singing Bowl"],"potions_floor_usage":[],"damage_taken":[{"damage":0.0,"enemies":"Jaw Worm","floor":1.0,"turns":1.0},{"damage":0.0,"enemies":"Small Slimes","floor":4.0,"turns":1.0},{"damage":0.0,"enemies":"Lagavulin","floor":6.0,"turns":1.0},{"damage":18.0,"enemies":"3 Sentries","floor":8.0,"turns":5.0},{"damage":0.0,"enemies":"Cultist","floor":12.0,"turns":2.0},{"damage":2.0,"enemies":"Gremlin Gang","floor":13.0,"turns":2.0},{"damage":29.0,"enemies":"The Guardian","floor":16.0,"turns":9.0},{"damage":16.0,"enemies":"Shell Parasite","floor":18.0,"turns":5.0},{"damage":11.0,"enemies":"Spheric Guardian","floor":20.0,"turns":3.0},{"damage":19.0,"enemies":"Shelled Parasite and Fungi","floor":22.0,"turns":9.0},{"damage":29.0,"enemies":"Book of Stabbing","floor":23.0,"turns":7.0},{"damage":44,"enemies":"Gremlin Leader","floor":28,"turns":6}],"seed_played":"-7708672886232191098","potions_obtained":[{"floor":1.0,"key":"Fire Potion"},{"floor":6.0,"key":"Dexterity Potion"},{"floor":13.0,"key":"Block Potion"}],"is_trial":false,"path_per_floor":["M","?","?","M","$","E","R","E","T","R","?","M","M","$","R","B",null,"M","?","M","$","M","E","$","?","T","R","E"],"character_chosen":"IRONCLAD","items_purchased":["Carnage","Shrug It Off","Clothesline","FossilizedHelix","Good Instincts"],"campfire_rested":1,"item_purchase_floors":[5,21,21,21,24],"current_hp_per_floor":[74,74,59,65,65,71,71,59,59,59,52,58,62,62,62,39,66,56,56,51,51,38,15,15,15,15,37,0],"gold":85,"neow_bonus":"THREE_ENEMY_KILL","is_prod":false,"is_daily":false,"chose_seed":false,"campfire_upgraded":3,"win_rate":0,"timestamp":1552194986,"path_taken":["M","?","?","M","?","E","R","E","T","R","?","M","?","$","R","BOSS","M","?","?","$","?","E","$","?","T","R","E"],"build_version":"2019-01-23","purchased_purges":2,"victory":false,"max_hp_per_floor":[75,75,75,75,75,75,75,75,75,75,75,75,75,75,75,75,75,75,75,75,75,75,75,75,75,75,75,75],"card_choices":[{"not_picked":["Sword Boomerang","Armaments"],"picked":"Rage","floor":1.0},{"not_picked":["Inflame","Pommel Strike"],"picked":"Cleave","floor":4.0},{"not_picked":["Wild Strike","Brutality"],"picked":"Sword Boomerang","floor":6.0},{"not_picked":["Feel No Pain","Heavy Blade"],"picked":"Pummel","floor":8.0},{"not_picked":["Perfected Strike","Dual Wield","Body Slam"],"picked":"SKIP","floor":12.0},{"not_picked":["Headbutt","Body Slam"],"picked":"Sword Boomerang","floor":13.0},{"not_picked":["Berserk","Barricade"],"picked":"Demon Form","floor":16.0},{"not_picked":["Twin Strike","Seeing Red+1"],"picked":"Disarm","floor":18.0},{"not_picked":["Twin Strike","Flex","Headbutt+1"],"picked":"SKIP","floor":20.0},{"not_picked":["Shrug It Off","Rampage","Iron Wave"],"picked":"SKIP","floor":22.0},{"not_picked":["Thunderclap","Clothesline","Twin Strike"],"picked":"SKIP","floor":23.0},{"not_picked":["Clothesline+1","Brutality"],"picked":"Flame Barrier","floor":27.0}],"player_experience":673265,"relics_obtained":[{"floor":6.0,"key":"Pen Nib"},{"floor":8.0,"key":"Centennial Puzzle"},{"floor":9.0,"key":"Boot"},{"floor":23.0,"key":"Blood Vial"},{"floor":23.0,"key":"Dream Catcher"},{"floor":26.0,"key":"Singing Bowl"}],"event_choices":[{"damage_healed":0.0,"max_hp_gain":0.0,"max_hp_loss":0.0,"gold_gain":0.0,"cards_transformed":["Strike_R"],"event_name":"Living Wall","player_choice":"Change","floor":2.0,"gold_loss":0.0,"damage_taken":0.0,"cards_obtained":["Flex"]},{"damage_healed":0.0,"max_hp_gain":0.0,"max_hp_loss":0.0,"gold_gain":0.0,"event_name":"Shining Light","player_choice":"Entered Light","floor":3.0,"gold_loss":0.0,"damage_taken":15.0,"cards_upgraded":["Defend_R","Strike_R"]},{"damage_healed":0.0,"max_hp_gain":0.0,"max_hp_loss":0.0,"gold_gain":0.0,"event_name":"Scrap Ooze","player_choice":"Success","floor":11.0,"gold_loss":0.0,"damage_taken":7.0,"relics_obtained":["MawBank"]},{"damage_healed":0.0,"max_hp_gain":0.0,"max_hp_loss":0.0,"gold_gain":275.0,"event_name":"Golden Shrine","player_choice":"Desecrate","floor":19.0,"gold_loss":0.0,"damage_taken":0.0,"cards_obtained":["Regret"]},{"damage_healed":0.0,"max_hp_gain":0.0,"max_hp_loss":0.0,"gold_gain":0.0,"event_name":"Accursed Blacksmith","player_choice":"Forge","floor":25.0,"gold_loss":0.0,"damage_taken":0.0,"cards_upgraded":["Clothesline"]}],"is_beta":false,"boss_relics":[{"not_picked":["Ectoplasm","Lizard Tail"],"picked":"Black Star"}],"items_purged_floors":[14,21],"is_endless":false,"potions_floor_spawned":[1,6,13,16,18,22],"killed_by":"Gremlin Leader","ascension_level":14}