{"gold_per_floor":[118,118,118,42,56,56,56,90,90,101,130,130,159,61,61,161,161,181,280,205,205,217,248,648,676,676,687,687,140,140,152,152,248,248,262,537,135,149,165,191,191,224,224,224,236,253,267,44,44,44],"floor_reached":51,"playtime":5456,"items_purged":["Strike_B","Strike_B","Regret"],"score":1321,"play_id":"568cb0a0-a462-43c6-a695-dd6bc6337492","local_time":"20190309190215","is_ascension_mode":true,"campfire_choices":[{"floor":6.0,"key":"REST"},{"floor":12.0,"key":"REST"},{"data":"Zap","floor":15.0,"key":"SMITH"},{"floor":28.0,"key":"REST"},{"floor":32.0,"key":"REST"},{"data":"Seek","floor":41.0,"key":"SMITH"},{"data":"Recycle","floor":44.0,"key":"SMITH"},{"floor":49,"key":"REST"}],"neow_cost":"PERCENT_DAMAGE","seed_source_timestamp":0,"circlet_count":0,"master_deck":["AscendersBane","Strike_B+1","Defend_B","Defend_B+1","Defend_B","Defend_B","Zap+1","Dualcast","All For One","Auto Shields","FTL","Beam Cell","Go for the Eyes","Go for the Eyes","Buffer+1","Coolheaded","Seek+1","Zap","Hologram","Beam Cell+1","Machine Learning+1","Compile Driver","Recycle+1","Rebound","Apotheosis","Sadistic Nature+1","Buffer+1"],"special_seed":0,"relics":["Cracked Core","Sundial","Letter Opener","Frozen Egg 2","Gremlin Horn","Runic Pyramid","The Courier","Old Coin","Pantograph","Bronze Scales","Bag of Marbles","Bottled Lightning","Centennial Puzzle","Lantern","White Beast Statue","Omamori","PreservedInsect","Juzu Bracelet","OrangePellets"],"potions_floor_usage":[47,47,50,50],"damage_taken":[{"damage":7.0,"enemies":"Jaw Worm","floor":1.0,"turns":3.0},{"damage":6.0,"enemies":"2 Louse","floor":5.0,"turns":2.0},{"damage":12.0,"enemies":"3 Sentries","floor":8.0,"turns":5.0},{"damage":0.0,"enemies":"Cultist","floor":10.0,"turns":2.0},{"damage":12.0,"enemies":"Gremlin Nob","floor":11.0,"turns":3.0},{"damage":1.0,"enemies":"3 Sentries","floor":13.0,"turns":6.0},{"damage":0.0,"enemies":"Slime Boss","floor":16.0,"turns":8.0},{"damage":0.0,"enemies":"Shell Parasite","floor":18.0,"turns":4.0},{"damage":0.0,"enemies":"Chosen","floor":22.0,"turns":4.0},{"damage":0.0,"enemies":"Gremlin Leader","floor":23.0,"turns":7.0},{"damage":6.0,"enemies":"Colosseum Slavers","floor":24.0,"turns":3.0},{"damage":10.0,"enemies":"Colosseum Nobs","floor":24.0,"turns":5.0},{"damage":29.0,"enemies":"Slavers","floor":25.0,"turns":6.0},{"damage":0.0,"enemies":"Centurion and Healer","floor":27.0,"turns":5.0},{"damage":5.0,"enemies":"Shelled Parasite and Fungi","floor":31.0,"turns":3.0},{"damage":27.0,"enemies":"Champ","floor":33.0,"turns":11.0},{"damage":0.0,"enemies":"Orb Walker","floor":35.0,"turns":3.0},{"damage":13.0,"enemies":"3 Shapes","floor":38.0,"turns":3.0},{"damage":7.0,"enemies":"Jaw Worm Horde","floor":39.0,"turns":4.0},{"damage":0.0,"enemies":"Nemesis","floor":40.0,"turns":5.0},{"damage":0.0,"enemies":"Reptomancer","floor":42.0,"turns":6.0},{"damage":0.0,"enemies":"Spire Growth","floor":45.0,"turns":4.0},{"damage":17.0,"enemies":"Sphere and 2 Shapes","floor":46.0,"turns":4.0},{"damage":23,"enemies":"Jaw Worm Horde","floor":47,"turns":4},{"damage":36,"enemies":"Time Eater","floor":50,"turns":12}],"seed_played":"1353082199473883142","potions_obtained":[{"floor":1.0,"key":"LiquidBronze"},{"floor":8.0,"key":"Regen Potion"},{"floor":18.0,"key":"Explosive Potion"},{"floor":23.0,"key":"Poison Potion"},{"floor":24.0,"key":"GamblersBrew"},{"floor":27.0,"key":"PowerPotion"},{"floor":35.0,"key":"Poison Potion"},{"floor":39.0,"key":"SpeedPotion"},{"floor":47,"key":"AttackPotion"}],"is_trial":false,"path_per_floor":["M","?","?","$","M","R","?","E","T","M","E","R","E","$","R","B",null,"M","?","?","?","M","E","?","E","T","M","R","$","?","M","R","B",null,"M","?","$","M","M","E","R","E","T","R","M","M","M","$","R","B",null],"character_chosen":"DEFECT","items_purchased":["FTL","Coolheaded","Bottled Lightning","Centennial Puzzle","Lantern","Compile Driver","Rebound","Apotheosis","Sadistic Nature+1","OrangePellets","FocusPotion"],"campfire_rested":5,"item_purchase_floors":[4,14,29,29,29,29,37,37,37,48,48],"current_hp_per_floor":[43,28,28,28,22,44,44,32,32,32,20,42,56,56,56,56,70,70,70,70,70,70,70,54,25,25,25,47,47,47,42,64,48,68,68,68,68,55,48,48,48,48,48,48,48,31,8,8,30,19],"gold":44,"neow_bonus":"THREE_RARE_CARDS","is_prod":false,"is_daily":false,"chose_seed":false,"campfire_upgraded":3,"win_rate":0,"timestamp":1552176135,"path_taken":["M","?","?","$","M","R","?","E","T","M","E","R","E","$","R","BOSS","M","?","?","?","?","E","?","E","T","M","R","$","?","M","R","BOSS","M","?","$","?","M","E","R","E","T","R","M","M","M","$","R","BOSS"],"build_version":"2019-01-23","purchased_purges":3,"victory":true,"max_hp_per_floor":[75,75,75,75,75,75,75,75,75,75,75,75,75,75,75,75,75,75,75,75,75,75,75,75,75,75,75,75,75,75,75,75,75,75,75,75,75,75,75,75,75,75,75,75,75,75,75,75,75,75],"card_choices":[{"not_picked":["Reboot","Creative AI"],"picked":"All For One","floor":0.0},{"not_picked":["Tempest","Sweeping Beam"],"picked":"Auto Shields","floor":1.0},{"not_picked":["Blizzard","Redo"],"picked":"Beam Cell","floor":5.0},{"not_picked":["BootSequence","Steam Power"],"picked":"Go for the Eyes","floor":8.0},{"not_picked":["Barrage","Steam Power","Sweeping Beam"],"picked":"SKIP","floor":10.0},{"not_picked":["Coolheaded","BootSequence"],"picked":"Go for the Eyes","floor":11.0},{"not_picked":["Skim","Barrage"],"picked":"Buffer+1","floor":13.0},{"not_picked":["Reboot","Thunder Strike"],"picked":"Seek","floor":16.0},{"not_picked":["Melter","Skim","Ball Lightning"],"picked":"SKIP","floor":18.0},{"not_picked":["Streamline","Doom and Gloom","Lockon"],"picked":"SKIP","floor":22.0},{"not_picked":["Undo","Cold Snap"],"picked":"Hologram","floor":23.0},{"not_picked":["Sweeping Beam","Glacier+1"],"picked":"Beam Cell+1","floor":24.0},{"not_picked":["Compile Driver+1","Steam+1"],"picked":"Machine Learning+1","floor":25.0},{"not_picked":["Go for the Eyes+1","Steam","Stack"],"picked":"SKIP","floor":27.0},{"not_picked":["Streamline+1","Compile Driver"],"picked":"Recycle","floor":31.0},{"not_picked":["White Noise","Beam Cell","Compile Driver"],"picked":"SKIP","floor":35.0},{"not_picked":["Conserve Battery","Redo","Chill"],"picked":"SKIP","floor":38.0},{"not_picked":["Conserve Battery","Redo","Chill"],"picked":"SKIP","floor":38.0},{"not_picked":["Heatsinks+1","Rip and Tear","Redo+1"],"picked":"SKIP","floor":39.0},{"not_picked":["Leap+1","Conserve Battery","Streamline+1"],"picked":"SKIP","floor":40.0},{"not_picked":["FTL","Compile Driver"],"picked":"Buffer+1","floor":42.0},{"not_picked":["Steam","Hologram","Conserve Battery"],"picked":"SKIP","floor":45.0},{"not_picked":["Beam Cell","Compile Driver","Reboot"],"picked":"SKIP","floor":46.0},{"not_picked":["Ball Lightning+1","Hologram","Leap+1"],"picked":"SKIP","floor":47}],"player_experience":656901,"relics_obtained":[{"floor":8.0,"key":"Sundial"},{"floor":9.0,"key":"Letter Opener"},{"floor":11.0,"key":"Frozen Egg 2"},{"floor":13.0,"key":"Gremlin Horn"},{"floor":23.0,"key":"The Courier"},{"floor":24.0,"key":"Old Coin"},{"floor":24.0,"key":"Pantograph"},{"floor":25.0,"key":"Bronze Scales"},{"floor":26.0,"key":"Bag of Marbles"},{"floor":40.0,"key":"Omamori"},{"floor":42.0,"key":"PreservedInsect"},{"floor":43.0,"key":"Juzu Bracelet"}],"event_choices":[{"damage_healed":0.0,"max_hp_gain":0.0,"max_hp_loss":0.0,"gold_gain":0.0,"event_name":"Shining Light","player_choice":"Entered Light","floor":2.0,"gold_loss":0.0,"damage_taken":15.0,"cards_upgraded":["Strike_B","Defend_B"]},{"damage_healed":0.0,"max_hp_gain":0.0,"max_hp_loss":0.0,"gold_gain":0.0,"event_name":"Golden Idol","player_choice":"Ignored","floor":3.0,"gold_loss":0.0,"damage_taken":0.0},{"damage_healed":0.0,"max_hp_gain":0.0,"max_hp_loss":0.0,"gold_gain":0.0,"event_name":"Scrap Ooze","player_choice":"Fled","floor":7.0,"gold_loss":0.0,"damage_taken":0.0},{"damage_healed":0.0,"max_hp_gain":0.0,"max_hp_loss":0.0,"gold_gain":99.0,"event_name":"Nest","player_choice":"Stole From Cult","floor":19.0,"gold_loss":0.0,"damage_taken":0.0},{"cards_removed":["Strike_B"],"damage_healed":0.0,"max_hp_gain":0.0,"max_hp_loss":0.0,"gold_gain":0.0,"event_name":"Beggar","player_choice":"Gave Gold","floor":20.0,"gold_loss":75.0,"damage_taken":0.0},{"damage_healed":0.0,"max_hp_gain":0.0,"max_hp_loss":0.0,"gold_gain":0.0,"event_name":"Match and Keep!","player_choice":"1 cards matched","floor":21.0,"gold_loss":0.0,"damage_taken":0.0,"cards_obtained":["Zap"]},{"damage_healed":0.0,"max_hp_gain":0.0,"max_hp_loss":0.0,"gold_gain":0.0,"event_name":"Colosseum","player_choice":"Fight","floor":24.0,"gold_loss":0.0,"damage_taken":0.0},{"damage_healed":0.0,"max_hp_gain":0.0,"max_hp_loss":0.0,"gold_gain":0.0,"event_name":"Colosseum","player_choice":"Fought Nobs","floor":24.0,"gold_loss":0.0,"damage_taken":0.0},{"damage_healed":0.0,"max_hp_gain":0.0,"max_hp_loss":0.0,"gold_gain":0.0,"event_name":"The Mausoleum","player_choice":"Ignored","floor":30.0,"gold_loss":0.0,"damage_taken":0.0},{"damage_healed":0.0,"max_hp_gain":0.0,"max_hp_loss":0.0,"gold_gain":275.0,"event_name":"Golden Shrine","player_choice":"Desecrate","floor":36.0,"gold_loss":0.0,"damage_taken":0.0,"cards_obtained":["Regret"]}],"is_beta":false,"boss_relics":[{"not_picked":["Inserter","Lizard Tail"],"picked":"Runic Pyramid"},{"not_picked":["Pandora\u0027s Box","Runic Dome"],"picked":"White Beast Statue"}],"items_purged_floors":[14,29,37],"is_endless":false,"potions_floor_spawned":[1,8,10,18,23,24,27,35,38,39,40,42,45,46,47],"ascension_level":11}