{"gold_per_floor":[111,130,144,158,172,172,188,188,239,239,239,274,274,274,274,393,393,408,284,298,104,123,97,115,115,115,129,129,129,129,144,144,144],"floor_reached":33,"playtime":3538,"items_purged":["Decay","Injury"],"score":361,"play_id":"5b173b6c-144c-4fb3-9d5a-6944fadf4dd3","local_time":"20190220022855","is_ascension_mode":true,"campfire_choices":[{"floor":6.0,"key":"REST"},{"floor":10.0,"key":"REST"},{"floor":13.0,"key":"REST"},{"floor":15.0,"key":"REST"},{"floor":25.0,"key":"REST"},{"floor":30,"key":"REST"},{"floor":32,"key":"REST"}],"neow_cost":"NONE","seed_source_timestamp":0,"circlet_count":0,"master_deck":["Strike_B","Strike_B","Strike_B","Defend_B","Defend_B","Defend_B","Defend_B","Zap","Dualcast","Fission","Sweeping Beam","Coolheaded","Cold Snap","Conserve Battery","Seek","Compile Driver+1","Glacier","Glacier","Cold Snap","Darkness+1","Ghostly","Ghostly","Ghostly","Ghostly","Ghostly","Doom and Gloom"],"special_seed":0,"relics":["Cracked Core","Smiling Mask","Golden Idol","Orichalcum","White Beast Statue","DataDisk","Unceasing Top"],"potions_floor_usage":[27,33],"damage_taken":[{"damage":9.0,"enemies":"2 Louse","floor":1.0,"turns":4.0},{"damage":14.0,"enemies":"Jaw Worm","floor":2.0,"turns":3.0},{"damage":0.0,"enemies":"Cultist","floor":3.0,"turns":4.0},{"damage":20.0,"enemies":"Exordium Wildlife","floor":4.0,"turns":6.0},{"damage":7.0,"enemies":"Looter","floor":5.0,"turns":4.0},{"damage":12.0,"enemies":"Blue Slaver","floor":7.0,"turns":3.0},{"damage":24.0,"enemies":"3 Sentries","floor":12.0,"turns":7.0},{"damage":16.0,"enemies":"The Guardian","floor":16.0,"turns":15.0},{"damage":13.0,"enemies":"3 Byrds","floor":18.0,"turns":8.0},{"damage":9.0,"enemies":"Spheric Guardian","floor":20.0,"turns":4.0},{"damage":17.0,"enemies":"Chosen and Byrds","floor":22.0,"turns":5.0},{"damage":18.0,"enemies":"Snake Plant","floor":24.0,"turns":7.0},{"damage":8,"enemies":"Sentry and Sphere","floor":27,"turns":8},{"damage":14,"enemies":"Cultist and Chosen","floor":31,"turns":7},{"damage":47,"enemies":"Champ","floor":33,"turns":9}],"seed_played":"4175429488780070903","potions_obtained":[{"floor":3.0,"key":"LiquidBronze"},{"floor":4.0,"key":"FocusPotion"},{"floor":7.0,"key":"Fire Potion"},{"floor":18.0,"key":"Ancient Potion"},{"floor":20.0,"key":"PowerPotion"},{"floor":22.0,"key":"Block Potion"},{"floor":24.0,"key":"SteroidPotion"},{"floor":27,"key":"LiquidBronze"}],"is_trial":false,"path_per_floor":["M","M","M","M","M","R","M","?","T","R","?","E","R","?","R","B",null,"M","$","M","$","M","$","M","R","T","M","?","?","R","M","R","B"],"character_chosen":"DEFECT","items_purchased":["FocusPotion","DataDisk","Cold Snap"],"campfire_rested":7,"item_purchase_floors":[19,21,23],"current_hp_per_floor":[59,45,45,25,18,40,28,21,21,43,43,19,41,41,63,47,68,55,55,46,46,29,29,11,33,33,25,25,25,36,22,33,0],"gold":144,"neow_bonus":"ONE_RANDOM_RARE_CARD","is_prod":false,"is_daily":false,"chose_seed":false,"campfire_upgraded":0,"win_rate":0,"timestamp":1550647735,"path_taken":["M","M","M","M","M","R","M","?","T","R","?","E","R","?","R","BOSS","M","$","?","$","M","$","M","R","T","M","?","?","R","M","R","BOSS"],"build_version":"2019-01-23","purchased_purges":2,"victory":false,"max_hp_per_floor":[75,75,75,75,75,75,75,75,75,75,75,75,75,75,75,75,75,75,75,75,75,75,75,75,75,75,75,37,37,37,37,37,37],"card_choices":[{"not_picked":["Steam","Rebound"],"picked":"Sweeping Beam","floor":1.0},{"not_picked":["Defragment","Steam"],"picked":"Coolheaded","floor":2.0},{"not_picked":["Go for the Eyes","Ball Lightning"],"picked":"Cold Snap","floor":3.0},{"not_picked":["Hologram","Barrage","Sweeping Beam"],"picked":"SKIP","floor":4.0},{"not_picked":["Fission","Self Repair","Skim"],"picked":"SKIP","floor":5.0},{"not_picked":["Redo","Sweeping Beam"],"picked":"Conserve Battery","floor":7.0},{"not_picked":["Hologram","Beam Cell","Hello World"],"picked":"SKIP","floor":12.0},{"not_picked":["Thunder Strike","Fission"],"picked":"Seek","floor":16.0},{"not_picked":["Heatsinks","Streamline"],"picked":"Compile Driver+1","floor":18.0},{"not_picked":["Lockon","Turbo"],"picked":"Glacier","floor":20.0},{"not_picked":["Melter","Coolheaded"],"picked":"Glacier","floor":22.0},{"not_picked":["FTL","Coolheaded"],"picked":"Darkness+1","floor":24.0},{"not_picked":["Leap+1","Cold Snap","Beam Cell"],"picked":"SKIP","floor":27},{"not_picked":["FTL","Consume"],"picked":"Doom and Gloom","floor":31}],"player_experience":516400,"relics_obtained":[{"floor":9.0,"key":"Smiling Mask"},{"floor":12.0,"key":"Orichalcum"},{"floor":26.0,"key":"Unceasing Top"}],"event_choices":[{"cards_removed":["Strike_B"],"damage_healed":0.0,"max_hp_gain":0.0,"max_hp_loss":0.0,"gold_gain":0.0,"event_name":"Golden Wing","player_choice":"Card Removal","floor":8.0,"gold_loss":0.0,"damage_taken":7.0},{"damage_healed":0.0,"max_hp_gain":0.0,"max_hp_loss":0.0,"gold_gain":0.0,"event_name":"Golden Idol","player_choice":"Take Wound","floor":11.0,"gold_loss":0.0,"damage_taken":0.0,"relics_obtained":["Golden Idol"],"cards_obtained":["Injury"]},{"damage_healed":0.0,"max_hp_gain":0.0,"max_hp_loss":0.0,"gold_gain":0.0,"event_name":"Wheel of Change","player_choice":"Cursed","floor":14.0,"gold_loss":0.0,"damage_taken":0.0,"cards_obtained":["Decay"]},{"damage_healed":0,"gold_gain":0,"player_choice":"Became a Ghost","damage_taken":0,"max_hp_gain":0,"max_hp_loss":38,"event_name":"Ghosts","floor":28,"gold_loss":0,"cards_obtained":["Ghostly","Ghostly","Ghostly","Ghostly","Ghostly"]},{"damage_healed":0,"gold_gain":0,"player_choice":"Ignored","damage_taken":0,"max_hp_gain":0,"max_hp_loss":0,"event_name":"Vampires","floor":29,"gold_loss":0}],"is_beta":false,"boss_relics":[{"not_picked":["Philosopher\u0027s Stone","Velvet Choker"],"picked":"White Beast Statue"}],"items_purged_floors":[19,21],"is_endless":false,"potions_floor_spawned":[3,4,7,18,20,22,24,27,31],"killed_by":"Champ","ascension_level":7}