{"gold_per_floor":[114,114,64,13,31,31,31,31,31,31,43,43,62,76,76,174,174,186,213,213,213,49,59,94,71,98,110,110,141,153,166,166,264,264,284,337,79,1078,1078,1078,1111,253,280,298,315,315,344,363,363,363],"floor_reached":51,"playtime":7330,"items_purged":["Normality"],"score":783,"play_id":"db8ef7a6-0ffe-4bb2-9e5d-c29248595701","local_time":"20180702212125","is_ascension_mode":false,"campfire_choices":[{"data":"Armaments","floor":6.0,"key":"SMITH"},{"data":"Metallicize","floor":8.0,"key":"SMITH"},{"data":"Rage","floor":10.0,"key":"SMITH"},{"data":"Body Slam","floor":15.0,"key":"SMITH"},{"floor":28.0,"key":"REST"},{"data":"Demon Form","floor":32.0,"key":"SMITH"},{"data":"Metallicize","floor":40.0,"key":"SMITH"},{"data":"Dual Wield","floor":46,"key":"SMITH"},{"floor":49,"key":"REST"}],"neow_cost":"","seed_source_timestamp":0,"circlet_count":0,"master_deck":["Strike_R","Strike_R","Strike_R+1","Strike_R","Defend_R","Defend_R","Defend_R","Defend_R","Metallicize+1","Armaments+1","Rage+1","Heavy Blade+1","Ghostly Armor","Body Slam+1","Demon Form+1","Shrug It Off+1","Metallicize+1","Body Slam+1","Offering","Shrug It Off","Juggernaut","Armaments+1","Normality","Dual Wield+1"],"special_seed":0,"relics":["Burning Blood","Dodecahedron","Busted Crown","Red Mask","Matryoshka","Pen Nib","Anchor","Boot","White Beast Statue","Torii","Self Forming Clay","Ice Cream","Shuriken","Orichalcum","Meat on the Bone","Mummified Hand","Whetstone","Bag of Marbles"],"potions_floor_usage":[47],"damage_taken":[{"damage":5.0,"enemies":"Small Slimes","floor":1.0,"turns":4.0},{"damage":2.0,"enemies":"Jaw Worm","floor":5.0,"turns":5.0},{"damage":0.0,"enemies":"2 Louse","floor":11.0,"turns":4.0},{"damage":1.0,"enemies":"2 Fungi Beasts","floor":13.0,"turns":4.0},{"damage":0.0,"enemies":"3 Louse","floor":14.0,"turns":5.0},{"damage":0.0,"enemies":"Slime Boss","floor":16.0,"turns":75.0},{"damage":6.0,"enemies":"3 Byrds","floor":18.0,"turns":7.0},{"damage":28.0,"floor":19.0,"turns":6.0},{"damage":9.0,"enemies":"Shell Parasite","floor":23.0,"turns":5.0},{"damage":34.0,"enemies":"Book of Stabbing","floor":24.0,"turns":6.0},{"damage":14.0,"enemies":"Sentry and Sphere","floor":27.0,"turns":8.0},{"damage":12.0,"enemies":"Slavers","floor":29.0,"turns":6.0},{"damage":4.0,"enemies":"Centurion and Healer","floor":30.0,"turns":5.0},{"damage":5.0,"enemies":"Snecko","floor":31.0,"turns":3.0},{"damage":21.0,"enemies":"Collector","floor":33.0,"turns":9.0},{"damage":15.0,"enemies":"Orb Walker","floor":35.0,"turns":5.0},{"damage":30.0,"floor":36.0,"turns":6.0},{"damage":28.0,"enemies":"Giant Head","floor":41.0,"turns":8.0},{"damage":4.0,"enemies":"3 Shapes","floor":44.0,"turns":5.0},{"damage":6,"enemies":"Sphere and 2 Shapes","floor":45,"turns":7},{"damage":1,"enemies":"2 Orb Walkers","floor":47,"turns":4},{"damage":4,"enemies":"Maw","floor":48,"turns":5},{"damage":19,"enemies":"Donu and Deca","floor":50,"turns":9}],"seed_played":"8479675697761911691","potions_obtained":[{"floor":1.0,"key":"PowerPotion"},{"floor":5.0,"key":"Poison Potion"},{"floor":11.0,"key":"Fire Potion"},{"floor":12.0,"key":"EssenceOfSteel"},{"floor":23.0,"key":"Explosive Potion"},{"floor":24.0,"key":"Block Potion"},{"floor":29.0,"key":"SpeedPotion"},{"floor":30.0,"key":"Dexterity Potion"},{"floor":35.0,"key":"Explosive Potion"},{"floor":36.0,"key":"Block Potion"},{"floor":41.0,"key":"PowerPotion"},{"floor":47,"key":"Block Potion"}],"is_trial":false,"path_per_floor":["M","?","?","$","M","R","$","R","T","R","M","?","M","M","R","B",null,"M","?","$","?","$","M","E","$","T","M","R","E","M","M","R","B",null,"M","?","$","?","?","R","E","$","T","M","M","R","E","M","R","B"],"character_chosen":"IRONCLAD","items_purchased":["Armaments","Offering","Shrug It Off","Self Forming Clay","Shuriken","Dual Wield","Energy Potion","Orichalcum","Meat on the Bone"],"campfire_rested":2,"item_purchase_floors":[],"current_hp_per_floor":[88,93,93,93,93,93,93,93,93,93,93,93,93,93,93,93,93,93,71,71,71,71,68,40,40,40,32,59,53,55,56,56,41,93,84,60,60,60,60,60,38,38,38,52,64,64,69,71,93,80],"gold":363,"neow_bonus":"","is_prod":false,"is_daily":false,"chose_seed":false,"campfire_upgraded":7,"win_rate":0.0,"timestamp":1530580885,"path_taken":["M","?","?","$","M","R","?","R","T","R","M","?","M","M","R","BOSS","M","?","$","?","?","M","E","$","T","M","R","E","M","?","R","BOSS","M","?","$","?","?","R","E","$","T","?","M","R","E","M","R","BOSS"],"build_version":"2018-06-28","purchased_purges":1,"victory":true,"max_hp_per_floor":[88,93,93,93,93,93,93,93,93,93,93,93,93,93,93,93,93,93,93,93,93,93,93,93,93,93,93,93,93,93,93,93,93,93,93,93,93,93,93,93,93,93,93,93,93,93,93,93,93,93],"card_choices":[{"not_picked":["Reckless Charge","Iron Wave"],"picked":"Metallicize","floor":1.0},{"not_picked":["Clothesline","Fire Breathing"],"picked":"Rage","floor":5.0},{"not_picked":["Sword Boomerang","Pummel"],"picked":"Heavy Blade","floor":11.0},{"not_picked":["Rupture","Warcry"],"picked":"Ghostly Armor","floor":13.0},{"not_picked":["Warcry","Wild Strike"],"picked":"Body Slam","floor":14.0},{"not_picked":["Dark Embrace","Double Tap"],"picked":"Demon Form","floor":16.0},{"not_picked":[],"picked":"Shrug It Off+1","floor":18.0},{"not_picked":[],"picked":"Metallicize","floor":19.0},{"not_picked":["Rage"],"picked":"SKIP","floor":23.0},{"not_picked":["Shockwave+1"],"picked":"SKIP","floor":24.0},{"not_picked":["Headbutt"],"picked":"SKIP","floor":27.0},{"not_picked":["Reckless Charge+1"],"picked":"SKIP","floor":29.0},{"not_picked":["Clash"],"picked":"SKIP","floor":30.0},{"not_picked":["Armaments"],"picked":"SKIP","floor":31.0},{"not_picked":[],"picked":"Juggernaut","floor":33.0},{"not_picked":[],"picked":"Armaments+1","floor":35.0},{"not_picked":["Shrug It Off"],"picked":"SKIP","floor":41.0},{"not_picked":["Uppercut"],"picked":"SKIP","floor":44.0},{"not_picked":["Shrug It Off"],"picked":"SKIP","floor":45},{"not_picked":["Intimidate+1"],"picked":"SKIP","floor":47},{"not_picked":["Fire Breathing+1"],"picked":"SKIP","floor":48}],"player_experience":93315,"relics_obtained":[{"floor":9.0,"key":"Dodecahedron"},{"floor":19.0,"key":"Red Mask"},{"floor":24.0,"key":"Matryoshka"},{"floor":26.0,"key":"Pen Nib"},{"floor":26.0,"key":"Anchor"},{"floor":29.0,"key":"Boot"},{"floor":36.0,"key":"Torii"},{"floor":41.0,"key":"Ice Cream"},{"floor":43.0,"key":"Mummified Hand"},{"floor":43.0,"key":"Whetstone"},{"floor":47,"key":"Bag of Marbles"}],"event_choices":[{"event_name":"Big Fish","player_choice":"Donut","floor":2.0,"damage_taken":0.0},{"event_name":"The Cleric","player_choice":"Card Removal","floor":3.0,"damage_taken":0.0},{"event_name":"The Lab","player_choice":"Got Potions","floor":12.0,"damage_taken":0.0},{"event_name":"Masked Bandits","player_choice":"Fought over 186 gold","floor":19.0,"damage_taken":0.0},{"event_name":"Duplicator","player_choice":"One dupe","floor":21.0,"damage_taken":0.0},{"event_name":"Mysterious Sphere","player_choice":"Fight","floor":36.0,"damage_taken":0.0},{"event_name":"MindBloom","player_choice":"Gold","floor":38.0,"damage_taken":0.0},{"event_name":"Falling","player_choice":"Removed Attack","floor":39.0,"damage_taken":0.0}],"boss_relics":[{"not_picked":["Philosopher\u0027s Stone","Runic Dome"],"picked":"Busted Crown"},{"not_picked":["Cursed Key","Runic Pyramid"],"picked":"White Beast Statue"}],"items_purged_floors":[],"is_endless":false,"potions_floor_spawned":[1,5,11,14,23,24,29,30,35,36,41,44,45,47,48],"ascension_level":0}