{"gold_per_floor":[114,114,133,152,171,209,209,228,228,266,285,285,285,304,304,429,429,448,67,86,105,105,143,143,162,162,181,20,39,39,58,58,183,183,202,221,221,31,50,50,50,50,50,50,69,69,107,107,107,107],"floor_reached":51,"playtime":5153,"items_purged":[],"score":1036,"play_id":"0571fdc6-f015-4450-9491-813ff4171312","local_time":"20180725011506","daily_mods":["Allstar","Time Dilation","Lethality"],"is_ascension_mode":false,"campfire_choices":[{"floor":15.0,"key":"REST"},{"floor":24.0,"key":"REST"},{"data":"Mind Blast","floor":30.0,"key":"SMITH"},{"data":"Apotheosis","floor":32.0,"key":"SMITH"},{"floor":40.0,"key":"REST"},{"data":"Mind Blast","floor":42.0,"key":"SMITH"},{"data":"Loop","floor":44.0,"key":"SMITH"},{"data":"Loop","floor":49.0,"key":"SMITH"}],"neow_cost":"","seed_source_timestamp":0,"circlet_count":0,"master_deck":["Strike_B+1","Strike_B+1","Strike_B+1","Strike_B+1","Defend_B+1","Defend_B+1","Defend_B+1","Defend_B+1","Zap","Dramatic Entrance","Sadistic Nature","Mind Blast+1","Mind Blast+1","Panacea","Loop+1","Injury","Turbo","Turbo","White Noise","Reprogram","Go for the Eyes","Chaos","Coolheaded","Parasite","Loop+1","Seek","Defragment","Sunder","Apotheosis+1","Static Discharge","Lockon","Redo","Ball Lightning","Chaos+1","Beam Cell+1","Reinforced Body","Electrodynamics","Hologram","Beam Cell","Reinforced Body","Thunder Strike","Hologram+1","Chaos+1","Reinforced Body","Turbo","Rebound+1","Normality","Sweeping Beam","Rip and Tear","Turbo+1"],"special_seed":17737,"relics":["Cracked Core","Golden Idol","Singing Bowl","Bottled Flame","Orichalcum","Velvet Choker","Ornamental Fan","Blue Candle","White Beast Statue","Bag of Preparation","DataDisk","Oddly Smooth Stone","Ice Cream"],"potions_floor_usage":[50,50],"damage_taken":[{"damage":8.0,"enemies":"Small Slimes","floor":1.0,"turns":2.0},{"damage":9.0,"enemies":"Jaw Worm","floor":3.0,"turns":2.0},{"damage":4.0,"enemies":"2 Louse","floor":4.0,"turns":2.0},{"damage":0.0,"enemies":"Looter","floor":5.0,"turns":1.0},{"damage":23.0,"enemies":"Gremlin Nob","floor":6.0,"turns":4.0},{"damage":11.0,"enemies":"3 Louse","floor":8.0,"turns":2.0},{"damage":23.0,"enemies":"3 Sentries","floor":10.0,"turns":6.0},{"damage":0.0,"enemies":"Large Slime","floor":11.0,"turns":4.0},{"damage":0.0,"enemies":"Lots of Slimes","floor":14.0,"turns":1.0},{"damage":47.0,"enemies":"Hexaghost","floor":16.0,"turns":8.0},{"damage":0.0,"enemies":"Spheric Guardian","floor":18.0,"turns":1.0},{"damage":22.0,"enemies":"3 Byrds","floor":20.0,"turns":3.0},{"damage":12.0,"enemies":"Slaver and Parasite","floor":21.0,"turns":2.0},{"damage":6.0,"enemies":"Book of Stabbing","floor":23.0,"turns":2.0},{"damage":7.0,"enemies":"3 Cultists","floor":25.0,"turns":4.0},{"damage":0.0,"enemies":"Snecko","floor":27.0,"turns":2.0},{"damage":0.0,"enemies":"Centurion and Healer","floor":29.0,"turns":2.0},{"damage":0.0,"enemies":"Snake Plant","floor":31.0,"turns":1.0},{"damage":31.0,"enemies":"Champ","floor":33.0,"turns":7.0},{"damage":5.0,"enemies":"Flame Bruiser 1 Orb","floor":35.0,"turns":2.0},{"damage":23.0,"enemies":"3 Darklings","floor":36.0,"turns":4.0},{"damage":5.0,"enemies":"Maw","floor":39.0,"turns":4.0},{"damage":0.0,"enemies":"Spire Growth","floor":45.0,"turns":1.0},{"damage":0.0,"enemies":"Giant Head","floor":47.0,"turns":7.0},{"damage":0.0,"floor":48.0,"turns":1.0},{"damage":40,"enemies":"Awakened One","floor":50,"turns":11}],"seed_played":"4244373246101252923","potions_obtained":[{"floor":4.0,"key":"Ancient Potion"},{"floor":8.0,"key":"Ancient Potion"},{"floor":11.0,"key":"SpeedPotion"},{"floor":14.0,"key":"Strength Potion"},{"floor":20.0,"key":"Strength Potion"},{"floor":21.0,"key":"Energy Potion"},{"floor":29.0,"key":"Swift Potion"},{"floor":31.0,"key":"Block Potion"},{"floor":35.0,"key":"Block Potion"},{"floor":36.0,"key":"FearPotion"},{"floor":39.0,"key":"Energy Potion"},{"floor":45.0,"key":"Dexterity Potion"},{"floor":47.0,"key":"FocusPotion"}],"is_trial":false,"path_per_floor":["M","?","M","M","M","E","?","M","T","E","M","?","?","M","R","B",null,"M","$","M","M","?","E","R","M","T","M","$","M","R","M","R","B",null,"M","M","?","$","M","R","$","R","T","R","M","?","E","?","R","B"],"character_chosen":"DEFECT","items_purchased":["Sunder","Apotheosis","Static Discharge","Lockon","Electrodynamics","Hologram","Bag of Preparation","Reinforced Body"],"campfire_rested":3,"item_purchase_floors":[19,19,19,19,28,28,38,38],"current_hp_per_floor":[67,67,58,54,54,31,56,45,45,22,22,22,40,40,62,15,75,75,75,53,41,41,35,57,50,50,50,50,50,50,50,50,19,75,70,47,47,47,42,64,64,64,64,64,64,64,64,64,64,24],"gold":107,"neow_bonus":"","is_prod":false,"is_daily":true,"chose_seed":false,"campfire_upgraded":5,"win_rate":0.0,"timestamp":1532495706,"path_taken":["M","?","M","M","M","E","?","?","T","E","M","?","?","M","R","BOSS","M","?","?","M","?","E","R","M","T","M","?","M","R","M","R","BOSS","M","M","?","$","M","R","?","R","T","R","?","?","E","?","R","BOSS"],"build_version":"2018-07-19v2","purchased_purges":0,"victory":true,"max_hp_per_floor":[75,75,75,75,75,75,75,75,75,75,75,75,75,75,75,75,75,75,75,75,75,75,75,75,75,75,75,75,75,75,75,75,75,75,75,75,75,75,75,75,75,75,75,75,75,75,75,75,75,75],"card_choices":[{"not_picked":["Skim","Turbo"],"picked":"Loop","floor":1.0},{"not_picked":["Fusion","Streamline"],"picked":"Turbo","floor":3.0},{"not_picked":["Consume","Recycle"],"picked":"Turbo","floor":4.0},{"not_picked":["BootSequence","Sunder"],"picked":"White Noise","floor":5.0},{"not_picked":["Rebound","Tempest"],"picked":"Reprogram","floor":6.0},{"not_picked":["Reinforced Body","Ball Lightning"],"picked":"Go for the Eyes","floor":8.0},{"not_picked":["Turbo","Cold Snap"],"picked":"Chaos","floor":10.0},{"not_picked":["Steam Power","Stack"],"picked":"Coolheaded","floor":11.0},{"not_picked":["Static Discharge","Reinforced Body"],"picked":"Loop","floor":14.0},{"not_picked":["Buffer","Fission"],"picked":"Seek","floor":16.0},{"not_picked":["Go for the Eyes+1","Steam"],"picked":"Defragment","floor":18.0},{"not_picked":["Heatsinks","Go for the Eyes"],"picked":"Redo","floor":20.0},{"not_picked":["Barrage","Force Field"],"picked":"Ball Lightning","floor":21.0},{"not_picked":["Rebound","Fusion"],"picked":"Chaos+1","floor":23.0},{"not_picked":["Sunder","Gash"],"picked":"Beam Cell+1","floor":25.0},{"not_picked":["Coolheaded","Force Field"],"picked":"Reinforced Body","floor":27.0},{"not_picked":["Chill","Compile Driver"],"picked":"Beam Cell","floor":29.0},{"not_picked":["Stack","Steam+1"],"picked":"Reinforced Body","floor":31.0},{"not_picked":["Fission","Echo Form"],"picked":"Thunder Strike","floor":33.0},{"not_picked":["Gash","Rip and Tear"],"picked":"Hologram+1","floor":35.0},{"not_picked":["Lockon+1","Reinforced Body"],"picked":"Chaos+1","floor":36.0},{"not_picked":["Rip and Tear","Coolheaded"],"picked":"Turbo","floor":39.0},{"not_picked":["Steam Power+1","Recycle"],"picked":"Rebound+1","floor":45.0},{"not_picked":["Fusion","Scrape+1"],"picked":"Rip and Tear","floor":47.0},{"not_picked":["Sweeping Beam","Stack"],"picked":"Turbo+1","floor":48.0}],"player_experience":167357,"relics_obtained":[{"floor":6.0,"key":"Singing Bowl"},{"floor":9.0,"key":"Bottled Flame"},{"floor":10.0,"key":"Orichalcum"},{"floor":23.0,"key":"Ornamental Fan"},{"floor":26.0,"key":"Blue Candle"},{"floor":43.0,"key":"DataDisk"},{"floor":47.0,"key":"Oddly Smooth Stone"},{"floor":48.0,"key":"Ice Cream"}],"event_choices":[{"event_name":"Golden Idol","player_choice":"Take Wound","floor":2.0,"damage_taken":0.0},{"event_name":"Big Fish","player_choice":"Banana","floor":7.0,"damage_taken":0.0},{"event_name":"Scrap Ooze","player_choice":"unsuccessful","floor":12.0,"damage_taken":0.0},{"event_name":"Mushrooms","player_choice":"Healed and dodged fight","floor":13.0,"damage_taken":0.0},{"event_name":"Back to Basics","player_choice":"Simplicity","floor":22.0,"damage_taken":0.0},{"event_name":"Falling","player_choice":"Removed Skill","floor":37.0,"damage_taken":0.0},{"event_name":"Match and Keep!","player_choice":"2 cards matched","floor":46.0,"damage_taken":0.0},{"event_name":"MindBloom","player_choice":"Fight","floor":48.0,"damage_taken":0.0}],"is_beta":false,"boss_relics":[{"not_picked":["Lizard Tail","Cursed Key"],"picked":"Velvet Choker"},{"not_picked":["Snecko Eye","Calling Bell"],"picked":"White Beast Statue"}],"items_purged_floors":[],"is_endless":false,"potions_floor_spawned":[4,8,11,14,20,21,29,31,35,36,39,45,47,48],"ascension_level":0}