{"gold_per_floor":[215,190,210,221,221,256,331,357,380,399,399,217,233,243,243,344,344,311,311,16,34,46,46,80,80,80,96,96,122,25,35,35,137,137,154,154,167,167,167,167],"floor_reached":40,"playtime":3515,"items_purged":["Strike_R","Strike_R"],"score":648,"play_id":"2c6feb91-e86c-42d6-86ba-b08334762ede","local_time":"20190206194508","is_ascension_mode":true,"campfire_choices":[{"floor":11.0,"key":"REST"},{"floor":15.0,"key":"REST"},{"data":"Whirlwind","floor":23.0,"key":"SMITH"},{"floor":25.0,"key":"REST"},{"data":"Bash","floor":28.0,"key":"SMITH"},{"data":"Clothesline","floor":32.0,"key":"SMITH"}],"neow_cost":"NONE","seed_source_timestamp":0,"circlet_count":0,"master_deck":["Defend_R+1","Defend_R+1","Defend_R","Clothesline+1","Whirlwind+1","Cleave","Seeing Red+1","Good Instincts+1","True Grit+1","Ghostly Armor+1","Double Tap+1","Armaments+1","Battle Trance+1","Battle Trance+1","Flex+1","Offering+1","Pummel+1","Immolate+1","Sword Boomerang+1"],"special_seed":0,"relics":["Burning Blood","Toxic Egg 2","Bronze Scales","Smiling Mask","Mark of Pain","Chemical X","War Paint","Lantern","Boot","Astrolabe"],"potions_floor_usage":[],"damage_taken":[{"damage":1.0,"enemies":"2 Louse","floor":1.0,"turns":3.0},{"damage":2.0,"enemies":"Cultist","floor":3.0,"turns":4.0},{"damage":12.0,"enemies":"Jaw Worm","floor":4.0,"turns":2.0},{"damage":0.0,"enemies":"Gremlin Gang","floor":5.0,"turns":1.0},{"damage":28.0,"enemies":"Gremlin Nob","floor":6.0,"turns":5.0},{"damage":46.0,"enemies":"Lagavulin","floor":8.0,"turns":7.0},{"damage":7.0,"enemies":"2 Fungi Beasts","floor":10.0,"turns":2.0},{"damage":12.0,"enemies":"3 Louse","floor":13.0,"turns":2.0},{"damage":17.0,"enemies":"Gremlin Gang","floor":14.0,"turns":3.0},{"damage":7.0,"enemies":"The Guardian","floor":16.0,"turns":15.0},{"damage":20.0,"enemies":"2 Thieves","floor":18.0,"turns":5.0},{"damage":0.0,"enemies":"3 Byrds","floor":21.0,"turns":1.0},{"damage":9.0,"enemies":"Centurion and Healer","floor":22.0,"turns":8.0},{"damage":31.0,"enemies":"Book of Stabbing","floor":24.0,"turns":5.0},{"damage":0.0,"enemies":"Chosen and Byrds","floor":27.0,"turns":3.0},{"damage":0.0,"enemies":"Gremlin Leader","floor":29.0,"turns":3.0},{"damage":3.0,"enemies":"Cultist and Chosen","floor":31.0,"turns":2.0},{"damage":68.0,"enemies":"Champ","floor":33.0,"turns":6.0},{"damage":0.0,"enemies":"3 Shapes","floor":35.0,"turns":2.0},{"damage":0.0,"enemies":"3 Darklings","floor":37.0,"turns":1.0},{"damage":0,"enemies":"Giant Head","floor":40,"turns":1}],"seed_played":"-6920237765939651932","potions_obtained":[{"floor":3.0,"key":"SmokeBomb"},{"floor":4.0,"key":"Energy Potion"},{"floor":10.0,"key":"GamblersBrew"},{"floor":18.0,"key":"Dexterity Potion"},{"floor":21.0,"key":"Weak Potion"},{"floor":24.0,"key":"Explosive Potion"}],"is_trial":false,"path_per_floor":["M","$","M","M","M","E","?","E","T","M","R","$","M","M","R","B",null,"M","?","$","M","M","R","E","R","T","M","R","E","$","M","R","B",null,"M","?","M","?","?","E"],"character_chosen":"IRONCLAD","items_purchased":["Clothesline","Seeing Red+1","Good Instincts+1","Chemical X","Armaments+1","PowerPotion","Flex+1"],"campfire_rested":3,"item_purchase_floors":[2,12,12,20,20,20,30],"current_hp_per_floor":[77,77,80,74,80,58,50,10,10,9,33,33,27,16,40,39,70,56,56,56,62,59,59,34,58,58,64,64,70,70,73,73,11,63,69,69,75,75,75,75],"gold":167,"neow_bonus":"HUNDRED_GOLD","is_prod":false,"is_daily":false,"chose_seed":false,"campfire_upgraded":3,"win_rate":0,"timestamp":1549500308,"path_taken":["M","$","M","M","M","E","?","E","T","M","R","$","?","M","R","BOSS","M","?","$","M","?","R","E","R","T","M","R","E","$","M","R","BOSS","M","?","M","?","?","E"],"build_version":"2019-01-23","purchased_purges":2,"victory":false,"max_hp_per_floor":[80,80,80,80,80,80,80,80,80,80,80,80,80,80,80,80,80,80,80,80,80,80,80,80,80,80,80,80,80,80,80,80,80,80,80,76,76,76,76,76],"card_choices":[{"not_picked":["Flex","Rupture"],"picked":"Iron Wave","floor":1.0},{"not_picked":["Corruption","Rage","Heavy Blade"],"picked":"SKIP","floor":3.0},{"not_picked":["Rupture","Twin Strike"],"picked":"Whirlwind","floor":4.0},{"not_picked":["Rage","Warcry","Wild Strike"],"picked":"SKIP","floor":6.0},{"not_picked":["Limit Break+1","Metallicize"],"picked":"Cleave","floor":8.0},{"not_picked":["Sword Boomerang","Second Wind+1","Dropkick"],"picked":"SKIP","floor":10.0},{"not_picked":["Feel No Pain","Rampage"],"picked":"True Grit+1","floor":13.0},{"not_picked":["Pommel Strike","Warcry+1"],"picked":"Ghostly Armor+1","floor":14.0},{"not_picked":["Offering+1","Bludgeon"],"picked":"Double Tap+1","floor":16.0},{"not_picked":["Armaments+1","Thunderclap","Second Wind+1"],"picked":"SKIP","floor":18.0},{"not_picked":["Blood for Blood+1","Clash","Sword Boomerang"],"picked":"SKIP","floor":21.0},{"not_picked":["Power Through+1","Body Slam","Fire Breathing"],"picked":"SKIP","floor":22.0},{"not_picked":["Anger","Combust","Iron Wave"],"picked":"SKIP","floor":24.0},{"not_picked":["Dropkick","Juggernaut"],"picked":"Battle Trance+1","floor":27.0},{"not_picked":["Reckless Charge","Thunderclap+1"],"picked":"Battle Trance+1","floor":29.0},{"not_picked":["Pummel+1","Wild Strike+1","Warcry+1"],"picked":"SKIP","floor":31.0},{"not_picked":["Demon Form","Double Tap+1"],"picked":"Offering+1","floor":33.0},{"not_picked":["Sword Boomerang+1","Armaments+1","Rupture"],"picked":"SKIP","floor":35.0},{"not_picked":["Twin Strike+1","Pommel Strike+1","Armaments+1"],"picked":"SKIP","floor":37.0}],"player_experience":378640,"relics_obtained":[{"floor":6.0,"key":"Toxic Egg 2"},{"floor":8.0,"key":"Bronze Scales"},{"floor":9.0,"key":"Smiling Mask"},{"floor":24.0,"key":"War Paint"},{"floor":26.0,"key":"Lantern"},{"floor":29.0,"key":"Boot"}],"event_choices":[{"damage_healed":0.0,"max_hp_gain":0.0,"max_hp_loss":0.0,"gold_gain":75.0,"event_name":"FaceTrader","player_choice":"Touch","floor":7.0,"gold_loss":0.0,"damage_taken":8.0},{"cards_removed":["Strike_R"],"damage_healed":0.0,"max_hp_gain":0.0,"max_hp_loss":0.0,"gold_gain":0.0,"event_name":"Purifier","player_choice":"Purged","floor":19.0,"gold_loss":0.0,"damage_taken":0.0},{"damage_healed":0.0,"max_hp_gain":0.0,"max_hp_loss":4.0,"gold_gain":0.0,"event_name":"Winding Halls","player_choice":"Max HP","floor":36.0,"gold_loss":0.0,"damage_taken":0.0},{"cards_removed":["Bash"],"damage_healed":0.0,"max_hp_gain":0.0,"max_hp_loss":0.0,"gold_gain":0.0,"event_name":"Falling","player_choice":"Removed Attack","floor":38.0,"gold_loss":0.0,"damage_taken":0.0},{"cards_removed":["Defend_R"],"damage_healed":0.0,"max_hp_gain":0.0,"max_hp_loss":0.0,"gold_gain":0.0,"event_name":"Wheel of Change","player_choice":"Card Removal","floor":39.0,"gold_loss":0.0,"damage_taken":0.0}],"is_beta":false,"boss_relics":[{"not_picked":["Eternal Feather","Calling Bell"],"picked":"Mark of Pain"},{"not_picked":["Lizard Tail","Runic Pyramid"],"picked":"Astrolabe"}],"items_purged_floors":[12,30],"is_endless":false,"potions_floor_spawned":[3,4,5,10,18,21,24],"killed_by":"Giant Head","ascension_level":8}