{"gold_per_floor":[111,125,125,125,144,179,179,146,172,172,16,47,59,59,59,160,210,220,231,231,231,241,241,266,266,266,266,282,299,310,310],"floor_reached":31,"playtime":2368,"items_purged":["Writhe"],"score":265,"play_id":"7c0a81a1-1bba-4725-ab3b-da802cd45200","local_time":"20190112190558","is_ascension_mode":false,"campfire_choices":[{"floor":7,"key":"REST"},{"floor":10,"key":"REST"},{"data":"Noxious Fumes","floor":15,"key":"SMITH"},{"floor":23,"key":"REST"}],"neow_cost":"NONE","seed_source_timestamp":170273045179050,"circlet_count":0,"master_deck":["Defend_G","Defend_G","Defend_G","Defend_G","Defend_G","Strike_G","Strike_G","Strike_G","Strike_G","Strike_G","Survivor","Neutralize","Deflect","Dodge and Roll","Dash+1","Endless Agony+1","Infinite Blades+1","Noxious Fumes","Noxious Fumes+1","Doppelganger","Deadly Poison","Backflip","Bouncing Flask","RitualDagger+1","Deadly Poison","Poisoned Stab+1","Strike_G","Blur+1","Sucker Punch+1","Escape Plan"],"relics":["Calling Bell","Oddly Smooth Stone","Molten Egg 2","Bird Faced Urn","Bag of Marbles","Centennial Puzzle","The Specimen","Tiny House","Bottled Lightning","Matryoshka"],"potions_floor_usage":[12,16,24,28,28,29,30],"damage_taken":[{"damage":3,"enemies":"Jaw Worm","floor":1,"turns":5},{"damage":0,"enemies":"2 Louse","floor":2,"turns":3},{"damage":0,"enemies":"Small Slimes","floor":5,"turns":4},{"damage":49,"enemies":"Gremlin Nob","floor":6,"turns":7},{"damage":6,"enemies":"3 Sentries","floor":12,"turns":6},{"damage":1,"enemies":"Gremlin Gang","floor":13,"turns":5},{"damage":20,"enemies":"The Guardian","floor":16,"turns":10},{"damage":34,"enemies":"2 Thieves","floor":18,"turns":5},{"damage":4,"enemies":"Spheric Guardian","floor":19,"turns":5},{"damage":23,"enemies":"Centurion and Healer","floor":22,"turns":6},{"damage":35,"enemies":"Book of Stabbing","floor":24,"turns":7},{"damage":9,"enemies":"Snake Plant","floor":28,"turns":4},{"damage":16,"enemies":"Sentry and Sphere","floor":29,"turns":4},{"damage":8,"enemies":"Chosen and Byrds","floor":30,"turns":6},{"damage":9,"enemies":"Snake Plant","floor":31,"turns":1}],"seed_played":"3519825899119236045","potions_obtained":[{"floor":2,"key":"Swift Potion"},{"floor":5,"key":"Explosive Potion"},{"floor":13,"key":"GhostInAJar"},{"floor":17,"key":"FearPotion"},{"floor":22,"key":"PowerPotion"},{"floor":24,"key":"Weak Potion"},{"floor":28,"key":"Block Potion"}],"is_trial":false,"path_per_floor":["M","M","?","?","M","E","R","?","T","R","$","E","M","?","R","B",null,"M","M","?","?","M","R","E","?","T","?","M","M","M","M"],"character_chosen":"THE_SILENT","items_purchased":["Infinite Blades"],"campfire_rested":3,"item_purchase_floors":[11],"current_hp_per_floor":[67,67,67,67,67,18,38,38,38,58,58,54,57,62,62,48,77,45,47,41,41,24,47,18,18,18,18,15,5,3,0],"gold":310,"neow_bonus":"BOSS_RELIC","is_prod":false,"is_daily":false,"chose_seed":false,"campfire_upgraded":1,"win_rate":0.0,"timestamp":1547280358,"path_taken":["M","M","?","?","M","E","R","?","T","R","$","E","?","?","R","BOSS","M","M","?","?","?","R","E","?","T","?","M","?","M","M"],"build_version":"2019-01-10","purchased_purges":1,"victory":false,"max_hp_per_floor":[70,70,67,67,67,67,67,67,67,67,67,67,67,72,72,72,77,77,77,77,77,77,77,77,77,77,77,77,77,77,77],"card_choices":[{"not_picked":["Prepared","Well Laid Plans"],"picked":"Deflect","floor":1},{"not_picked":["Dagger Throw+1","Sucker Punch+1"],"picked":"Dodge and Roll","floor":2},{"not_picked":["Dagger Throw+1","Prepared"],"picked":"Dash+1","floor":5},{"not_picked":["Noxious Fumes","Escape Plan"],"picked":"Endless Agony+1","floor":6},{"not_picked":["Burst","Backflip"],"picked":"Noxious Fumes","floor":12},{"not_picked":["Acrobatics","Blade Dance"],"picked":"Noxious Fumes","floor":13},{"not_picked":["Tools of the Trade","Wraith Form v2"],"picked":"Doppelganger","floor":16},{"not_picked":["Dagger Spray+1","Endless Agony+1"],"picked":"Deadly Poison","floor":17},{"not_picked":["Acrobatics","Underhanded Strike+1"],"picked":"Backflip","floor":18},{"not_picked":["Prepared","Blade Dance"],"picked":"Bouncing Flask","floor":19},{"not_picked":["Blade Dance","Masterful Stab+1"],"picked":"Deadly Poison","floor":22},{"not_picked":["Deadly Poison","Masterful Stab+1"],"picked":"Poisoned Stab+1","floor":24},{"not_picked":["Dodge and Roll","Blade Dance+1"],"picked":"Blur+1","floor":28},{"not_picked":["Dagger Throw+1","Tools of the Trade"],"picked":"Sucker Punch+1","floor":29},{"not_picked":["Dagger Throw+1","Sucker Punch+1"],"picked":"Escape Plan","floor":30}],"player_experience":22813,"relics_obtained":[{"floor":0,"key":"Oddly Smooth Stone"},{"floor":0,"key":"Molten Egg 2"},{"floor":0,"key":"Bird Faced Urn"},{"floor":6,"key":"Bag of Marbles"},{"floor":9,"key":"Centennial Puzzle"},{"floor":12,"key":"The Specimen"},{"floor":24,"key":"Bottled Lightning"},{"floor":26,"key":"Matryoshka"}],"event_choices":[{"cards_removed":["Parasite"],"damage_healed":0,"gold_gain":0,"player_choice":"Forget","damage_taken":0,"max_hp_gain":0,"max_hp_loss":0,"event_name":"Living Wall","floor":3,"gold_loss":0},{"damage_healed":0,"gold_gain":0,"player_choice":"Ignored","damage_taken":0,"max_hp_gain":0,"max_hp_loss":0,"event_name":"Liars Game","floor":4,"gold_loss":0},{"damage_healed":0,"gold_gain":0,"player_choice":"Left Gold","damage_taken":0,"max_hp_gain":0,"max_hp_loss":0,"event_name":"World of Goop","floor":8,"gold_loss":33},{"damage_healed":0,"gold_gain":0,"player_choice":"Donut","damage_taken":0,"max_hp_gain":5,"max_hp_loss":0,"event_name":"Big Fish","floor":14,"gold_loss":0},{"damage_healed":0,"gold_gain":0,"player_choice":"Joined the Cult","damage_taken":6,"max_hp_gain":0,"max_hp_loss":0,"event_name":"Nest","floor":20,"gold_loss":0,"cards_obtained":["RitualDagger"]},{"cards_removed":["Injury"],"damage_healed":0,"gold_gain":0,"player_choice":"Purged","damage_taken":0,"max_hp_gain":0,"max_hp_loss":0,"event_name":"Purifier","floor":21,"gold_loss":0},{"damage_healed":0,"gold_gain":0,"player_choice":"Smashed Altar","damage_taken":0,"max_hp_gain":0,"max_hp_loss":0,"event_name":"Forgotten Altar","floor":25,"gold_loss":0,"cards_obtained":["Decay"]},{"cards_removed":["Decay"],"damage_healed":0,"gold_gain":0,"player_choice":"Took Card","damage_taken":0,"max_hp_gain":0,"max_hp_loss":0,"event_name":"NoteForYourself","floor":27,"gold_loss":0,"cards_obtained":["Strike_G"]}],"is_beta":false,"boss_relics":[{"not_picked":["Lizard Tail","Fusion Hammer"],"picked":"Tiny House"}],"items_purged_floors":[11],"is_endless":false,"potions_floor_spawned":[2,5,13,22,24,28],"killed_by":"Snake Plant","ascension_level":0}