{"gold_per_floor":[115,129,142,157,82,82,100,100,147,147,161,181,196,213,213,286,286,303,328,328,340,352,352,242,242,242,242,258,258,158,173,173,245,245,257,272,494,494,507,507,507,525,525,525,537,6,21,121,121,121],"floor_reached":51,"playtime":5289,"items_purged":["Strike_R","Defend_R","Spot Weakness"],"score":1152,"play_id":"285def8f-12bc-47eb-ae41-3034b13d8047","local_time":"20190317043529","is_ascension_mode":true,"campfire_choices":[{"data":"Bash","floor":6.0,"key":"SMITH"},{"data":"Shrug It Off","floor":8.0,"key":"SMITH"},{"data":"Metallicize","floor":10.0,"key":"SMITH"},{"data":"True Grit","floor":15.0,"key":"SMITH"},{"data":"Shrug It Off","floor":23.0,"key":"SMITH"},{"data":"Ghostly Armor","floor":25.0,"key":"SMITH"},{"data":"Pommel Strike","floor":27.0,"key":"SMITH"},{"data":"Battle Trance","floor":29.0,"key":"SMITH"},{"data":"Offering","floor":32.0,"key":"SMITH"},{"data":"Demon Form","floor":40.0,"key":"SMITH"},{"data":"Impervious","floor":44.0,"key":"SMITH"},{"data":"Entrench","floor":49.0,"key":"SMITH"}],"neow_cost":"NONE","seed_source_timestamp":0,"circlet_count":0,"master_deck":["AscendersBane","Strike_R","Defend_R+1","Defend_R","Pommel Strike+1","Ghostly Armor+1","Metallicize+1","Shrug It Off+1","Feel No Pain","Offering+1","True Grit+1","Reaper","Dual Wield+1","Evolve+1","Blood for Blood+1","Shrug It Off+1","Battle Trance+1","Demon Form+1","Offering+1","Impervious+1","Entrench+1"],"special_seed":0,"relics":["Burning Blood","Red Skull","Odd Mushroom","Astrolabe","Red Mask","Matryoshka","Coffee Dripper","PreservedInsect","Blue Candle","Kunai","Pocketwatch"],"potions_floor_usage":[50,50],"damage_taken":[{"damage":7.0,"enemies":"Cultist","floor":1.0,"turns":4.0},{"damage":1.0,"enemies":"2 Louse","floor":2.0,"turns":2.0},{"damage":11.0,"enemies":"Jaw Worm","floor":3.0,"turns":5.0},{"damage":21.0,"enemies":"Exordium Thugs","floor":4.0,"turns":5.0},{"damage":8.0,"enemies":"Looter","floor":7.0,"turns":3.0},{"damage":0.0,"enemies":"2 Fungi Beasts","floor":11.0,"turns":5.0},{"damage":29.0,"enemies":"The Mushroom Lair","floor":12.0,"turns":7.0},{"damage":6.0,"enemies":"Exordium Thugs","floor":13.0,"turns":2.0},{"damage":14.0,"enemies":"Large Slime","floor":14.0,"turns":5.0},{"damage":44.0,"enemies":"The Guardian","floor":16.0,"turns":13.0},{"damage":15.0,"enemies":"Shell Parasite","floor":18.0,"turns":22.0},{"damage":63.0,"enemies":"Masked Bandits","floor":19.0,"turns":6.0},{"damage":13.0,"enemies":"2 Thieves","floor":21.0,"turns":4.0},{"damage":56.0,"enemies":"Centurion and Healer","floor":22.0,"turns":17.0},{"damage":44.0,"enemies":"Snake Plant","floor":28.0,"turns":25.0},{"damage":34.0,"enemies":"3 Cultists","floor":31.0,"turns":5.0},{"damage":75.0,"enemies":"Collector","floor":33.0,"turns":23.0},{"damage":26.0,"enemies":"Orb Walker","floor":35.0,"turns":4.0},{"damage":53.0,"enemies":"3 Darklings","floor":36.0,"turns":10.0},{"damage":34.0,"enemies":"Jaw Worm Horde","floor":39.0,"turns":6.0},{"damage":85.0,"enemies":"Spire Growth","floor":42.0,"turns":11.0},{"damage":36.0,"enemies":"Maw","floor":45.0,"turns":8.0},{"damage":58.0,"enemies":"3 Darklings","floor":47.0,"turns":7.0},{"damage":22.0,"enemies":"Mind Bloom Boss Battle","floor":48.0,"turns":8.0},{"damage":44,"enemies":"Time Eater","floor":50,"turns":9}],"seed_played":"-3591486253545206742","potions_obtained":[{"floor":1.0,"key":"Fruit Juice"},{"floor":4.0,"key":"Poison Potion"},{"floor":7.0,"key":"LiquidBronze"},{"floor":12.0,"key":"AttackPotion"},{"floor":13.0,"key":"Regen Potion"},{"floor":16.0,"key":"Fire Potion"},{"floor":20.0,"key":"Fruit Juice"},{"floor":20.0,"key":"SteroidPotion"},{"floor":22.0,"key":"SkillPotion"},{"floor":33.0,"key":"Dexterity Potion"},{"floor":42.0,"key":"Fruit Juice"}],"is_trial":false,"path_per_floor":["M","M","M","M","$","R","M","R","T","R","M","?","M","M","R","B",null,"M","?","?","M","M","R","?","R","T","R","M","R","$","M","R","B",null,"M","M","?","?","M","R","?","M","T","R","M","$","M","?","R","B",null],"character_chosen":"IRONCLAD","items_purchased":["Entrench","Kunai","Dexterity Potion"],"campfire_rested":0,"item_purchase_floors":[46,46,46],"current_hp_per_floor":[79,84,79,64,64,64,62,62,62,62,68,45,45,37,37,14,69,87,54,59,62,92,92,92,92,92,92,92,92,92,72,72,92,92,72,92,92,92,92,92,92,97,97,97,95,95,97,97,97,64],"gold":121,"neow_bonus":"TEN_PERCENT_HP_BONUS","is_prod":false,"is_daily":false,"chose_seed":false,"campfire_upgraded":12,"win_rate":0,"timestamp":1552811729,"path_taken":["M","M","?","M","$","R","?","R","T","R","M","?","M","M","R","BOSS","M","?","?","?","M","R","?","R","T","R","M","R","?","?","R","BOSS","M","M","?","?","M","R","?","?","T","R","M","$","M","?","R","BOSS"],"build_version":"2019-01-23","purchased_purges":3,"victory":true,"max_hp_per_floor":[87,87,87,87,87,87,87,87,87,87,87,87,87,87,87,87,87,87,87,92,92,92,92,92,92,92,92,92,92,92,92,92,92,92,92,92,92,92,92,92,92,97,97,97,97,97,97,97,97,97],"card_choices":[{"not_picked":["Heavy Blade","Reckless Charge"],"picked":"Spot Weakness","floor":1.0},{"not_picked":["Iron Wave","Warcry"],"picked":"Pommel Strike","floor":2.0},{"not_picked":["Warcry","Pommel Strike"],"picked":"Ghostly Armor","floor":3.0},{"not_picked":["Clash","Seeing Red"],"picked":"Metallicize","floor":4.0},{"not_picked":["Body Slam","Havoc"],"picked":"Shrug It Off","floor":7.0},{"not_picked":["Heavy Blade","Cleave"],"picked":"Feel No Pain","floor":11.0},{"not_picked":["Wild Strike","Dual Wield"],"picked":"Offering","floor":12.0},{"not_picked":["Cleave","Thunderclap","Wild Strike"],"picked":"SKIP","floor":13.0},{"not_picked":["Thunderclap","Burning Pact"],"picked":"True Grit","floor":14.0},{"not_picked":["Bludgeon","Offering"],"picked":"Reaper","floor":16.0},{"not_picked":["Pommel Strike","Havoc","Carnage"],"picked":"SKIP","floor":18.0},{"not_picked":["Pommel Strike","Havoc","Carnage"],"picked":"SKIP","floor":18.0},{"not_picked":["Clash","Clothesline"],"picked":"Shrug It Off","floor":19.0},{"not_picked":["Armaments","Shrug It Off","Searing Blow"],"picked":"SKIP","floor":21.0},{"not_picked":["Armaments","Shrug It Off","Searing Blow"],"picked":"SKIP","floor":21.0},{"not_picked":["Second Wind","Perfected Strike","Heavy Blade"],"picked":"SKIP","floor":22.0},{"not_picked":["Armaments","Shrug It Off"],"picked":"Battle Trance","floor":28.0},{"not_picked":["Anger","Flex","Warcry"],"picked":"SKIP","floor":31.0},{"not_picked":["Offering","Immolate"],"picked":"Demon Form","floor":33.0},{"not_picked":["Clash","Wild Strike+1","Corruption+1"],"picked":"SKIP","floor":35.0},{"not_picked":["Body Slam","Cleave+1","Anger+1"],"picked":"SKIP","floor":36.0},{"not_picked":["Iron Wave","Perfected Strike","Seeing Red"],"picked":"SKIP","floor":39.0},{"not_picked":["Heavy Blade+1","Sever Soul"],"picked":"Impervious","floor":42.0},{"not_picked":["Iron Wave","Headbutt","Wild Strike"],"picked":"SKIP","floor":45.0},{"not_picked":["Intimidate+1","Pommel Strike","Shrug It Off"],"picked":"SKIP","floor":47.0}],"player_experience":379674,"relics_obtained":[{"floor":9.0,"key":"Red Skull"},{"floor":12.0,"key":"Odd Mushroom"},{"floor":19.0,"key":"Red Mask"},{"floor":26.0,"key":"Matryoshka"},{"floor":43.0,"key":"PreservedInsect"},{"floor":43.0,"key":"Blue Candle"},{"floor":48.0,"key":"Pocketwatch"}],"event_choices":[{"damage_healed":0.0,"max_hp_gain":0.0,"max_hp_loss":0.0,"gold_gain":0.0,"event_name":"Mushrooms","player_choice":"Fought Mushrooms","floor":12.0,"gold_loss":0.0,"damage_taken":0.0},{"damage_healed":0.0,"max_hp_gain":0.0,"max_hp_loss":0.0,"gold_gain":0.0,"event_name":"Masked Bandits","player_choice":"Fought Bandits","floor":19.0,"gold_loss":0.0,"damage_taken":0.0},{"damage_healed":0.0,"max_hp_gain":0.0,"max_hp_loss":0.0,"gold_gain":0.0,"event_name":"Lab","player_choice":"Got Potions","floor":20.0,"gold_loss":0.0,"damage_taken":0.0},{"cards_removed":["Defend_R"],"damage_healed":0.0,"max_hp_gain":0.0,"max_hp_loss":0.0,"gold_gain":0.0,"event_name":"Designer","player_choice":"Upgrade and Remove","floor":24.0,"gold_loss":110.0,"damage_taken":0.0,"cards_upgraded":["Defend_R"]},{"damage_healed":0.0,"max_hp_gain":0.0,"max_hp_loss":0.0,"gold_gain":222.0,"event_name":"Tomb of Lord Red Mask","player_choice":"Wore Mask","floor":37.0,"gold_loss":0.0,"damage_taken":0.0},{"cards_removed":["Bash"],"damage_healed":0.0,"max_hp_gain":0.0,"max_hp_loss":0.0,"gold_gain":0.0,"event_name":"Falling","player_choice":"Removed Attack","floor":38.0,"gold_loss":0.0,"damage_taken":0.0},{"damage_healed":0.0,"max_hp_gain":0.0,"max_hp_loss":0.0,"gold_gain":0.0,"event_name":"Duplicator","player_choice":"Copied","floor":41.0,"gold_loss":0.0,"damage_taken":0.0,"cards_obtained":["Offering"]},{"damage_healed":0.0,"max_hp_gain":0.0,"max_hp_loss":0.0,"gold_gain":0.0,"event_name":"MindBloom","player_choice":"Fight","floor":48.0,"gold_loss":0.0,"damage_taken":0.0}],"is_beta":false,"boss_relics":[{"not_picked":["White Beast Statue","Runic Cube"],"picked":"Astrolabe"},{"not_picked":["Fusion Hammer","Black Blood"],"picked":"Coffee Dripper"}],"items_purged_floors":[5,30,46],"is_endless":false,"potions_floor_spawned":[1,4,7,12,13,16,22,33,36,42],"ascension_level":18}