{"gold_per_floor":[114,94,94,169,51,83,83,95,95,128,144,144,159,185,185,263,263,280,280,280,294,304,304,163,175,199,199,199,149,149,165,165,165],"floor_reached":33,"playtime":1093,"items_purged":["Defend_R","Writhe","Strike_R"],"score":562,"play_id":"c0df83b3-e6bf-45f4-a0e3-652da1432380","local_time":"20190127123615","is_ascension_mode":true,"campfire_choices":[{"data":"Fire Breathing","floor":7.0,"key":"SMITH"},{"data":"Inflame","floor":15.0,"key":"SMITH"},{"data":"Seeing Red","floor":23,"key":"SMITH"},{"data":"Anger","floor":27,"key":"SMITH"},{"floor":30,"key":"REST"},{"floor":32,"key":"REST"}],"neow_cost":"NONE","seed_source_timestamp":1531149701376777,"circlet_count":0,"master_deck":["AscendersBane","Strike_R","Defend_R","Defend_R","Defend_R","Bash","Inflame+1","Ghostly Armor","Fire Breathing+1","Rampage","Heavy Blade","Anger+1","Immolate","Ghostly Armor+1","Pummel+1","Twin Strike+1","Seeing Red+1","Flash of Steel","Offering","Sword Boomerang"],"special_seed":0,"relics":["Burning Blood","NeowsBlessing","Self Forming Clay","Ice Cream","Pen Nib","CultistMask","Smiling Mask","Astrolabe","Dream Catcher","Bronze Scales"],"potions_floor_usage":[33,33],"damage_taken":[{"damage":0.0,"enemies":"2 Louse","floor":1.0,"turns":1.0},{"damage":0.0,"enemies":"3 Sentries","floor":6.0,"turns":2.0},{"damage":0.0,"enemies":"Cultist","floor":8.0,"turns":1.0},{"damage":19.0,"enemies":"Gremlin Nob","floor":10.0,"turns":4.0},{"damage":3.0,"enemies":"Small Slimes","floor":11.0,"turns":4.0},{"damage":25.0,"enemies":"Exordium Thugs","floor":13.0,"turns":5.0},{"damage":26.0,"enemies":"3 Sentries","floor":14.0,"turns":6.0},{"damage":34,"enemies":"Slime Boss","floor":16,"turns":8},{"damage":6,"enemies":"3 Byrds","floor":18,"turns":4},{"damage":16,"enemies":"Shell Parasite","floor":21,"turns":6},{"damage":18,"enemies":"Snecko","floor":22,"turns":3},{"damage":13,"enemies":"Sentry and Sphere","floor":25,"turns":5},{"damage":30,"enemies":"Cultist and Chosen","floor":31,"turns":5},{"damage":75,"enemies":"Collector","floor":33,"turns":7}],"seed_played":"8030060085082615090","potions_obtained":[{"floor":1.0,"key":"FairyPotion"},{"floor":2.0,"key":"SkillPotion"},{"floor":11.0,"key":"Weak Potion"},{"floor":13.0,"key":"GamblersBrew"},{"floor":14.0,"key":"Fruit Juice"},{"floor":21,"key":"SpeedPotion"},{"floor":22,"key":"Poison Potion"}],"is_trial":false,"path_per_floor":["M","?","$","?","$","E","R","M","T","E","M","?","M","E","R","B",null,"M","?","?","M","M","R","$","M","T","R","?","$","R","M","R","B"],"character_chosen":"IRONCLAD","items_purchased":["Ghostly Armor","Flash of Steel"],"campfire_rested":2,"item_purchase_floors":[5,24],"current_hp_per_floor":[74,74,74,63,63,69,69,75,75,62,65,65,46,31,31,14,64,64,64,64,54,42,42,42,35,35,35,35,35,59,35,59,0],"gold":165,"neow_bonus":"THREE_ENEMY_KILL","is_prod":false,"is_daily":false,"chose_seed":false,"campfire_upgraded":4,"win_rate":0,"timestamp":1548588975,"path_taken":["M","?","?","?","$","E","R","M","T","E","M","?","?","E","R","BOSS","M","?","?","M","M","R","$","M","T","R","?","$","R","M","R","BOSS"],"build_version":"2019-01-23","purchased_purges":3,"victory":false,"max_hp_per_floor":[75,75,75,75,75,75,75,75,75,75,75,75,75,80,80,80,80,80,80,80,80,80,80,80,80,80,80,80,80,80,80,80,80],"card_choices":[{"not_picked":["Sword Boomerang","Clash"],"picked":"Inflame","floor":1.0},{"not_picked":["Shockwave","Burning Pact"],"picked":"Fire Breathing","floor":6.0},{"not_picked":["Warcry","Reckless Charge"],"picked":"Rampage","floor":8.0},{"not_picked":["Intimidate","Shrug It Off"],"picked":"Heavy Blade","floor":10.0},{"not_picked":["Clash","Perfected Strike","Wild Strike"],"picked":"SKIP","floor":11.0},{"not_picked":["Clash","Body Slam"],"picked":"Anger","floor":13.0},{"not_picked":["Combust","Flex","Cleave"],"picked":"SKIP","floor":14.0},{"not_picked":["Impervious","Brutality"],"picked":"Immolate","floor":16},{"not_picked":["Flex","Perfected Strike","Rampage"],"picked":"SKIP","floor":18},{"not_picked":["Sentinel","Entrench+1","Perfected Strike"],"picked":"SKIP","floor":21},{"not_picked":["Heavy Blade","True Grit"],"picked":"Seeing Red","floor":22},{"not_picked":["Thunderclap","Headbutt","Heavy Blade"],"picked":"SKIP","floor":25},{"not_picked":["Sever Soul","Anger"],"picked":"Offering","floor":30},{"not_picked":["Uppercut","Searing Blow"],"picked":"Sword Boomerang","floor":31}],"player_experience":946872,"relics_obtained":[{"floor":6.0,"key":"Self Forming Clay"},{"floor":9.0,"key":"Ice Cream"},{"floor":10.0,"key":"Pen Nib"},{"floor":14.0,"key":"Smiling Mask"},{"floor":26,"key":"Bronze Scales"}],"event_choices":[{"damage_healed":0.0,"max_hp_gain":0.0,"max_hp_loss":0.0,"gold_gain":0.0,"event_name":"The Woman in Blue","player_choice":"Bought 1 Potion","floor":2.0,"gold_loss":0.0,"damage_taken":0.0},{"damage_healed":0.0,"max_hp_gain":0.0,"max_hp_loss":0.0,"gold_gain":75.0,"event_name":"World of Goop","player_choice":"Gather Gold","floor":4.0,"gold_loss":0.0,"damage_taken":11.0},{"damage_healed":0.0,"max_hp_gain":0.0,"max_hp_loss":0.0,"gold_gain":0.0,"event_name":"FaceTrader","player_choice":"Trade","floor":12.0,"gold_loss":0.0,"damage_taken":0.0,"relics_obtained":["CultistMask"]},{"damage_healed":0,"gold_gain":0,"player_choice":"Opened","damage_taken":0,"relics_obtained":["Dream Catcher"],"max_hp_gain":0,"max_hp_loss":0,"event_name":"The Mausoleum","floor":19,"gold_loss":0,"cards_obtained":["Writhe"]},{"damage_healed":0,"gold_gain":0,"player_choice":"Ignored","damage_taken":0,"max_hp_gain":0,"max_hp_loss":0,"event_name":"Vampires","floor":20,"gold_loss":0},{"damage_healed":0,"gold_gain":0,"player_choice":"Ignored","damage_taken":0,"max_hp_gain":0,"max_hp_loss":0,"event_name":"Ghosts","floor":28,"gold_loss":0}],"is_beta":false,"boss_relics":[{"not_picked":["Black Star","Fusion Hammer"],"picked":"Astrolabe"}],"items_purged_floors":[5,24,29],"is_endless":false,"potions_floor_spawned":[1,6,11,13,14,21,22],"killed_by":"Collector","ascension_level":19}