{"gold_per_floor":[210,135,67,67,67,67,85,85,85,85,110,32,50,69,69,170,170,187,187,34,52,52,107,107],"floor_reached":24,"playtime":1059,"items_purged":["Strike_B"],"score":244,"play_id":"c217fc50-fa1e-4e64-9a1c-bc29647f499d","local_time":"20190318012108","is_ascension_mode":true,"campfire_choices":[{"data":"Zap","floor":6.0,"key":"SMITH"},{"data":"Streamline","floor":8.0,"key":"SMITH"},{"data":"FTL","floor":10.0,"key":"SMITH"},{"floor":15.0,"key":"REST"}],"neow_cost":"NONE","seed_source_timestamp":416785356425986,"circlet_count":0,"master_deck":["Strike_B","Defend_B","Defend_B","Defend_B","Defend_B","Zap+1","Dualcast","Gash","FTL+1","Streamline+1","Reinforced Body","White Noise","Turbo","Aggregate","Electrodynamics","Gash","Capacitor","Conserve Battery","Coolheaded","Defragment+1","Decay","Beam Cell"],"special_seed":0,"relics":["Cracked Core","CultistMask","Sundial","Happy Flower","Nloth\u0027s Gift","Tiny Chest"],"potions_floor_usage":[23,23],"damage_taken":[{"damage":1.0,"enemies":"Cultist","floor":1.0,"turns":3.0},{"damage":0.0,"enemies":"2 Louse","floor":7.0,"turns":2.0},{"damage":35.0,"enemies":"Gremlin Nob","floor":11.0,"turns":4.0},{"damage":0.0,"enemies":"Small Slimes","floor":13.0,"turns":2.0},{"damage":0.0,"enemies":"Red Slaver","floor":14.0,"turns":3.0},{"damage":41.0,"enemies":"The Guardian","floor":16.0,"turns":15.0},{"damage":26,"enemies":"Spheric Guardian","floor":18,"turns":7},{"damage":14,"enemies":"Shell Parasite","floor":21,"turns":5},{"damage":31,"enemies":"Book of Stabbing","floor":23,"turns":7},{"damage":8,"enemies":"Snake Plant","floor":24,"turns":1}],"seed_played":"-6115562375614934243","potions_obtained":[{"floor":13.0,"key":"SkillPotion"},{"floor":14.0,"key":"FocusPotion"},{"floor":16.0,"key":"PowerPotion"},{"floor":21,"key":"SteroidPotion"}],"is_trial":false,"path_per_floor":["M","$","$","?","$","R","M","R","T","R","E","$","M","M","R","B",null,"M","?","$","M","?","E","M"],"character_chosen":"DEFECT","items_purchased":["FTL","White Noise","Capacitor","Conserve Battery","Coolheaded"],"campfire_rested":1,"item_purchase_floors":[3,12,20,20,20],"current_hp_per_floor":[74,74,74,74,74,74,74,74,74,74,39,39,39,39,61,20,75,49,49,49,35,35,4,0],"gold":107,"neow_bonus":"HUNDRED_GOLD","is_prod":false,"is_daily":false,"chose_seed":false,"campfire_upgraded":3,"win_rate":0,"timestamp":1552886468,"path_taken":["M","?","$","?","$","R","M","R","T","R","E","$","M","M","R","BOSS","M","?","$","?","?","E","M"],"build_version":"2019-01-23","purchased_purges":1,"victory":false,"max_hp_per_floor":[75,75,75,75,75,75,75,75,75,75,75,75,75,75,75,75,75,75,75,75,75,75,75,75],"card_choices":[{"not_picked":["Turbo","Cold Snap"],"picked":"Gash","floor":1.0},{"not_picked":["Hologram","Lockon"],"picked":"Streamline","floor":7.0},{"not_picked":["Aggregate","Blizzard"],"picked":"Reinforced Body","floor":11.0},{"not_picked":["Consume","Steam"],"picked":"Turbo","floor":13.0},{"not_picked":["Barrage","Lockon"],"picked":"Aggregate","floor":14.0},{"not_picked":["Creative AI","Core Surge"],"picked":"Electrodynamics","floor":16.0},{"not_picked":["Doom and Gloom","Barrage"],"picked":"Gash","floor":18},{"not_picked":["Steam","Consume"],"picked":"Defragment+1","floor":21},{"not_picked":["Turbo","Streamline"],"picked":"Beam Cell","floor":23}],"player_experience":1261838,"relics_obtained":[{"floor":9.0,"key":"Sundial"},{"floor":11.0,"key":"Happy Flower"},{"floor":23,"key":"Tiny Chest"}],"event_choices":[{"damage_healed":0.0,"max_hp_gain":0.0,"max_hp_loss":0.0,"gold_gain":0.0,"event_name":"FaceTrader","player_choice":"Trade","floor":4.0,"gold_loss":0.0,"damage_taken":0.0,"relics_obtained":["CultistMask"]},{"damage_healed":0,"gold_gain":0,"player_choice":"Traded Relic","damage_taken":0,"relics_obtained":["Nloth\u0027s Gift"],"max_hp_gain":0,"max_hp_loss":0,"event_name":"N\u0027loth","floor":19,"relics_lost":["Empty Cage"],"gold_loss":0},{"damage_healed":0,"gold_gain":0,"player_choice":"Cursed","damage_taken":0,"max_hp_gain":0,"max_hp_loss":0,"event_name":"Wheel of Change","floor":22,"gold_loss":0,"cards_obtained":["Decay"]}],"is_beta":false,"boss_relics":[{"not_picked":["Coffee Dripper","Eternal Feather"],"picked":"Empty Cage"}],"items_purged_floors":[2],"is_endless":false,"potions_floor_spawned":[13,14,16,21],"killed_by":"Snake Plant","ascension_level":3}