{"gold_per_floor":[109,35,45,45,60,60,119,119,119,89,118,118,132,132,132,227,227,247,260,279,279,14,14,47,62,62,62,73,90,90,90],"floor_reached":31,"playtime":2799,"items_purged":[],"score":401,"play_id":"a1d96e73-db6e-4e3e-96f4-dce78a93ef75","local_time":"20190306202244","is_ascension_mode":true,"campfire_choices":[{"data":"Rainbow","floor":6.0,"key":"SMITH"},{"floor":8.0,"key":"REST"},{"floor":12.0,"key":"REST"},{"data":"Redo","floor":15.0,"key":"SMITH"},{"floor":23.0,"key":"REST"},{"floor":27.0,"key":"REST"}],"neow_cost":"CURSE","seed_source_timestamp":1722547900045199,"circlet_count":0,"master_deck":["AscendersBane","Strike_B","Strike_B","Strike_B","Defend_B","Defend_B","Defend_B","Defend_B","Zap","Dualcast","Doubt","Cold Snap","Rainbow+1","Turbo","Leap","Core Surge","Redo+1","Cold Snap","Buffer","Glacier","Compile Driver","Sweeping Beam","Defragment","Coolheaded","Coolheaded","FTL+1"],"special_seed":0,"relics":["Cracked Core","Omamori","Tiny Chest","Blue Candle","Ginger","Philosopher\u0027s Stone","Runic Capacitor","DataDisk","StoneCalendar"],"potions_floor_usage":[31,31,31],"damage_taken":[{"damage":1.0,"enemies":"2 Louse","floor":1.0,"turns":3.0},{"damage":8.0,"enemies":"Small Slimes","floor":3.0,"turns":3.0},{"damage":3.0,"enemies":"Cultist","floor":5.0,"turns":4.0},{"damage":46.0,"enemies":"Lagavulin","floor":7.0,"turns":6.0},{"damage":27.0,"enemies":"Gremlin Nob","floor":11.0,"turns":4.0},{"damage":3.0,"enemies":"Blue Slaver","floor":13.0,"turns":3.0},{"damage":33.0,"enemies":"Hexaghost","floor":16.0,"turns":11.0},{"damage":11.0,"enemies":"Chosen","floor":18.0,"turns":5.0},{"damage":8.0,"enemies":"Shell Parasite","floor":19.0,"turns":10.0},{"damage":29.0,"enemies":"Cultist and Chosen","floor":20.0,"turns":9.0},{"damage":0.0,"enemies":"Snake Plant","floor":21.0,"turns":2.0},{"damage":20.0,"enemies":"Book of Stabbing","floor":24.0,"turns":7.0},{"damage":1.0,"enemies":"Sentry and Sphere","floor":25.0,"turns":6.0},{"damage":19.0,"enemies":"Centurion and Healer","floor":28.0,"turns":7.0},{"damage":19.0,"enemies":"Shelled Parasite and Fungi","floor":29.0,"turns":6.0},{"damage":36,"enemies":"Slavers","floor":31,"turns":3}],"seed_played":"-2697927166756775654","potions_obtained":[{"floor":7.0,"key":"EntropicBrew"},{"floor":10.0,"key":"SneckoOil"},{"floor":10.0,"key":"SpeedPotion"},{"floor":11.0,"key":"Poison Potion"},{"floor":13.0,"key":"Fire Potion"},{"floor":16.0,"key":"Block Potion"},{"floor":18.0,"key":"SpeedPotion"},{"floor":24.0,"key":"Swift Potion"},{"floor":29.0,"key":"SneckoOil"}],"is_trial":false,"path_per_floor":["M","$","M","?","M","R","E","R","T","?","E","R","M","?","R","B",null,"M","M","M","M","$","R","E","M","T","R","M","M","?","E"],"character_chosen":"DEFECT","items_purchased":["Rainbow","Defragment","Runic Capacitor"],"campfire_rested":4,"item_purchase_floors":[2,22,22],"current_hp_per_floor":[81,81,73,61,58,58,12,38,38,38,11,37,34,34,34,1,67,56,48,19,19,19,45,39,38,38,64,45,26,26,0],"gold":90,"neow_bonus":"TWENTY_PERCENT_HP_BONUS","is_prod":false,"is_daily":false,"chose_seed":false,"campfire_upgraded":2,"win_rate":0,"timestamp":1551921764,"path_taken":["M","$","M","?","M","R","E","R","T","?","E","R","?","?","R","BOSS","M","?","M","?","$","R","E","M","T","R","M","M","?","E"],"build_version":"2019-01-23","purchased_purges":0,"victory":false,"max_hp_per_floor":[89,89,89,89,89,89,89,89,89,89,89,89,89,89,89,89,89,89,89,89,89,89,89,89,89,89,89,89,89,89,89],"card_choices":[{"not_picked":["Barrage","Hologram"],"picked":"Cold Snap","floor":1.0},{"not_picked":["Beam Cell","Creative AI"],"picked":"Turbo","floor":3.0},{"not_picked":["Fusion","Hologram"],"picked":"Leap","floor":5.0},{"not_picked":["Blizzard","Capacitor"],"picked":"Core Surge","floor":7.0},{"not_picked":["Cold Snap","Streamline"],"picked":"Redo","floor":11.0},{"not_picked":["Sweeping Beam","Stack"],"picked":"Cold Snap","floor":13.0},{"not_picked":["Meteor Strike","Thunder Strike"],"picked":"Buffer","floor":16.0},{"not_picked":["Reinforced Body","Recycle"],"picked":"Glacier","floor":18.0},{"not_picked":["Gash","Leap"],"picked":"Compile Driver","floor":19.0},{"not_picked":["Leap+1","Steam"],"picked":"Sweeping Beam","floor":20.0},{"not_picked":["Darkness","Go for the Eyes"],"picked":"Coolheaded","floor":24.0},{"not_picked":["Cold Snap","Hello World"],"picked":"Coolheaded","floor":25.0},{"not_picked":["Redo","Beam Cell"],"picked":"FTL+1","floor":28.0},{"not_picked":["Gash","Fusion","Hello World"],"picked":"SKIP","floor":29.0}],"player_experience":621033,"relics_obtained":[{"floor":7.0,"key":"Tiny Chest"},{"floor":9.0,"key":"Blue Candle"},{"floor":11.0,"key":"Ginger"},{"floor":24.0,"key":"DataDisk"},{"floor":26.0,"key":"StoneCalendar"}],"event_choices":[{"damage_healed":0.0,"max_hp_gain":0.0,"max_hp_loss":0.0,"gold_gain":0.0,"event_name":"Scrap Ooze","player_choice":"Success","floor":4.0,"gold_loss":0.0,"damage_taken":12.0,"relics_obtained":["Omamori"]},{"damage_healed":0.0,"max_hp_gain":0.0,"max_hp_loss":0.0,"gold_gain":0.0,"event_name":"The Woman in Blue","player_choice":"Bought 2 Potions","floor":10.0,"gold_loss":0.0,"damage_taken":0.0},{"cards_removed":["Strike_B"],"damage_healed":0.0,"max_hp_gain":0.0,"max_hp_loss":0.0,"gold_gain":0.0,"event_name":"Bonfire Elementals","player_choice":"Offered Basic","floor":14.0,"gold_loss":0.0,"damage_taken":0.0},{"damage_healed":0.0,"max_hp_gain":0.0,"max_hp_loss":0.0,"gold_gain":0.0,"event_name":"Forgotten Altar","player_choice":"Smashed Altar","floor":30.0,"gold_loss":0.0,"damage_taken":0.0,"cards_obtained":["Decay"]}],"is_beta":false,"boss_relics":[{"not_picked":["Sozu","Tiny House"],"picked":"Philosopher\u0027s Stone"}],"items_purged_floors":[],"is_endless":false,"potions_floor_spawned":[7,11,13,16,18,21,24,29],"killed_by":"Slavers","ascension_level":10}