{"gold_per_floor":[114,130,141,158,158,158,169,199,199,226,244,278,298,313,313,413,413,427,427,207,122,137,137,164,89,115,15,15,29,29,59,59,156,156,169,169,220,220,26,26,61,81,81,81,91,106,125,139,139,139],"floor_reached":50,"playtime":1965,"items_purged":["Corpse Explosion","Malaise"],"score":638,"play_id":"0ee9b3ac-bc3b-4bef-b46d-de106e598f05","local_time":"20190219100845","is_ascension_mode":true,"campfire_choices":[{"data":"Masterful Stab","floor":6,"key":"SMITH"},{"data":"Cloak And Dagger","floor":15,"key":"SMITH"},{"data":"Backstab","floor":23,"key":"SMITH"},{"data":"Masterful Stab","floor":28,"key":"SMITH"},{"data":"Finisher","floor":30,"key":"SMITH"},{"data":"Cloak And Dagger","floor":32,"key":"SMITH"},{"data":"Night Terror","floor":40,"key":"SMITH"},{"data":"Endless Agony","floor":44,"key":"SMITH"},{"floor":49,"key":"REST"}],"neow_cost":"NONE","seed_source_timestamp":307716040756512,"circlet_count":0,"master_deck":["Survivor","Neutralize","Masterful Stab+1","Deflect","Slice+1","Cloak And Dagger+1","Finisher+1","Endless Agony+1","Night Terror+1","Backstab+1","Unload","Wraith Form v2+1","Well Laid Plans+1","Noxious Fumes+1","Cloak And Dagger+1","Predator","Masterful Stab+1","Choke+1","Backflip","Dagger Throw","Escape Plan","Flash of Steel","Finesse","Flash of Steel","Masterful Stab+1","Quick Slash","Masterful Stab","Infinite Blades+1","Endless Agony+1"],"relics":["Ring of the Snake","Boot","Frozen Egg 2","Whetstone","Torii","Pandora\u0027s Box","Happy Flower","Regal Pillow","Strawberry","Oddly Smooth Stone","Art of War","WristBlade","Gambling Chip","Lantern","Vajra","Ancient Tea Set","Gremlin Horn"],"potions_floor_usage":[8,10,24,37,47,50,50],"damage_taken":[{"damage":0,"enemies":"Cultist","floor":1,"turns":4},{"damage":0,"enemies":"Small Slimes","floor":2,"turns":3},{"damage":0,"enemies":"2 Louse","floor":3,"turns":2},{"damage":2,"enemies":"Large Slime","floor":4,"turns":7},{"damage":0,"enemies":"2 Fungi Beasts","floor":7,"turns":3},{"damage":14,"enemies":"3 Sentries","floor":8,"turns":10},{"damage":6,"enemies":"Gremlin Nob","floor":10,"turns":3},{"damage":0,"enemies":"Blue Slaver","floor":11,"turns":1},{"damage":9,"enemies":"3 Sentries","floor":12,"turns":5},{"damage":0,"enemies":"Exordium Thugs","floor":13,"turns":3},{"damage":0,"enemies":"2 Fungi Beasts","floor":14,"turns":3},{"damage":0,"enemies":"Slime Boss","floor":16,"turns":6},{"damage":0,"enemies":"Spheric Guardian","floor":18,"turns":2},{"damage":0,"enemies":"3 Byrds","floor":22,"turns":3},{"damage":16,"enemies":"Slavers","floor":24,"turns":5},{"damage":0,"enemies":"Snake Plant","floor":29,"turns":2},{"damage":1,"enemies":"Book of Stabbing","floor":31,"turns":3},{"damage":28,"enemies":"Champ","floor":33,"turns":10},{"damage":0,"enemies":"3 Darklings","floor":35,"turns":3},{"damage":21,"enemies":"2 Orb Walkers","floor":37,"turns":4},{"damage":9,"enemies":"Giant Head","floor":41,"turns":5},{"damage":2,"enemies":"3 Shapes","floor":42,"turns":2},{"damage":0,"enemies":"Sphere and 2 Shapes","floor":45,"turns":1},{"damage":0,"enemies":"Jaw Worm Horde","floor":46,"turns":1},{"damage":18,"enemies":"Maw","floor":47,"turns":4},{"damage":0,"enemies":"3 Darklings","floor":48,"turns":2},{"damage":82,"enemies":"Awakened One","floor":50,"turns":7}],"seed_played":"-989937424047579641","potions_obtained":[{"floor":1,"key":"SpeedPotion"},{"floor":2,"key":"FearPotion"},{"floor":4,"key":"FearPotion"},{"floor":11,"key":"Swift Potion"},{"floor":16,"key":"Weak Potion"},{"floor":24,"key":"Regen Potion"},{"floor":37,"key":"Explosive Potion"},{"floor":41,"key":"PowerPotion"},{"floor":48,"key":"SmokeBomb"}],"is_trial":false,"path_per_floor":["M","M","M","M","?","R","M","E","T","E","M","E","M","M","R","B",null,"M","?","$","?","M","R","E","?","T","$","R","M","R","E","R","B",null,"M","?","?","T","$","R","E","M","T","R","M","M","M","M","R","B"],"character_chosen":"THE_SILENT","items_purchased":["Happy Flower","Vajra","AttackPotion"],"campfire_rested":1,"item_purchase_floors":[20,39,39],"current_hp_per_floor":[77,77,77,75,75,75,75,61,61,55,55,46,46,46,46,46,77,77,77,77,77,77,77,68,68,68,68,68,68,68,67,67,39,84,84,74,67,67,67,67,58,56,56,56,56,56,38,38,78,0],"gold":139,"neow_bonus":"TEN_PERCENT_HP_BONUS","is_prod":false,"is_daily":false,"chose_seed":false,"campfire_upgraded":8,"win_rate":0,"timestamp":1550567325,"path_taken":["M","M","?","M","?","R","M","E","T","E","?","E","M","M","R","BOSS","M","?","$","?","M","R","E","?","T","?","R","M","R","E","R","BOSS","M","?","?","?","$","R","E","M","T","R","M","M","M","M","R","BOSS"],"build_version":"2019-01-23","purchased_purges":2,"victory":false,"max_hp_per_floor":[77,77,77,77,77,77,77,77,77,77,77,77,77,77,77,77,77,77,77,77,77,77,77,84,84,84,84,84,84,84,84,84,84,84,84,84,84,84,84,84,84,84,84,84,84,84,84,84,84,84],"card_choices":[{"not_picked":["Caltrops","Acrobatics","Dodge and Roll"],"picked":"SKIP","floor":1},{"not_picked":["Endless Agony","Dagger Throw"],"picked":"Masterful Stab","floor":2},{"not_picked":["PiercingWail","Deadly Poison"],"picked":"Deflect","floor":3},{"not_picked":["Dodge and Roll","PiercingWail"],"picked":"Slice","floor":4},{"not_picked":["Flechettes","Bane"],"picked":"Cloak And Dagger","floor":7},{"not_picked":["Bullet Time","Sucker Punch"],"picked":"Finisher","floor":8},{"not_picked":["Dagger Throw","Prepared"],"picked":"Endless Agony","floor":10},{"not_picked":["Deflect","Bouncing Flask","Predator"],"picked":"SKIP","floor":11},{"not_picked":["Backflip","Bouncing Flask"],"picked":"Night Terror","floor":12},{"not_picked":["Tactician","Deflect"],"picked":"Backstab","floor":13},{"not_picked":["Deadly Poison","Distraction","Leg Sweep"],"picked":"SKIP","floor":14},{"not_picked":["Grand Finale","Doppelganger"],"picked":"Unload","floor":16},{"not_picked":["Deadly Poison","Sucker Punch"],"picked":"Choke+1","floor":18},{"not_picked":["Sucker Punch","Underhanded Strike"],"picked":"Dagger Throw","floor":22},{"not_picked":["Accuracy+1","PiercingWail+1","Cloak And Dagger"],"picked":"SKIP","floor":24},{"not_picked":["Accuracy+1","Bouncing Flask","Acrobatics"],"picked":"SKIP","floor":29},{"not_picked":["Calculated Gamble","Sucker Punch+1"],"picked":"Escape Plan","floor":31},{"not_picked":["PiercingWail","Dodge and Roll","Catalyst"],"picked":"SKIP","floor":35},{"not_picked":["Swift Strike","PanicButton"],"picked":"Flash of Steel","floor":36},{"not_picked":["Madness","Forethought"],"picked":"Finesse","floor":36},{"not_picked":["Metamorphosis","Deep Breath"],"picked":"Flash of Steel","floor":36},{"not_picked":["Bouncing Flask+1","Crippling Poison"],"picked":"Masterful Stab+1","floor":37},{"not_picked":["Backflip","Prepared","Caltrops+1"],"picked":"SKIP","floor":41},{"not_picked":["PiercingWail+1","Prepared"],"picked":"Quick Slash","floor":42},{"not_picked":["Quick Slash","Sucker Punch"],"picked":"Masterful Stab","floor":45},{"not_picked":["Bane","Prepared"],"picked":"Infinite Blades+1","floor":46},{"not_picked":["Calculated Gamble+1","Caltrops+1","Heel Hook"],"picked":"SKIP","floor":47},{"not_picked":["Sucker Punch","Slice"],"picked":"Endless Agony+1","floor":48}],"player_experience":1108537,"relics_obtained":[{"floor":8,"key":"Boot"},{"floor":9,"key":"Frozen Egg 2"},{"floor":10,"key":"Whetstone"},{"floor":12,"key":"Torii"},{"floor":24,"key":"Strawberry"},{"floor":26,"key":"Oddly Smooth Stone"},{"floor":31,"key":"Art of War"},{"floor":37,"key":"Gambling Chip"},{"floor":38,"key":"Lantern"},{"floor":41,"key":"Ancient Tea Set"},{"floor":43,"key":"Gremlin Horn"}],"event_choices":[{"cards_removed":["Strike_G"],"damage_healed":0,"gold_gain":0,"player_choice":"Purged","damage_taken":0,"max_hp_gain":0,"max_hp_loss":0,"event_name":"Purifier","floor":5,"gold_loss":0},{"damage_healed":0,"gold_gain":0,"player_choice":"Read","damage_taken":0,"max_hp_gain":0,"max_hp_loss":0,"event_name":"The Library","floor":19,"gold_loss":0,"cards_obtained":["Backflip"]},{"damage_healed":0,"gold_gain":0,"player_choice":"Obtained Relic","damage_taken":0,"relics_obtained":["Regal Pillow"],"max_hp_gain":0,"max_hp_loss":0,"event_name":"Addict","floor":21,"gold_loss":85},{"cards_removed":["Crippling Poison"],"damage_healed":0,"gold_gain":0,"player_choice":"Gave Gold","damage_taken":0,"max_hp_gain":0,"max_hp_loss":0,"event_name":"Beggar","floor":25,"gold_loss":75},{"damage_healed":0,"gold_gain":0,"player_choice":"Memory 3","damage_taken":10,"max_hp_gain":0,"max_hp_loss":0,"event_name":"SensoryStone","floor":36,"gold_loss":0},{"damage_healed":0,"gold_gain":0,"player_choice":"Fight","damage_taken":0,"max_hp_gain":0,"max_hp_loss":0,"event_name":"Mysterious Sphere","floor":37,"gold_loss":0}],"is_beta":false,"boss_relics":[{"not_picked":["Snecko Eye","HoveringKite"],"picked":"Pandora\u0027s Box"},{"not_picked":["Runic Dome","Black Star"],"picked":"WristBlade"}],"items_purged_floors":[20,27],"is_endless":false,"potions_floor_spawned":[1,2,4,7,11,16,24,31,37,41,46,48],"killed_by":"Awakened One","ascension_level":1}