{"gold_per_floor":[114,114,126,276,20,20,20,20,45,61,61,96,11,25,25,25],"floor_reached":16,"playtime":351,"items_purged":["Doubt"],"score":186,"play_id":"138ccd6b-1c6f-4603-9682-72f15b25da3f","local_time":"20181014120457","is_ascension_mode":true,"campfire_choices":[{"data":"Zap","floor":6,"key":"SMITH"},{"data":"Chill","floor":8,"key":"SMITH"},{"data":"Chaos","floor":15,"key":"SMITH"}],"neow_cost":"","seed_source_timestamp":241819084146802,"circlet_count":0,"master_deck":["Strike_B","Strike_B","Strike_B","Defend_B+1","Defend_B","Defend_B+1","Defend_B","Zap+1","Dualcast","AscendersBane","Chill+1","FTL","Leap","Chaos+1"],"relics":["Cracked Core","Lantern","Golden Idol","War Paint","Boot"],"potions_floor_usage":[10,12,14],"damage_taken":[{"damage":9,"enemies":"Small Slimes","floor":1,"turns":3},{"damage":0,"enemies":"2 Louse","floor":3,"turns":3},{"damage":0,"enemies":"Cultist","floor":10,"turns":3},{"damage":47,"enemies":"Gremlin Nob","floor":12,"turns":5},{"damage":3,"enemies":"2 Fungi Beasts","floor":14,"turns":4},{"damage":30,"enemies":"Hexaghost","floor":16,"turns":11}],"seed_played":"7006540160555197685","potions_obtained":[{"floor":1,"key":"Swift Potion"},{"floor":10,"key":"Regen Potion"}],"is_trial":false,"path_per_floor":["M","?","M","?","$","R","?","R","T","M","?","E","$","M","R"],"character_chosen":"DEFECT","items_purchased":["Lantern","Regen Potion"],"campfire_rested":0,"item_purchase_floors":[5,13],"current_hp_per_floor":[55,48,48,48,48,48,48,48,48,48,48,15,15,24,24,0],"gold":25,"neow_bonus":"","is_prod":false,"is_daily":false,"chose_seed":false,"campfire_upgraded":3,"win_rate":0,"timestamp":1539511497,"path_taken":["M","?","M","?","$","R","?","R","T","?","?","E","$","M","R","BOSS"],"build_version":"2018-10-11","purchased_purges":1,"victory":false,"max_hp_per_floor":[71,71,71,71,71,71,71,71,71,71,71,71,71,71,71,71],"card_choices":[{"not_picked":["Barrage","Chaos"],"picked":"Chill","floor":1},{"not_picked":["Gash","Melter"],"picked":"FTL","floor":3},{"not_picked":["Gash","Coolheaded"],"picked":"Leap","floor":10},{"not_picked":["Go for the Eyes","Turbo"],"picked":"Chaos","floor":12},{"not_picked":["Go for the Eyes","Gash","Aggregate"],"picked":"SKIP","floor":14}],"player_experience":828942,"relics_obtained":[{"floor":9,"key":"War Paint"},{"floor":12,"key":"Boot"}],"event_choices":[{"event_name":"Golden Wing","player_choice":"Card Removal","floor":2,"damage_taken":0},{"event_name":"Liars Game","player_choice":"agreed","floor":4,"damage_taken":0},{"event_name":"Golden Idol","player_choice":"Take Wound","floor":7,"damage_taken":0},{"event_name":"Living Wall","player_choice":"Forget","floor":11,"damage_taken":0}],"is_beta":false,"boss_relics":[],"items_purged_floors":[5],"is_endless":false,"potions_floor_spawned":[1,10],"killed_by":"Hexaghost","ascension_level":18}