{"gold_per_floor":[111,111,122,122,20,48,48,48,100,100,115,135,149,184,184,287,287,302,28,41,41,41,75,85,85,136,136,136,170,170,184,184,287,287,297,397,409,429,53,88,88,106,133,133,166,212,212,225,225,225],"floor_reached":51,"playtime":3812,"items_purged":[],"score":1285,"play_id":"ac6a0b1b-6f4a-48ee-8e3e-cce8621c044e","local_time":"20190309202811","is_ascension_mode":true,"campfire_choices":[{"data":"Sunder","floor":7.0,"key":"SMITH"},{"data":"Zap","floor":10.0,"key":"SMITH"},{"data":"Steam","floor":15.0,"key":"SMITH"},{"floor":25.0,"key":"REST"},{"data":"Doom and Gloom","floor":27.0,"key":"SMITH"},{"floor":30.0,"key":"REST"},{"floor":32.0,"key":"REST"},{"data":"Strike_B+1","floor":41.0,"key":"PURGE"},{"floor":44.0,"key":"REST"},{"data":"Strike_B+1","floor":49.0,"key":"PURGE"}],"neow_cost":"NONE","seed_source_timestamp":1980775317766229,"circlet_count":0,"master_deck":["AscendersBane","Strike_B+1","Defend_B+1","Defend_B+1","Defend_B+1","Defend_B+1","Zap+1","Dualcast","Steam+1","Gash+1","Sunder+1","Biased Cognition+1","Hologram","Echo Form+1","Steam","Doom and Gloom+1","Hologram+1","Loop+1","FTL","Buffer+1","Skim","Heatsinks+1"],"special_seed":0,"relics":["Cracked Core","NeowsBlessing","Matryoshka","Frozen Egg 2","Anchor","Whetstone","Nuclear Battery","Mummified Hand","Emotion Chip","Ancient Tea Set","Pen Nib","Girya","Busted Crown","Peace Pipe","Incense Burner","Thread and Needle","Blood Vial","Bag of Marbles","Pocketwatch"],"potions_floor_usage":[50],"damage_taken":[{"damage":0.0,"enemies":"Small Slimes","floor":1.0,"turns":1.0},{"damage":0.0,"enemies":"2 Louse","floor":3.0,"turns":1.0},{"damage":0.0,"enemies":"Lagavulin","floor":6.0,"turns":1.0},{"damage":0.0,"enemies":"Cultist","floor":11.0,"turns":3.0},{"damage":9.0,"enemies":"2 Fungi Beasts","floor":12.0,"turns":3.0},{"damage":12.0,"enemies":"Large Slime","floor":13.0,"turns":4.0},{"damage":10.0,"enemies":"3 Sentries","floor":14.0,"turns":4.0},{"damage":49.0,"enemies":"Hexaghost","floor":16.0,"turns":9.0},{"damage":3.0,"enemies":"Spheric Guardian","floor":18.0,"turns":3.0},{"damage":0.0,"enemies":"Chosen","floor":20.0,"turns":4.0},{"damage":26.0,"enemies":"Gremlin Leader","floor":23.0,"turns":7.0},{"damage":2.0,"enemies":"Snecko","floor":24.0,"turns":3.0},{"damage":27.0,"enemies":"Book of Stabbing","floor":29.0,"turns":4.0},{"damage":15.0,"enemies":"3 Cultists","floor":31.0,"turns":4.0},{"damage":40.0,"enemies":"Collector","floor":33.0,"turns":6.0},{"damage":17.0,"enemies":"3 Darklings","floor":35.0,"turns":4.0},{"damage":0.0,"enemies":"Mind Bloom Boss Battle","floor":36.0,"turns":4.0},{"damage":0.0,"enemies":"Orb Walker","floor":37.0,"turns":3.0},{"damage":1.0,"enemies":"Sphere and 2 Shapes","floor":38.0,"turns":4.0},{"damage":0.0,"enemies":"Giant Head","floor":40.0,"turns":7.0},{"damage":15.0,"enemies":"4 Shapes","floor":42.0,"turns":3.0},{"damage":0.0,"enemies":"Nemesis","floor":45.0,"turns":5.0},{"damage":2.0,"enemies":"2 Orb Walkers","floor":46.0,"turns":5.0},{"damage":0.0,"enemies":"Jaw Worm Horde","floor":48.0,"turns":4.0},{"damage":25,"enemies":"Awakened One","floor":50,"turns":8}],"seed_played":"8748160670320199584","potions_obtained":[{"floor":14.0,"key":"Regen Potion"},{"floor":16.0,"key":"Swift Potion"},{"floor":20.0,"key":"SteroidPotion"},{"floor":23.0,"key":"PowerPotion"},{"floor":29.0,"key":"AttackPotion"},{"floor":33.0,"key":"Energy Potion"},{"floor":36.0,"key":"Explosive Potion"},{"floor":38.0,"key":"LiquidBronze"}],"is_trial":false,"path_per_floor":["M","?","M","?","$","E","R","?","T","R","M","M","M","E","R","B",null,"M","$","M","?","?","E","M","R","T","R","?","E","R","M","R","B",null,"M","?","M","M","$","E","R","M","T","R","E","?","?","M","R","B",null],"character_chosen":"DEFECT","items_purchased":["Gash","Fire Potion","Mummified Hand","Steam","Incense Burner","Heatsinks+1"],"campfire_rested":4,"item_purchase_floors":[5,5,19,19,39,39],"current_hp_per_floor":[68,53,53,46,46,46,46,75,75,75,75,66,54,44,44,10,59,56,56,56,56,56,30,28,50,50,50,36,9,33,18,42,2,61,44,44,44,43,43,43,43,28,28,52,54,54,54,56,56,33],"gold":225,"neow_bonus":"THREE_ENEMY_KILL","is_prod":false,"is_daily":false,"chose_seed":false,"campfire_upgraded":4,"win_rate":0,"timestamp":1552181291,"path_taken":["M","?","M","?","$","E","R","?","T","R","M","M","M","E","R","BOSS","M","$","?","?","?","E","M","R","T","R","?","E","R","M","R","BOSS","M","?","M","M","$","E","R","M","T","R","E","?","?","?","R","BOSS"],"build_version":"2019-01-23","purchased_purges":0,"victory":true,"max_hp_per_floor":[75,75,75,75,75,75,75,75,75,75,75,75,75,75,75,75,75,75,75,75,75,75,75,75,75,75,75,80,80,80,80,80,80,80,80,80,80,80,80,80,80,80,80,80,80,80,80,80,80,80],"card_choices":[{"not_picked":["Barrage","Reprogram","Consume"],"picked":"SKIP","floor":1.0},{"not_picked":["Hologram","Stack"],"picked":"Steam","floor":3.0},{"not_picked":["Conserve Battery","Capacitor"],"picked":"Sunder","floor":6.0},{"not_picked":["Double Energy","Leap"],"picked":"Biased Cognition+1","floor":11.0},{"not_picked":["Capacitor+1","Barrage","Stack"],"picked":"SKIP","floor":12.0},{"not_picked":["Conserve Battery","Beam Cell"],"picked":"Hologram","floor":13.0},{"not_picked":["Doom and Gloom","Steam","Go for the Eyes"],"picked":"SKIP","floor":14.0},{"not_picked":["Meteor Strike","Fission"],"picked":"Echo Form+1","floor":16.0},{"not_picked":["Turbo","White Noise"],"picked":"Sweeping Beam","floor":18.0},{"not_picked":["Stack","Capacitor+1","Compile Driver"],"picked":"SKIP","floor":20.0},{"not_picked":["Beam Cell","Capacitor+1"],"picked":"Doom and Gloom","floor":23.0},{"not_picked":["Rainbow","Cold Snap"],"picked":"Hologram+1","floor":24.0},{"not_picked":["Hyperbeam","Cold Snap"],"picked":"Loop+1","floor":29.0},{"not_picked":["Beam Cell","Leap"],"picked":"FTL","floor":31.0},{"not_picked":["Hyperbeam","Rainbow"],"picked":"Buffer+1","floor":33.0},{"not_picked":["Stack"],"picked":"SKIP","floor":35.0},{"not_picked":[],"picked":"Skim","floor":37.0},{"not_picked":["Steam"],"picked":"SKIP","floor":38.0},{"not_picked":["Conserve Battery"],"picked":"SKIP","floor":40.0},{"not_picked":["Conserve Battery"],"picked":"SKIP","floor":42.0},{"not_picked":["Conserve Battery"],"picked":"SKIP","floor":45.0},{"not_picked":["Sweeping Beam"],"picked":"SKIP","floor":48.0}],"player_experience":662602,"relics_obtained":[{"floor":6.0,"key":"Matryoshka"},{"floor":9.0,"key":"Frozen Egg 2"},{"floor":9.0,"key":"Anchor"},{"floor":14.0,"key":"Whetstone"},{"floor":23.0,"key":"Emotion Chip"},{"floor":26.0,"key":"Ancient Tea Set"},{"floor":26.0,"key":"Pen Nib"},{"floor":29.0,"key":"Girya"},{"floor":36.0,"key":"Peace Pipe"},{"floor":40.0,"key":"Thread and Needle"},{"floor":43.0,"key":"Blood Vial"},{"floor":45.0,"key":"Bag of Marbles"},{"floor":46.0,"key":"Pocketwatch"}],"event_choices":[{"damage_healed":0.0,"max_hp_gain":0.0,"max_hp_loss":0.0,"gold_gain":0.0,"event_name":"Shining Light","player_choice":"Entered Light","floor":2.0,"gold_loss":0.0,"damage_taken":15.0,"cards_upgraded":["Strike_B","Strike_B"]},{"cards_removed":["Strike_B"],"damage_healed":0.0,"max_hp_gain":0.0,"max_hp_loss":0.0,"gold_gain":0.0,"event_name":"Golden Wing","player_choice":"Card Removal","floor":4.0,"gold_loss":0.0,"damage_taken":7.0},{"damage_healed":29.0,"max_hp_gain":0.0,"max_hp_loss":0.0,"gold_gain":0.0,"event_name":"Wheel of Change","player_choice":"Full Heal","floor":8.0,"gold_loss":0.0,"damage_taken":0.0},{"damage_healed":0.0,"max_hp_gain":0.0,"max_hp_loss":0.0,"gold_gain":0.0,"event_name":"Beggar","player_choice":"Ignored","floor":21.0,"gold_loss":0.0,"damage_taken":0.0},{"damage_healed":0.0,"max_hp_gain":0.0,"max_hp_loss":0.0,"gold_gain":0.0,"event_name":"Back to Basics","player_choice":"Simplicity","floor":22.0,"gold_loss":0.0,"damage_taken":0.0,"cards_upgraded":["Defend_B","Defend_B","Defend_B","Defend_B"]},{"damage_healed":0.0,"max_hp_gain":5.0,"max_hp_loss":0.0,"gold_gain":0.0,"event_name":"Forgotten Altar","player_choice":"Shed Blood","floor":28.0,"gold_loss":0.0,"damage_taken":19.0},{"damage_healed":0.0,"max_hp_gain":0.0,"max_hp_loss":0.0,"gold_gain":0.0,"event_name":"MindBloom","player_choice":"Fight","floor":36.0,"gold_loss":0.0,"damage_taken":0.0},{"damage_healed":0.0,"max_hp_gain":0.0,"max_hp_loss":0.0,"gold_gain":0.0,"event_name":"Mysterious Sphere","player_choice":"Fight","floor":46.0,"gold_loss":0.0,"damage_taken":0.0},{"cards_removed":["Sweeping Beam"],"damage_healed":0.0,"max_hp_gain":0.0,"max_hp_loss":0.0,"gold_gain":0.0,"event_name":"Falling","player_choice":"Removed Attack","floor":47.0,"gold_loss":0.0,"damage_taken":0.0}],"is_beta":false,"boss_relics":[{"not_picked":["Tiny House","Cursed Key"],"picked":"Nuclear Battery"},{"not_picked":["Snecko Eye","Fusion Hammer"],"picked":"Busted Crown"}],"items_purged_floors":[],"is_endless":false,"potions_floor_spawned":[14,16,20,23,29,33,36,38,45,48],"ascension_level":12}