{"gold_per_floor":[114,114,132,50,62,62,91,91,91,103,113,138,157,169,169,242,242,254,264,284,284],"floor_reached":21,"playtime":829,"items_purged":[],"score":371,"play_id":"435f88b1-6544-4683-9330-003ed3b45a3d","local_time":"20181007181846","is_ascension_mode":true,"campfire_choices":[{"data":"Regret","floor":6.0,"key":"PURGE"},{"data":"Sunder","floor":8.0,"key":"SMITH"},{"data":"Zap","floor":15.0,"key":"SMITH"}],"neow_cost":"TEN_PERCENT_HP_LOSS","seed_source_timestamp":761144967490104,"circlet_count":0,"master_deck":["Strike_B","Strike_B","Strike_B","Strike_B","Defend_B","Defend_B","Defend_B","Defend_B","Zap+1","Dualcast","AscendersBane","BootSequence","Sunder+1","Defragment","Cold Snap","Echo Form","Compile Driver+1","Auto Shields","Fusion","Defragment+1","Buffer+1","Conserve Battery","Sweeping Beam+1"],"special_seed":0,"relics":["Cracked Core","Peace Pipe","Sundial","Ancient Tea Set","Molten Egg 2","Frozen Egg 2","Cursed Key"],"potions_floor_usage":[16,19],"damage_taken":[{"damage":2.0,"enemies":"2 Louse","floor":1.0,"turns":3.0},{"damage":0.0,"enemies":"Jaw Worm","floor":3.0,"turns":3.0},{"damage":1.0,"enemies":"Cultist","floor":5.0,"turns":4.0},{"damage":14.0,"enemies":"3 Sentries","floor":7.0,"turns":7.0},{"damage":0.0,"enemies":"Exordium Wildlife","floor":10.0,"turns":2.0},{"damage":4.0,"enemies":"Red Slaver","floor":11.0,"turns":2.0},{"damage":33.0,"enemies":"Gremlin Nob","floor":12.0,"turns":4.0},{"damage":0.0,"enemies":"Exordium Thugs","floor":13.0,"turns":4.0},{"damage":3.0,"enemies":"Gremlin Gang","floor":14.0,"turns":4.0},{"damage":2,"enemies":"Slime Boss","floor":16,"turns":8},{"damage":11,"enemies":"Shell Parasite","floor":18,"turns":5},{"damage":1,"enemies":"2 Thieves","floor":19,"turns":3},{"damage":16,"enemies":"Snake Plant","floor":20,"turns":5},{"damage":27,"enemies":"3 Cultists","floor":21,"turns":4}],"seed_played":"-1012560752386981051","potions_obtained":[{"floor":1.0,"key":"GamblersBrew"},{"floor":5.0,"key":"GamblersBrew"},{"floor":10.0,"key":"SkillPotion"},{"floor":13.0,"key":"Energy Potion"},{"floor":14.0,"key":"Swift Potion"},{"floor":18,"key":"AttackPotion"}],"is_trial":false,"path_per_floor":["M","?","M","$","M","R","E","R","T","M","M","E","M","M","R","B",null,"M","M","M"],"character_chosen":"DEFECT","items_purchased":["Defragment"],"campfire_rested":0,"item_purchase_floors":[4],"current_hp_per_floor":[62,62,62,62,61,61,47,47,47,47,43,10,10,7,7,5,49,38,37,21,0],"gold":284,"neow_bonus":"ONE_RARE_RELIC","is_prod":false,"is_daily":false,"chose_seed":false,"campfire_upgraded":2,"win_rate":0,"timestamp":1538929126,"path_taken":["M","?","?","$","M","R","E","R","T","?","M","E","?","?","R","BOSS","M","M","?","M"],"build_version":"2018-10-04v2","purchased_purges":0,"victory":false,"max_hp_per_floor":[64,64,64,64,64,64,64,64,64,64,64,64,64,64,64,64,64,64,64,64,64],"card_choices":[{"not_picked":["Steam Power","Turbo"],"picked":"BootSequence","floor":1.0},{"not_picked":["Steam","Leap"],"picked":"Sunder","floor":3.0},{"not_picked":["Sunder","Aggregate"],"picked":"Cold Snap","floor":5.0},{"not_picked":["Barrage","Redo"],"picked":"Echo Form","floor":7.0},{"not_picked":["Redo","Hologram"],"picked":"Compile Driver+1","floor":10.0},{"not_picked":["Compile Driver+1","Redo"],"picked":"Auto Shields","floor":11.0},{"not_picked":["Rebound+1","Aggregate"],"picked":"Fusion","floor":12.0},{"not_picked":["Chaos","Barrage+1","Capacitor+1"],"picked":"SKIP","floor":13.0},{"not_picked":["Undo","Gash+1"],"picked":"Defragment+1","floor":14.0},{"not_picked":["Rainbow","Seek"],"picked":"Buffer+1","floor":16},{"not_picked":["Cold Snap+1","Streamline+1","Beam Cell+1"],"picked":"SKIP","floor":18},{"not_picked":["Reinforced Body","Beam Cell+1"],"picked":"Conserve Battery","floor":19},{"not_picked":["Compile Driver+1","Gash+1"],"picked":"Sweeping Beam+1","floor":20}],"player_experience":814408,"relics_obtained":[{"floor":7.0,"key":"Ancient Tea Set"},{"floor":9.0,"key":"Molten Egg 2"},{"floor":12.0,"key":"Frozen Egg 2"}],"event_choices":[{"event_name":"Big Fish","player_choice":"Box","floor":2.0,"damage_taken":0.0}],"is_beta":false,"boss_relics":[{"not_picked":["Busted Crown","Fusion Hammer"],"picked":"Cursed Key"}],"items_purged_floors":[],"is_endless":false,"potions_floor_spawned":[1,5,10,13,14,18],"killed_by":"3 Cultists","ascension_level":18}