{"gold_per_floor":[112,112,126,140,151,151,180,180,180,213,8,33,67,77,77,151,151,162,179,198,298,298],"floor_reached":22,"playtime":4643,"items_purged":[],"score":361,"play_id":"810831e9-3ecc-437e-91fb-09af9195b060","local_time":"20190314222751","is_ascension_mode":true,"campfire_choices":[{"floor":6.0,"key":"REST"},{"floor":8.0,"key":"REST"},{"floor":15.0,"key":"REST"}],"neow_cost":"NONE","seed_source_timestamp":0,"circlet_count":0,"master_deck":["AscendersBane","Defend_G","Defend_G","Defend_G","Defend_G","Defend_G","Strike_G+1","Strike_G+1","Survivor","Neutralize","Dagger Throw","Underhanded Strike","Dash","Acrobatics","Flying Knee","Adrenaline","Dagger Spray","Terror","Crippling Poison","Night Terror","Skewer+1","Terror+1","Infinite Blades+1","Dagger Spray","Tactician","PiercingWail"],"special_seed":0,"relics":["Fusion Hammer","Question Card","Prayer Wheel","Incense Burner","Whetstone","Happy Flower","Bag of Marbles","Lantern","Astrolabe","StoneCalendar","Molten Egg 2"],"potions_floor_usage":[21,21],"damage_taken":[{"damage":1.0,"enemies":"Cultist","floor":1.0,"turns":4.0},{"damage":1.0,"enemies":"Small Slimes","floor":3.0,"turns":4.0},{"damage":1.0,"enemies":"Jaw Worm","floor":4.0,"turns":4.0},{"damage":4.0,"enemies":"Exordium Wildlife","floor":5.0,"turns":6.0},{"damage":42.0,"enemies":"Lagavulin","floor":7.0,"turns":6.0},{"damage":5.0,"enemies":"3 Sentries","floor":10.0,"turns":7.0},{"damage":6.0,"enemies":"Gremlin Nob","floor":13.0,"turns":3.0},{"damage":0.0,"enemies":"Looter","floor":14.0,"turns":1.0},{"damage":27.0,"enemies":"Hexaghost","floor":16.0,"turns":8.0},{"damage":7.0,"enemies":"Chosen","floor":18.0,"turns":4.0},{"damage":1.0,"enemies":"2 Thieves","floor":19.0,"turns":4.0},{"damage":5.0,"enemies":"Snecko","floor":20.0,"turns":4.0},{"damage":16,"enemies":"Colosseum Slavers","floor":21,"turns":6},{"damage":7,"enemies":"Colosseum Nobs","floor":21,"turns":4},{"damage":31,"enemies":"Cultist and Chosen","floor":22,"turns":5}],"seed_played":"-4695821392730854268","potions_obtained":[{"floor":3.0,"key":"Regen Potion"},{"floor":5.0,"key":"Poison Potion"},{"floor":10.0,"key":"SpeedPotion"},{"floor":13.0,"key":"Block Potion"},{"floor":14.0,"key":"Ancient Potion"}],"is_trial":false,"path_per_floor":["M","?","M","M","M","R","E","R","T","E","$","T","E","M","R","B",null,"M","M","M","?","M"],"character_chosen":"THE_SILENT","items_purchased":["Happy Flower","Strength Potion"],"campfire_rested":3,"item_purchase_floors":[11,11],"current_hp_per_floor":[58,58,57,56,52,66,24,43,43,53,53,53,47,47,66,39,59,52,51,46,23,0],"gold":298,"neow_bonus":"BOSS_RELIC","is_prod":false,"is_daily":false,"chose_seed":false,"campfire_upgraded":0,"win_rate":0,"timestamp":1552616871,"path_taken":["M","?","M","?","M","R","E","R","T","E","$","?","E","M","R","BOSS","M","M","M","?","M"],"build_version":"2019-01-23","purchased_purges":0,"victory":false,"max_hp_per_floor":[66,66,66,66,66,66,66,66,66,66,66,66,66,66,66,66,66,66,66,66,66,66],"card_choices":[{"not_picked":["Deadly Poison","Backflip"],"picked":"Dagger Throw","floor":1.0},{"not_picked":["Crippling Poison","Slice","Accuracy"],"picked":"Underhanded Strike","floor":3.0},{"not_picked":["Accuracy","Distraction","Dodge and Roll"],"picked":"Dash","floor":4.0},{"not_picked":["Accuracy","Deadly Poison","Night Terror"],"picked":"Acrobatics","floor":5.0},{"not_picked":["Endless Agony","Dagger Throw","Prepared"],"picked":"Flying Knee","floor":7.0},{"not_picked":["Eviscerate","Cloak And Dagger","Bouncing Flask"],"picked":"Adrenaline","floor":10.0},{"not_picked":["Dodge and Roll","Dagger Throw","Predator"],"picked":"Dagger Spray","floor":13.0},{"not_picked":["Flying Knee","Sucker Punch","Caltrops"],"picked":"Terror","floor":14.0},{"not_picked":["Deflect","Escape Plan","Bane"],"picked":"Crippling Poison","floor":14.0},{"not_picked":["Storm of Steel","Doppelganger","Bullet Time"],"picked":"Night Terror","floor":16.0},{"not_picked":["Prepared","Flying Knee","Cloak And Dagger"],"picked":"Dagger Spray","floor":18.0},{"not_picked":["Quick Slash","Catalyst","Choke","Footwork"],"picked":"SKIP","floor":18.0},{"not_picked":["Flying Knee","Bane","PiercingWail","Poisoned Stab"],"picked":"SKIP","floor":19.0},{"not_picked":["Dagger Spray","PiercingWail","Outmaneuver","Predator"],"picked":"SKIP","floor":19.0},{"not_picked":["Flying Knee","Flechettes","PiercingWail"],"picked":"Tactician","floor":20.0},{"not_picked":["Quick Slash","Backflip","Blur","Choke"],"picked":"SKIP","floor":20.0},{"not_picked":["Underhanded Strike","Masterful Stab","Venomology"],"picked":"PiercingWail","floor":21}],"player_experience":713684,"relics_obtained":[{"floor":2.0,"key":"Question Card"},{"floor":7.0,"key":"Prayer Wheel"},{"floor":9.0,"key":"Incense Burner"},{"floor":10.0,"key":"Whetstone"},{"floor":12.0,"key":"Bag of Marbles"},{"floor":13.0,"key":"Lantern"},{"floor":21,"key":"StoneCalendar"},{"floor":21,"key":"Molten Egg 2"}],"event_choices":[{"damage_healed":0.0,"max_hp_gain":0.0,"max_hp_loss":0.0,"gold_gain":0.0,"event_name":"Wheel of Change","player_choice":"Relic","floor":2.0,"gold_loss":0.0,"damage_taken":0.0},{"damage_healed":0,"gold_gain":0,"player_choice":"Fight","damage_taken":0,"max_hp_gain":0,"max_hp_loss":0,"event_name":"Colosseum","floor":21,"gold_loss":0},{"damage_healed":0,"gold_gain":0,"player_choice":"Fought Nobs","damage_taken":0,"max_hp_gain":0,"max_hp_loss":0,"event_name":"Colosseum","floor":21,"gold_loss":0}],"is_beta":false,"boss_relics":[{"not_picked":["Black Star","HoveringKite"],"picked":"Astrolabe"}],"items_purged_floors":[],"is_endless":false,"potions_floor_spawned":[3,5,10,13,14,20,21],"killed_by":"Cultist and Chosen","ascension_level":15}