{"gold_per_floor":[117,128,128,142,39,65,30,41,115,21,49,49,49,69,69,69],"floor_reached":16,"playtime":933,"items_purged":[],"score":116,"play_id":"6a8648fa-d41a-4699-86b6-4ddf6bbedab4","local_time":"20190122220519","is_ascension_mode":true,"campfire_choices":[{"floor":15,"key":"REST"}],"neow_cost":"NONE","seed_source_timestamp":1046494619049625,"circlet_count":0,"master_deck":["Strike_R","Strike_R","Strike_R","Strike_R","Strike_R","Defend_R","Defend_R","Defend_R","Defend_R","Bash+1","Pommel Strike","Shrug It Off","Flex","Flame Barrier","Cleave+1","Thunderclap","Armaments","Shockwave","Cleave"],"relics":["Burning Blood","NeowsBlessing","Nunchaku","Matryoshka","Whetstone"],"potions_floor_usage":[11,11],"damage_taken":[{"damage":0,"enemies":"Jaw Worm","floor":1,"turns":1},{"damage":0,"enemies":"Cultist","floor":2,"turns":1},{"damage":0,"enemies":"Small Slimes","floor":4,"turns":1},{"damage":79,"enemies":"Lagavulin","floor":6,"turns":14},{"damage":6,"enemies":"Blue Slaver","floor":8,"turns":3},{"damage":9,"enemies":"3 Sentries","floor":11,"turns":6},{"damage":9,"enemies":"Looter","floor":14,"turns":3},{"damage":57,"enemies":"The Guardian","floor":16,"turns":10}],"seed_played":"-5427387089922930773","potions_obtained":[{"floor":2,"key":"PowerPotion"},{"floor":6,"key":"PowerPotion"},{"floor":11,"key":"FairyPotion"}],"is_trial":false,"path_per_floor":["M","M","?","M","$","E","?","M","T","$","E","?","$","M","R","B"],"character_chosen":"IRONCLAD","items_purchased":["Flex","Flame Barrier","Thunderclap","Armaments"],"campfire_rested":1,"item_purchase_floors":[5,5,10,10],"current_hp_per_floor":[80,80,80,80,80,7,27,27,27,27,24,24,24,21,45,0],"gold":69,"neow_bonus":"THREE_ENEMY_KILL","is_prod":false,"is_daily":false,"chose_seed":false,"campfire_upgraded":0,"win_rate":0,"timestamp":1548155119,"path_taken":["M","M","?","?","$","E","?","M","T","$","E","?","?","M","R","BOSS"],"build_version":"2019-01-17v2","purchased_purges":0,"victory":false,"max_hp_per_floor":[80,80,80,80,80,80,80,80,80,80,80,80,80,80,80,80],"card_choices":[{"not_picked":["Clash","Body Slam"],"picked":"Heavy Blade","floor":1},{"not_picked":["Fiend Fire","Clash"],"picked":"Pommel Strike","floor":2},{"not_picked":["Havoc","Bloodletting"],"picked":"Shrug It Off","floor":4},{"not_picked":["Intimidate","Shrug It Off"],"picked":"Cleave","floor":6},{"not_picked":["Power Through","Bloodletting","Carnage"],"picked":"SKIP","floor":8},{"not_picked":["Warcry","Impervious"],"picked":"Shockwave","floor":11},{"not_picked":["Feel No Pain","Warcry"],"picked":"Cleave","floor":14}],"player_experience":86070,"relics_obtained":[{"floor":6,"key":"Nunchaku"},{"floor":9,"key":"Matryoshka"},{"floor":11,"key":"Whetstone"}],"event_choices":[{"cards_removed":["Heavy Blade"],"damage_healed":0,"gold_gain":0,"player_choice":"Purged","damage_taken":0,"max_hp_gain":0,"max_hp_loss":0,"event_name":"Purifier","floor":3,"gold_loss":0},{"damage_healed":20,"gold_gain":0,"player_choice":"Healed","damage_taken":0,"max_hp_gain":0,"max_hp_loss":0,"event_name":"The Cleric","floor":7,"gold_loss":35},{"damage_healed":0,"gold_gain":0,"player_choice":"Ignored","damage_taken":0,"max_hp_gain":0,"max_hp_loss":0,"event_name":"Liars Game","floor":12,"gold_loss":0}],"is_beta":false,"boss_relics":[],"items_purged_floors":[],"is_endless":false,"potions_floor_spawned":[2,6,11],"killed_by":"The Guardian","ascension_level":1}