{"gold_per_floor":[119,133,133,93,106,140,140,157,157,173,173,188,188,215,215,320,320,337,427,76,88,88,115,130,130,130,130,149,163,191,207,207,306,306,318,328,328,25,38,102,102,119,119,147,147,174,186,215,215,215,215,215,4,30,30],"floor_reached":55,"playtime":4071,"items_purged":["Strike_R","Strike_R"],"score":1221,"play_id":"3df2f575-24b8-4b8b-acc0-92ddfca60d00","local_time":"20190208184050","is_ascension_mode":true,"campfire_choices":[{"data":"Armaments","floor":7.0,"key":"SMITH"},{"data":"Metallicize","floor":11.0,"key":"SMITH"},{"data":"Metallicize","floor":13.0,"key":"SMITH"},{"data":"Bash","floor":15.0,"key":"SMITH"},{"data":"Mind Blast","floor":25.0,"key":"SMITH"},{"data":"Carnage","floor":27.0,"key":"SMITH"},{"data":"Spot Weakness","floor":32.0,"key":"SMITH"},{"data":"Dropkick","floor":41.0,"key":"SMITH"},{"floor":45.0,"key":"RECALL"},{"floor":49.0,"key":"REST"},{"data":"Juggernaut","floor":52.0,"key":"SMITH"}],"neow_cost":"NONE","seed_source_timestamp":484453568373566,"circlet_count":0,"master_deck":["AscendersBane","Strike_R","Defend_R","Defend_R","Defend_R","Defend_R","Bash+1","Metallicize+1","Armaments+1","Spot Weakness+1","Pummel","Metallicize+1","Pummel","Impervious","Pummel","Mind Blast+1","Dramatic Entrance","Iron Wave","Carnage+1","Rage+1","Dropkick+1","Juggernaut+1","Sever Soul","Headbutt+1","Battle Trance+1","Finesse"],"special_seed":0,"relics":["Burning Blood","Boot","Incense Burner","Kunai","Meat on the Bone","Ancient Tea Set","Runic Pyramid","Lee\u0027s Waffle","Omamori","Sundial","Paper Frog","Busted Crown","PreservedInsect","Tiny Chest","Pen Nib","Regal Pillow","Calipers","Bottled Tornado"],"potions_floor_usage":[54,55,55],"damage_taken":[{"damage":2.0,"enemies":"Small Slimes","floor":1.0,"turns":5.0},{"damage":7.0,"enemies":"Jaw Worm","floor":2.0,"turns":5.0},{"damage":1.0,"enemies":"Cultist","floor":5.0,"turns":3.0},{"damage":7.0,"enemies":"Lagavulin","floor":6.0,"turns":7.0},{"damage":1.0,"enemies":"Looter","floor":8.0,"turns":3.0},{"damage":24.0,"enemies":"Exordium Thugs","floor":10.0,"turns":6.0},{"damage":2.0,"enemies":"Red Slaver","floor":12.0,"turns":5.0},{"damage":18.0,"enemies":"3 Sentries","floor":14.0,"turns":10.0},{"damage":14.0,"enemies":"The Guardian","floor":16.0,"turns":10.0},{"damage":2.0,"enemies":"Spheric Guardian","floor":18.0,"turns":8.0},{"damage":6.0,"enemies":"3 Byrds","floor":21.0,"turns":3.0},{"damage":29.0,"enemies":"Book of Stabbing","floor":23.0,"turns":6.0},{"damage":18.0,"enemies":"Shelled Parasite and Fungi","floor":24.0,"turns":2.0},{"damage":8.0,"enemies":"3 Cultists","floor":28.0,"turns":6.0},{"damage":14.0,"enemies":"Snecko","floor":29.0,"turns":6.0},{"damage":12.0,"enemies":"Gremlin Leader","floor":30.0,"turns":8.0},{"damage":22.0,"enemies":"Shelled Parasite and Fungi","floor":31.0,"turns":4.0},{"damage":55.0,"enemies":"Collector","floor":33.0,"turns":14.0},{"damage":2.0,"enemies":"Orb Walker","floor":35.0,"turns":4.0},{"damage":0.0,"enemies":"3 Shapes","floor":36.0,"turns":4.0},{"damage":1.0,"enemies":"Maw","floor":39.0,"turns":6.0},{"damage":16.0,"enemies":"Giant Head","floor":40.0,"turns":7.0},{"damage":15.0,"enemies":"Sphere and 2 Shapes","floor":42.0,"turns":7.0},{"damage":19.0,"enemies":"Nemesis","floor":44.0,"turns":7.0},{"damage":0.0,"enemies":"Giant Head","floor":46.0,"turns":6.0},{"damage":37.0,"enemies":"Writhing Mass","floor":47.0,"turns":6.0},{"damage":27.0,"enemies":"Reptomancer","floor":48.0,"turns":5.0},{"damage":34.0,"enemies":"Time Eater","floor":50.0,"turns":9.0},{"damage":58,"enemies":"Shield and Spear","floor":54,"turns":6},{"damage":74,"enemies":"The Heart","floor":55,"turns":3}],"seed_played":"4181644450033508975","potions_obtained":[{"floor":4.0,"key":"Block Potion"},{"floor":4.0,"key":"AttackPotion"},{"floor":4.0,"key":"SteroidPotion"},{"floor":8.0,"key":"Strength Potion"},{"floor":10.0,"key":"FearPotion"},{"floor":14.0,"key":"SteroidPotion"},{"floor":16.0,"key":"SpeedPotion"},{"floor":24.0,"key":"EssenceOfSteel"},{"floor":29.0,"key":"Ancient Potion"},{"floor":33.0,"key":"Fire Potion"},{"floor":36.0,"key":"LiquidBronze"},{"floor":39.0,"key":"LiquidBronze"},{"floor":42.0,"key":"Fire Potion"},{"floor":46.0,"key":"Regen Potion"}],"is_trial":false,"path_per_floor":["M","M","?","?","M","E","R","M","T","M","R","M","R","E","R","B",null,"M","?","$","M","?","E","M","R","T","R","M","M","E","M","R","B",null,"M","M","?","$","M","E","R","M","T","E","R","E","M","E","R","B",null,"R","$","E","B"],"character_chosen":"IRONCLAD","items_purchased":["Lee\u0027s Waffle","Dramatic Entrance","PreservedInsect","Poison Potion","Regen Potion","Strength Potion","Finesse"],"campfire_rested":1,"item_purchase_floors":[20,20,38,38,53,53,53],"current_hp_per_floor":[76,75,50,50,55,54,54,59,59,53,53,57,57,57,57,49,72,76,52,87,87,87,64,52,52,52,52,50,54,60,56,56,19,70,74,80,80,80,85,75,75,66,66,53,53,59,40,45,86,58,80,80,80,55,0],"gold":30,"neow_bonus":"RANDOM_COMMON_RELIC","is_prod":false,"is_daily":false,"chose_seed":false,"campfire_upgraded":9,"win_rate":0,"timestamp":1549647650,"path_taken":["M","M","?","?","?","E","R","M","T","M","R","M","R","E","R","BOSS","M","?","?","?","?","E","M","R","T","R","M","M","E","?","R","BOSS","M","M","?","$","M","E","R","M","T","E","R","E","?","E","R","BOSS","R","$","E","BOSS"],"build_version":"2019-01-23","purchased_purges":2,"victory":false,"max_hp_per_floor":[80,80,80,80,80,80,80,80,80,80,80,80,80,80,80,80,80,80,80,87,87,87,87,87,87,87,87,87,87,87,87,87,87,87,87,87,87,87,87,87,87,87,87,87,87,87,87,87,87,87,87,87,87,87,87],"card_choices":[{"not_picked":["Cleave","True Grit"],"picked":"Metallicize","floor":1.0},{"not_picked":["Bloodletting","True Grit"],"picked":"Armaments","floor":2.0},{"not_picked":["Combust","Body Slam"],"picked":"Spot Weakness","floor":5.0},{"not_picked":["Dropkick","Entrench"],"picked":"Pummel","floor":6.0},{"not_picked":["Havoc","Inflame"],"picked":"Metallicize","floor":8.0},{"not_picked":["Rupture","Hemokinesis","Headbutt"],"picked":"SKIP","floor":10.0},{"not_picked":["Anger","Reaper","Iron Wave"],"picked":"SKIP","floor":12.0},{"not_picked":["Infernal Blade","Ghostly Armor"],"picked":"Pummel","floor":14.0},{"not_picked":["Dark Embrace","Limit Break"],"picked":"Impervious","floor":16.0},{"not_picked":["Clash","Ghostly Armor"],"picked":"Pummel","floor":18.0},{"not_picked":["Clothesline+1","Twin Strike","Headbutt"],"picked":"SKIP","floor":21.0},{"not_picked":["Armaments+1","Corruption"],"picked":"Carnage","floor":23.0},{"not_picked":["Battle Trance","Whirlwind"],"picked":"Rage+1","floor":24.0},{"not_picked":["Shockwave","Warcry","Perfected Strike+1"],"picked":"SKIP","floor":28.0},{"not_picked":["Twin Strike+1","Thunderclap+1","Headbutt"],"picked":"SKIP","floor":29.0},{"not_picked":["Anger","Pommel Strike","Perfected Strike+1"],"picked":"SKIP","floor":30.0},{"not_picked":["Searing Blow","Havoc"],"picked":"Dropkick","floor":31.0},{"not_picked":["Dark Embrace","Bludgeon"],"picked":"Juggernaut","floor":33.0},{"not_picked":["Perfected Strike+1"],"picked":"SKIP","floor":35.0},{"not_picked":["Thunderclap"],"picked":"SKIP","floor":36.0},{"not_picked":["Armaments+1"],"picked":"SKIP","floor":39.0},{"not_picked":["Cleave"],"picked":"SKIP","floor":40.0},{"not_picked":["Twin Strike"],"picked":"SKIP","floor":42.0},{"not_picked":["Intimidate"],"picked":"SKIP","floor":44.0},{"not_picked":["Thunderclap"],"picked":"SKIP","floor":46.0},{"not_picked":[],"picked":"Headbutt+1","floor":47.0},{"not_picked":[],"picked":"Battle Trance+1","floor":48.0},{"not_picked":["Thunderclap"],"picked":"SKIP","floor":54}],"player_experience":1001594,"relics_obtained":[{"floor":6.0,"key":"Kunai"},{"floor":9.0,"key":"Meat on the Bone"},{"floor":14.0,"key":"Ancient Tea Set"},{"floor":23.0,"key":"Omamori"},{"floor":26.0,"key":"Sundial"},{"floor":30.0,"key":"Paper Frog"},{"floor":40.0,"key":"Tiny Chest"},{"floor":44.0,"key":"Pen Nib"},{"floor":46.0,"key":"Regal Pillow"},{"floor":48.0,"key":"Calipers"},{"floor":54,"key":"Bottled Tornado"}],"event_choices":[{"damage_healed":0.0,"max_hp_gain":0.0,"max_hp_loss":0.0,"gold_gain":0.0,"event_name":"Scrap Ooze","player_choice":"Success","floor":3.0,"gold_loss":0.0,"damage_taken":25.0,"relics_obtained":["Incense Burner"]},{"damage_healed":0.0,"max_hp_gain":0.0,"max_hp_loss":0.0,"gold_gain":0.0,"event_name":"The Woman in Blue","player_choice":"Bought 3 Potions","floor":4.0,"gold_loss":0.0,"damage_taken":0.0},{"damage_healed":0.0,"max_hp_gain":0.0,"max_hp_loss":0.0,"gold_gain":90.0,"event_name":"Knowing Skull","player_choice":"CARD GOLD ","floor":19.0,"potions_obtained":[],"gold_loss":0.0,"damage_taken":24.0,"cards_obtained":["Mind Blast"]},{"cards_removed":["Strike_R"],"damage_healed":0.0,"max_hp_gain":0.0,"max_hp_loss":0.0,"gold_gain":0.0,"event_name":"NoteForYourself","player_choice":"Took Card","floor":22.0,"gold_loss":0.0,"damage_taken":0.0,"cards_obtained":["Iron Wave"]},{"damage_healed":0.0,"max_hp_gain":0.0,"max_hp_loss":0.0,"gold_gain":0.0,"cards_transformed":["Strike_R"],"event_name":"Transmorgrifier","player_choice":"Transformed","floor":37.0,"gold_loss":0.0,"damage_taken":0.0,"cards_obtained":["Sever Soul"]}],"is_beta":false,"boss_relics":[{"not_picked":["Black Star","Calling Bell"],"picked":"Runic Pyramid"},{"not_picked":["Empty Cage","White Beast Statue"],"picked":"Busted Crown"}],"items_purged_floors":[20,38],"is_endless":false,"potions_floor_spawned":[8,10,14,16,24,29,33,36,39,42,46],"killed_by":"The Heart","ascension_level":10}