{"gold_per_floor":[109,122,138,63,79,79,114,130,130,146,146,158,158,172,172,247,247,262,262,78,97,117,117,167,167,167,177,188,188,24,43,43,122,122,133,8,8,25,38,38,138,167,167,183,237,253,253,99,99,99,99],"floor_reached":51,"playtime":5295,"items_purged":["Searing Blow","Rage","Feel No Pain","Havoc+1"],"score":1716,"play_id":"4183ab43-fd4c-4948-95b3-4d6f86bb271c","local_time":"20190318013358","is_ascension_mode":true,"campfire_choices":[{"data":"Whirlwind","floor":6.0,"key":"SMITH"},{"data":"Havoc","floor":11.0,"key":"SMITH"},{"floor":15.0,"key":"REST"},{"data":"Pommel Strike","floor":23.0,"key":"SMITH"},{"data":"Offering","floor":25.0,"key":"SMITH"},{"floor":29.0,"key":"REST"},{"floor":32.0,"key":"REST"},{"floor":40.0,"key":"REST"},{"floor":47.0,"key":"REST"},{"data":"Double Tap","floor":49.0,"key":"SMITH"}],"neow_cost":"NONE","seed_source_timestamp":0,"circlet_count":0,"master_deck":["AscendersBane","Bash","Exhume","Offering+1","Pommel Strike+1","Dropkick","Iron Wave","Shrug It Off","Whirlwind+1","Double Tap+1","Shrug It Off","Disarm","Demon Form+1","Heavy Blade","Blood for Blood","Entrench","Uppercut+1","Impervious","Clothesline","Blood for Blood+1","Corruption+1"],"special_seed":0,"relics":["Pandora\u0027s Box","Vajra","Frozen Egg 2","Snecko Eye","Self Forming Clay","Peace Pipe","Regal Pillow","Sozu","Charon\u0027s Ashes","The Courier","Darkstone Periapt","Shovel"],"potions_floor_usage":[],"damage_taken":[{"damage":6.0,"enemies":"Cultist","floor":1.0,"turns":3.0},{"damage":6.0,"enemies":"Small Slimes","floor":2.0,"turns":3.0},{"damage":3.0,"enemies":"2 Louse","floor":3.0,"turns":3.0},{"damage":6.0,"enemies":"Gremlin Gang","floor":5.0,"turns":2.0},{"damage":14.0,"enemies":"Gremlin Nob","floor":7.0,"turns":3.0},{"damage":0.0,"enemies":"2 Fungi Beasts","floor":8.0,"turns":2.0},{"damage":5.0,"enemies":"Exordium Thugs","floor":10.0,"turns":4.0},{"damage":0.0,"enemies":"Lots of Slimes","floor":12.0,"turns":2.0},{"damage":1.0,"enemies":"Looter","floor":14.0,"turns":3.0},{"damage":13.0,"enemies":"Hexaghost","floor":16.0,"turns":5.0},{"damage":11.0,"enemies":"Shell Parasite","floor":18.0,"turns":3.0},{"damage":9.0,"enemies":"Spheric Guardian","floor":21.0,"turns":3.0},{"damage":18.0,"enemies":"Snake Plant","floor":22.0,"turns":2.0},{"damage":6.0,"enemies":"Chosen and Byrds","floor":27.0,"turns":3.0},{"damage":6.0,"enemies":"Cultist and Chosen","floor":28.0,"turns":3.0},{"damage":6.0,"enemies":"3 Cultists","floor":31.0,"turns":3.0},{"damage":10.0,"enemies":"Automaton","floor":33.0,"turns":5.0},{"damage":6.0,"enemies":"3 Darklings","floor":35.0,"turns":3.0},{"damage":2.0,"enemies":"Orb Walker","floor":38.0,"turns":2.0},{"damage":19.0,"enemies":"Writhing Mass","floor":39.0,"turns":4.0},{"damage":8.0,"enemies":"Mind Bloom Boss Battle","floor":41.0,"turns":4.0},{"damage":12.0,"enemies":"Giant Head","floor":42.0,"turns":4.0},{"damage":0.0,"enemies":"Transient","floor":44.0,"turns":6.0},{"damage":25.0,"enemies":"2 Orb Walkers","floor":45.0,"turns":3.0},{"damage":6.0,"enemies":"Jaw Worm Horde","floor":46.0,"turns":3.0},{"damage":44.0,"enemies":"Awakened One","floor":50.0,"turns":5.0},{"damage":24,"enemies":"Donu and Deca","floor":51,"turns":1}],"seed_played":"-7818206156892993354","potions_obtained":[{"floor":3.0,"key":"Explosive Potion"},{"floor":7.0,"key":"Fire Potion"},{"floor":27.0,"key":"Fire Potion"},{"floor":31.0,"key":"PowerPotion"}],"is_trial":false,"path_per_floor":["M","M","M","$","M","R","E","M","T","M","R","M","?","M","R","B",null,"M","?","$","M","M","R","?","R","T","M","M","R","$","M","R","B",null,"M","$","?","M","M","R","?","E","T","M","?","M","R","$","R","B","B"],"character_chosen":"IRONCLAD","items_purchased":["Blood for Blood","Regal Pillow","Corruption+1"],"campfire_rested":5,"item_purchase_floors":[20,30,48],"current_hp_per_floor":[62,56,53,53,47,47,33,33,33,28,28,28,28,27,49,36,65,54,54,54,45,27,27,20,20,20,14,8,30,30,24,61,51,69,63,63,63,61,42,75,67,55,55,55,30,24,61,61,61,17,0],"gold":99,"neow_bonus":"BOSS_RELIC","is_prod":false,"is_daily":false,"chose_seed":false,"campfire_upgraded":5,"win_rate":0,"timestamp":1552887238,"path_taken":["M","?","M","$","M","R","E","M","T","M","R","M","?","M","R","BOSS","M","?","$","?","M","R","?","R","T","M","M","R","?","M","R","BOSS","M","?","?","M","M","R","?","E","T","M","?","?","R","$","R","BOSS","BOSS"],"build_version":"2019-01-23","purchased_purges":4,"victory":false,"max_hp_per_floor":[75,75,75,75,75,75,75,75,75,75,75,75,75,75,75,75,75,75,75,75,75,75,75,75,75,75,75,75,75,75,75,75,75,75,75,75,75,75,75,75,75,75,75,75,75,75,75,75,75,75,75],"card_choices":[{"not_picked":["Thunderclap","Uppercut"],"picked":"Shrug It Off","floor":1.0},{"not_picked":["Perfected Strike","Pommel Strike"],"picked":"Whirlwind","floor":2.0},{"not_picked":["Dual Wield","Havoc","Heavy Blade"],"picked":"SKIP","floor":3.0},{"not_picked":["Warcry","Fire Breathing","Thunderclap"],"picked":"SKIP","floor":5.0},{"not_picked":["Armaments","Flex"],"picked":"Double Tap","floor":7.0},{"not_picked":["Anger","Headbutt"],"picked":"Shrug It Off","floor":8.0},{"not_picked":["Pummel","Cleave"],"picked":"Inflame+1","floor":10.0},{"not_picked":["Sword Boomerang","Seeing Red"],"picked":"Disarm","floor":12.0},{"not_picked":["Rage","Warcry","Heavy Blade"],"picked":"SKIP","floor":14.0},{"not_picked":["Limit Break","Double Tap"],"picked":"Demon Form+1","floor":16.0},{"not_picked":["Rupture+1","True Grit"],"picked":"Heavy Blade","floor":18.0},{"not_picked":["Rampage","Thunderclap","Anger"],"picked":"SKIP","floor":21.0},{"not_picked":["Rampage","Hemokinesis","Sword Boomerang"],"picked":"SKIP","floor":22.0},{"not_picked":["Sword Boomerang","Twin Strike"],"picked":"Entrench","floor":27.0},{"not_picked":["Ghostly Armor","Perfected Strike","Anger"],"picked":"SKIP","floor":28.0},{"not_picked":["Twin Strike","Pommel Strike"],"picked":"Uppercut+1","floor":31.0},{"not_picked":["Juggernaut+1","Brutality+1"],"picked":"Impervious","floor":33.0},{"not_picked":["Feel No Pain+1","Infernal Blade"],"picked":"Clothesline","floor":35.0},{"not_picked":["Wild Strike","Thunderclap+1"],"picked":"Blood for Blood+1","floor":38.0},{"not_picked":["Spot Weakness","Second Wind","Rage"],"picked":"SKIP","floor":39.0},{"not_picked":["Searing Blow","Intimidate","Anger+1"],"picked":"SKIP","floor":42.0},{"not_picked":["True Grit","Combust+1","Armaments"],"picked":"SKIP","floor":44.0},{"not_picked":["Flex","Anger","Fiend Fire"],"picked":"SKIP","floor":46.0}],"player_experience":389844,"relics_obtained":[{"floor":7.0,"key":"Vajra"},{"floor":9.0,"key":"Frozen Egg 2"},{"floor":26.0,"key":"Peace Pipe"},{"floor":41.0,"key":"Charon\u0027s Ashes"},{"floor":42.0,"key":"The Courier"},{"floor":43.0,"key":"Darkstone Periapt"},{"floor":45.0,"key":"Shovel"}],"event_choices":[{"damage_healed":0.0,"max_hp_gain":0.0,"max_hp_loss":0.0,"gold_gain":0.0,"event_name":"Liars Game","player_choice":"Ignored","floor":13.0,"gold_loss":0.0,"damage_taken":0.0},{"damage_healed":0.0,"max_hp_gain":0.0,"max_hp_loss":0.0,"gold_gain":0.0,"event_name":"WeMeetAgain","player_choice":"Gave Potion","floor":19.0,"gold_loss":0.0,"damage_taken":0.0,"relics_obtained":["Self Forming Clay"]},{"damage_healed":0.0,"max_hp_gain":0.0,"max_hp_loss":0.0,"gold_gain":50.0,"event_name":"FaceTrader","player_choice":"Touch","floor":24.0,"gold_loss":0.0,"damage_taken":7.0},{"cards_removed":["Inflame"],"damage_healed":0.0,"max_hp_gain":0.0,"max_hp_loss":0.0,"gold_gain":0.0,"event_name":"Falling","player_choice":"Removed Power","floor":37.0,"gold_loss":0.0,"damage_taken":0.0},{"damage_healed":0.0,"max_hp_gain":0.0,"max_hp_loss":0.0,"gold_gain":0.0,"event_name":"MindBloom","player_choice":"Fight","floor":41.0,"gold_loss":0.0,"damage_taken":0.0},{"damage_healed":0.0,"max_hp_gain":0.0,"max_hp_loss":0.0,"gold_gain":0.0,"event_name":"Mysterious Sphere","player_choice":"Fight","floor":45.0,"gold_loss":0.0,"damage_taken":0.0}],"is_beta":false,"boss_relics":[{"not_picked":["Tiny House","Fusion Hammer"],"picked":"Snecko Eye"},{"not_picked":["Calling Bell","Mark of Pain"],"picked":"Sozu"}],"items_purged_floors":[4,20,36,48],"is_endless":false,"potions_floor_spawned":[3,7,12,14,16,27,31,44,45,46],"killed_by":"Donu and Deca","ascension_level":20}