{"gold_per_floor":[115,65,83,183,199,199,214,214,269,295,312,336,26,45,45,45],"floor_reached":16,"playtime":8631,"items_purged":["Defend_G"],"score":128,"play_id":"21795f96-0c7c-485c-8385-79d3c2f5be97","local_time":"20190316181653","is_ascension_mode":true,"campfire_choices":[{"data":"Neutralize","floor":6,"key":"SMITH"},{"data":"Adrenaline","floor":8,"key":"SMITH"},{"floor":15,"key":"REST"}],"neow_cost":"NONE","seed_source_timestamp":254995499783446,"circlet_count":0,"master_deck":["Defend_G","Defend_G","Defend_G","Defend_G","Strike_G","Strike_G","Strike_G","Strike_G","Survivor","Neutralize+1","Adrenaline+1","Quick Slash","Dodge and Roll","Blur","Backflip","Well Laid Plans","Blade Dance","Bouncing Flask","Backflip","Flying Knee"],"relics":["Ring of the Snake","Oddly Smooth Stone","Orichalcum","Bronze Scales","Art of War"],"potions_floor_usage":[10,16],"damage_taken":[{"damage":2,"enemies":"2 Louse","floor":1,"turns":4},{"damage":0,"enemies":"Jaw Worm","floor":3,"turns":4},{"damage":0,"enemies":"Cultist","floor":5,"turns":4},{"damage":1,"enemies":"Exordium Wildlife","floor":7,"turns":5},{"damage":39,"enemies":"Gremlin Nob","floor":10,"turns":6},{"damage":1,"enemies":"Large Slime","floor":11,"turns":6},{"damage":3,"enemies":"3 Louse","floor":14,"turns":3},{"damage":53,"enemies":"Slime Boss","floor":16,"turns":6}],"seed_played":"3539776419520725975","potions_obtained":[{"floor":3,"key":"PowerPotion"},{"floor":10,"key":"Block Potion"}],"is_trial":false,"path_per_floor":["?","?","M","T"],"character_chosen":"THE_SILENT","items_purchased":["Bouncing Flask","Backflip","Art of War"],"campfire_rested":1,"item_purchase_floors":[13,13,13],"current_hp_per_floor":[68,68,68,68,68,68,67,67,67,28,27,27,27,24,45,0],"gold":45,"neow_bonus":"ONE_RANDOM_RARE_CARD","is_prod":false,"is_daily":false,"chose_seed":false,"campfire_upgraded":2,"win_rate":0,"timestamp":1552781813,"path_taken":["M","?","M","?","M","R","?","R","T","E","M","?","$","M","R","BOSS"],"build_version":"2019-01-23","purchased_purges":1,"victory":false,"max_hp_per_floor":[70,70,70,70,70,70,70,70,70,70,70,70,70,70,70,70],"card_choices":[{"not_picked":["Terror","Outmaneuver"],"picked":"Quick Slash","floor":1},{"not_picked":["Distraction","Acrobatics"],"picked":"Dodge and Roll","floor":3},{"not_picked":["PiercingWail","Deflect"],"picked":"Blur","floor":5},{"not_picked":["Sucker Punch","Dodge and Roll"],"picked":"Backflip","floor":7},{"not_picked":["Terror","Cloak And Dagger"],"picked":"Well Laid Plans","floor":10},{"not_picked":["Tactician","Dodge and Roll"],"picked":"Blade Dance","floor":11},{"not_picked":["Distraction","Riddle With Holes"],"picked":"Flying Knee","floor":14}],"player_experience":279840,"relics_obtained":[{"floor":9,"key":"Oddly Smooth Stone"},{"floor":10,"key":"Orichalcum"},{"floor":12,"key":"Bronze Scales"}],"event_choices":[{"cards_removed":["Strike_G"],"damage_healed":0,"gold_gain":0,"player_choice":"Card Removal","damage_taken":0,"max_hp_gain":0,"max_hp_loss":0,"event_name":"The Cleric","floor":2,"gold_loss":50},{"damage_healed":0,"gold_gain":100,"player_choice":"Pray","damage_taken":0,"max_hp_gain":0,"max_hp_loss":0,"event_name":"Golden Shrine","floor":4,"gold_loss":0}],"is_beta":false,"boss_relics":[],"items_purged_floors":[13],"is_endless":false,"potions_floor_spawned":[3,10],"killed_by":"Slime Boss","ascension_level":5}