{"gold_per_floor":[115,135,147,159,179,213,232,263,263,327,379,379,397,410,410,515,515,535,495,372,392,405,430,440,26,104,104,139,139,139,64,64,168,198,211,211,211,226,238,273,31,102,102,102,0,19,19,30,30,30],"floor_reached":50,"playtime":8921,"items_purged":["Writhe"],"score":599,"play_id":"c3c6ac7d-da27-48c5-9b88-e7470ece744a","local_time":"20180627230424","is_ascension_mode":false,"campfire_choices":[{"floor":15,"key":"REST"},{"floor":27,"key":"REST"},{"floor":29,"key":"REST"},{"data":"Redo","floor":32,"key":"SMITH"},{"floor":47,"key":"REST"},{"floor":49,"key":"REST"}],"neow_cost":"NONE","seed_source_timestamp":1275701377390942,"circlet_count":0,"master_deck":["Strike_B+1","Strike_B+1","Strike_B+1","Defend_B+1","Defend_B+1","Defend_B+1","Defend_B+1","Zap+1","Dualcast+1","Doom and Gloom+1","BootSequence+1","Melter+1","Coolheaded+1","Redo+1","Ball Lightning+1","Leap+1","Coolheaded+1","Ball Lightning+1","Fission+1","Leap+1","Good Instincts+1","Loop+1","Buffer+1","Ball Lightning+1","Tempest+1","Go for the Eyes+1"],"relics":["Cracked Core","NeowsBlessing","Strawberry","Potion Belt","Meat on the Bone","Gremlin Horn","Pen Nib","Lizard Tail","Blood Vial","Question Card","Pear","Mercury Hourglass","Matryoshka","Tiny House","Mark of the Bloom","Bronze Scales","Bottled Tornado","Orichalcum","Bottled Flame","Anchor","Molten Egg 2","Red Mask"],"potions_floor_usage":[6,10,10,16,16,22,23,23,28,33,33,33,33,33,33,33,40,50,50,50,50,50],"damage_taken":[{"damage":0,"enemies":"Jaw Worm","floor":1,"turns":1},{"damage":0,"enemies":"2 Louse","floor":2,"turns":1},{"damage":0,"enemies":"Cultist","floor":3,"turns":1},{"damage":0,"enemies":"Large Slime","floor":4,"turns":5},{"damage":0,"enemies":"Looter","floor":5,"turns":2},{"damage":9,"enemies":"Lagavulin","floor":6,"turns":5},{"damage":3,"enemies":"Gremlin Gang","floor":7,"turns":3},{"damage":28,"enemies":"3 Sentries","floor":8,"turns":8},{"damage":24,"enemies":"Lagavulin Event","floor":10,"turns":7},{"damage":1,"enemies":"Exordium Wildlife","floor":13,"turns":2},{"damage":0,"enemies":"3 Louse","floor":14,"turns":2},{"damage":21,"enemies":"Slime Boss","floor":16,"turns":6},{"damage":32,"enemies":"Chosen","floor":18,"turns":6},{"damage":21,"enemies":"2 Thieves","floor":21,"turns":4},{"damage":17,"enemies":"Snake Plant","floor":22,"turns":4},{"damage":19,"enemies":"Book of Stabbing","floor":23,"turns":6},{"damage":2,"enemies":"Sentry and Sphere","floor":24,"turns":3},{"damage":50,"enemies":"Gremlin Leader","floor":28,"turns":6},{"damage":100,"enemies":"Collector","floor":33,"turns":13},{"damage":17,"enemies":"3 Darklings","floor":35,"turns":4},{"damage":0,"enemies":"3 Shapes","floor":38,"turns":3},{"damage":0,"enemies":"Maw","floor":39,"turns":7},{"damage":3,"enemies":"Nemesis","floor":40,"turns":9},{"damage":8,"enemies":"Sphere and 2 Shapes","floor":46,"turns":3},{"damage":18,"enemies":"3 Darklings","floor":48,"turns":3},{"damage":51,"enemies":"Time Eater","floor":50,"turns":7}],"seed_played":"-1033054319988052812","potions_obtained":[{"floor":1,"key":"LiquidBronze"},{"floor":5,"key":"Block Potion"},{"floor":6,"key":"FearPotion"},{"floor":7,"key":"Energy Potion"},{"floor":10,"key":"SteroidPotion"},{"floor":13,"key":"EssenceOfSteel"},{"floor":14,"key":"GamblersBrew"},{"floor":19,"key":"GamblersBrew"},{"floor":19,"key":"FocusPotion"},{"floor":19,"key":"LiquidBronze"},{"floor":21,"key":"FocusPotion"},{"floor":23,"key":"Swift Potion"},{"floor":34,"key":"EntropicBrew"},{"floor":35,"key":"SteroidPotion"},{"floor":40,"key":"Dexterity Potion"},{"floor":46,"key":"GamblersBrew"}],"is_trial":false,"path_per_floor":["M","M","M","M","M","E","M","E","T","?","T","?","M","M","R","B",null,"M","?","$","M","M","E","M","$","T","R","E","R","?","$","R","B",null,"M","?","?","M","M","E","$","T","T","$","?","M","R","M","R"],"character_chosen":"DEFECT","items_purchased":["Leap","Good Instincts","Question Card","EntropicBrew","Ancient Potion","Bottled Tornado"],"campfire_rested":5,"item_purchase_floors":[20,20,25,25,25,41],"current_hp_per_floor":[75,75,75,75,75,73,70,42,42,30,30,30,41,53,77,56,82,50,50,50,41,36,29,41,41,51,78,42,69,69,69,69,32,97,80,80,80,80,80,77,77,77,77,77,77,69,69,51,51,0],"gold":30,"neow_bonus":"THREE_ENEMY_KILL","is_prod":false,"is_daily":false,"chose_seed":false,"campfire_upgraded":1,"win_rate":0.0,"timestamp":1530155064,"path_taken":["M","M","M","M","M","E","M","E","T","?","?","?","?","M","R","BOSS","M","?","?","M","M","E","?","$","T","R","E","R","?","$","R","BOSS","M","?","?","M","?","E","?","?","T","$","?","?","R","M","R","BOSS"],"build_version":"2018-06-21v2","purchased_purges":1,"victory":false,"max_hp_per_floor":[75,75,75,75,75,82,82,82,82,82,82,82,82,82,82,82,82,82,82,82,82,82,82,82,82,92,92,92,92,92,92,92,92,97,97,97,97,97,97,97,97,97,97,97,97,97,97,97,97,97],"card_choices":[{"not_picked":["Steam Power","Redo"],"picked":"Doom and Gloom","floor":1},{"not_picked":["Hologram","Aggregate"],"picked":"BootSequence","floor":2},{"not_picked":["Double Energy","Go for the Eyes"],"picked":"Melter","floor":3},{"not_picked":["Aggregate","Hello World"],"picked":"Coolheaded","floor":4},{"not_picked":["Storm","Coolheaded"],"picked":"Redo","floor":5},{"not_picked":["Fusion","Amplify"],"picked":"Ball Lightning","floor":6},{"not_picked":["Streamline","Scrape"],"picked":"Leap","floor":7},{"not_picked":["Creative AI","Compile Driver"],"picked":"Coolheaded","floor":8},{"not_picked":["Tempest","Coolheaded"],"picked":"Ball Lightning","floor":13},{"not_picked":["Reinforced Body","Coolheaded","Streamline"],"picked":"SKIP","floor":14},{"not_picked":["Thunder Strike","Seek"],"picked":"Fission","floor":16},{"not_picked":["Stack","Coolheaded+1","Double Energy"],"picked":"SKIP","floor":18},{"not_picked":["Hologram","Gash+1","Coolheaded"],"picked":"SKIP","floor":21},{"not_picked":["Steam+1","Chaos","Cold Snap"],"picked":"SKIP","floor":22},{"not_picked":["Streamline","Self Repair+1","Blizzard"],"picked":"SKIP","floor":23},{"not_picked":["Coolheaded+1","Compile Driver"],"picked":"Sweeping Beam+1","floor":24},{"not_picked":["Multi-Cast","Beam Cell","BootSequence+1"],"picked":"Loop","floor":28},{"not_picked":["All For One","Thunder Strike","Biased Cognition"],"picked":"Buffer","floor":33},{"not_picked":["Leap+1","Force Field","Coolheaded"],"picked":"Ball Lightning+1","floor":34},{"not_picked":["Compile Driver","Ball Lightning","Sweeping Beam","Consume"],"picked":"SKIP","floor":35},{"not_picked":["Reinforced Body","Barrage+1","Blizzard"],"picked":"Tempest+1","floor":38},{"not_picked":["Skim","Steam+1","Cold Snap"],"picked":"Go for the Eyes+1","floor":39},{"not_picked":["Biased Cognition","Sweeping Beam","Storm+1","Conserve Battery"],"picked":"SKIP","floor":40},{"not_picked":["Go for the Eyes+1","FTL+1","Static Discharge","Coolheaded+1"],"picked":"SKIP","floor":46},{"not_picked":["Auto Shields+1","Barrage+1","Skim+1","Sweeping Beam+1"],"picked":"SKIP","floor":48}],"player_experience":25975,"relics_obtained":[{"floor":6,"key":"Strawberry"},{"floor":8,"key":"Potion Belt"},{"floor":9,"key":"Meat on the Bone"},{"floor":10,"key":"Gremlin Horn"},{"floor":11,"key":"Pen Nib"},{"floor":23,"key":"Blood Vial"},{"floor":26,"key":"Pear"},{"floor":28,"key":"Mercury Hourglass"},{"floor":40,"key":"Bronze Scales"},{"floor":42,"key":"Orichalcum"},{"floor":42,"key":"Bottled Flame"},{"floor":43,"key":"Anchor"},{"floor":43,"key":"Molten Egg 2"}],"event_choices":[{"event_name":"Dead Adventurer","player_choice":"Searched \u00272\u0027 times","floor":10,"damage_taken":0},{"event_name":"Purifier","player_choice":"One Purge","floor":12,"damage_taken":0},{"event_name":"The Woman in Blue","player_choice":"Bought 3 Potions","floor":19,"damage_taken":0},{"event_name":"The Mausoleum","player_choice":"Yes","floor":30,"damage_taken":0},{"event_name":"MindBloom","player_choice":"Upgrade","floor":36,"damage_taken":0},{"event_name":"Falling","player_choice":"Removed Attack","floor":37,"damage_taken":0},{"event_name":"Tomb of Lord Red Mask","player_choice":"Paid","floor":45,"damage_taken":0}],"boss_relics":[{"not_picked":["Nuclear Battery","Eternal Feather"],"picked":"Lizard Tail"},{"not_picked":["Runic Pyramid","Runic Dome"],"picked":"Tiny House"}],"items_purged_floors":[31],"is_endless":false,"potions_floor_spawned":[1,5,6,7,10,13,14,21,23,35,40,46],"killed_by":"Time Eater","ascension_level":0}