{"gold_per_floor":[117,136,136,136,147,181,181,181,204,204,222,262,262,306,306,404,404,377,40,90,108,128,128,153,197,197,210,223,223,259,284,284,378,378,402,0,0,0,0,0,41,41,41,41,76,90,105,18,18,18,18],"floor_reached":52,"playtime":2438,"items_purged":["Strike_R"],"score":2086,"play_id":"010b1772-36e1-4cad-9725-03c4bb4836a5","local_time":"20190130225452","is_ascension_mode":true,"campfire_choices":[{"data":"Uppercut","floor":7.0,"key":"SMITH"},{"floor":13.0,"key":"REST"},{"data":"Flame Barrier","floor":15.0,"key":"SMITH"},{"data":"Demon Form","floor":23.0,"key":"SMITH"},{"data":"Intimidate","floor":29.0,"key":"SMITH"},{"floor":32.0,"key":"REST"},{"floor":40.0,"key":"RECALL"},{"floor":42.0,"key":"REST"},{"floor":44.0,"key":"REST"},{"floor":49.0,"key":"REST"}],"neow_cost":"PERCENT_DAMAGE","seed_source_timestamp":0,"circlet_count":0,"master_deck":["AscendersBane","Strike_R","Strike_R","Defend_R+1","Defend_R","Defend_R","Bash+1","Intimidate+1","Flame Barrier+1","Cleave","Uppercut+1","Wild Strike","Dropkick","Demon Form+1","Shockwave+1","Headbutt+1","Offering+1","True Grit+1","Second Wind","Power Through+1","Dramatic Entrance","Offering+1","Dropkick+1"],"special_seed":0,"relics":["Burning Blood","Potion Belt","Orichalcum","Golden Idol","Red Skull","Oddly Smooth Stone","Dead Branch","Empty Cage","Singing Bowl","Pear","Bottled Lightning","War Paint","Fusion Hammer","Champion Belt","Dream Catcher","The Courier","Gremlin Horn"],"potions_floor_usage":[51,51,51],"damage_taken":[{"damage":7.0,"enemies":"Cultist","floor":1.0,"turns":4.0},{"damage":2.0,"enemies":"2 Louse","floor":2.0,"turns":3.0},{"damage":7.0,"enemies":"Jaw Worm","floor":5.0,"turns":5.0},{"damage":25.0,"enemies":"3 Sentries","floor":6.0,"turns":7.0},{"damage":20.0,"enemies":"Large Slime","floor":11.0,"turns":5.0},{"damage":22.0,"enemies":"Lagavulin","floor":12.0,"turns":5.0},{"damage":12.0,"enemies":"3 Sentries","floor":14.0,"turns":6.0},{"damage":19.0,"enemies":"Hexaghost","floor":16.0,"turns":9.0},{"damage":14.0,"enemies":"2 Thieves","floor":18.0,"turns":4.0},{"damage":13.0,"enemies":"Shell Parasite","floor":21.0,"turns":4.0},{"damage":2.0,"enemies":"Snecko","floor":22.0,"turns":5.0},{"damage":14.0,"enemies":"Sentry and Sphere","floor":24.0,"turns":6.0},{"damage":22.0,"enemies":"Book of Stabbing","floor":25.0,"turns":5.0},{"damage":9.0,"enemies":"Centurion and Healer","floor":27.0,"turns":7.0},{"damage":10.0,"enemies":"Cultist and Chosen","floor":28.0,"turns":5.0},{"damage":27.0,"enemies":"Gremlin Leader","floor":30.0,"turns":5.0},{"damage":17.0,"enemies":"Shelled Parasite and Fungi","floor":31.0,"turns":3.0},{"damage":34.0,"enemies":"Champ","floor":33.0,"turns":9.0},{"damage":6.0,"enemies":"Orb Walker","floor":35.0,"turns":3.0},{"damage":42.0,"enemies":"Giant Head","floor":41.0,"turns":7.0},{"damage":35.0,"enemies":"Nemesis","floor":45.0,"turns":5.0},{"damage":6.0,"enemies":"3 Darklings","floor":46.0,"turns":1.0},{"damage":12.0,"enemies":"Sphere and 2 Shapes","floor":47.0,"turns":2.0},{"damage":56,"enemies":"Awakened One","floor":50,"turns":8},{"damage":12,"enemies":"Donu and Deca","floor":51,"turns":4}],"seed_played":"4013313962057187303","potions_obtained":[{"floor":1.0,"key":"Energy Potion"},{"floor":5.0,"key":"PowerPotion"},{"floor":6.0,"key":"FairyPotion"},{"floor":12.0,"key":"Weak Potion"},{"floor":18.0,"key":"SteroidPotion"},{"floor":21.0,"key":"EssenceOfSteel"},{"floor":24.0,"key":"Dexterity Potion"},{"floor":31.0,"key":"Ancient Potion"},{"floor":45.0,"key":"Energy Potion"},{"floor":47.0,"key":"Fire Potion"}],"is_trial":false,"path_per_floor":["M","M","?","?","M","E","R","?","T","?","M","E","R","E","R","B",null,"M","$","?","M","M","R","M","E","T","M","M","R","E","M","R","B",null,"M","$","?","?","?","R","E","R","T","R","E","M","M","$","R","B","B",null],"character_chosen":"IRONCLAD","items_purchased":["Singing Bowl","Champion Belt","Ancient Potion","PowerPotion","AttackPotion"],"campfire_rested":5,"item_purchase_floors":[19,36,36,48,48],"current_hp_per_floor":[63,67,72,54,53,34,34,34,34,34,20,14,39,33,33,20,69,61,61,61,56,60,60,52,48,48,47,43,43,24,13,43,17,83,83,83,83,80,80,80,46,80,80,113,86,86,82,82,119,69,63],"gold":18,"neow_bonus":"TWENTY_PERCENT_HP_BONUS","is_prod":false,"is_daily":false,"chose_seed":false,"campfire_upgraded":4,"win_rate":0,"timestamp":1548885292,"path_taken":["M","?","?","?","M","E","R","?","T","?","M","E","R","E","R","BOSS","M","$","?","M","?","R","M","E","T","M","M","R","E","M","R","BOSS","M","$","?","?","?","R","E","R","T","R","E","M","?","?","R","BOSS","BOSS"],"build_version":"2019-01-23","purchased_purges":1,"victory":true,"max_hp_per_floor":[89,89,94,94,94,94,94,85,85,85,85,85,85,85,85,85,85,85,85,85,87,87,87,87,99,99,101,101,101,103,103,103,105,105,105,105,105,107,107,107,109,111,111,113,115,115,117,117,119,119,119],"card_choices":[{"not_picked":["Seeing Red","Power Through"],"picked":"Intimidate","floor":1.0},{"not_picked":["Flex","True Grit"],"picked":"Flame Barrier","floor":2.0},{"not_picked":["Sword Boomerang","Dropkick"],"picked":"Cleave","floor":5.0},{"not_picked":["Perfected Strike","Thunderclap"],"picked":"Uppercut","floor":6.0},{"not_picked":["Body Slam","Brutality"],"picked":"Wild Strike","floor":11.0},{"not_picked":["Entrench","Headbutt","Anger"],"picked":"SKIP","floor":12.0},{"not_picked":["Uppercut","Clothesline"],"picked":"Dropkick","floor":14.0},{"not_picked":["Berserk","Limit Break"],"picked":"Demon Form","floor":16.0},{"not_picked":["Rage","Cleave"],"picked":"Shockwave+1","floor":18.0},{"not_picked":["Cleave","Shockwave","Clash"],"picked":"Singing Bowl","floor":21.0},{"not_picked":["Sword Boomerang","Iron Wave"],"picked":"Headbutt+1","floor":22.0},{"not_picked":["Searing Blow","Warcry"],"picked":"Offering","floor":24.0},{"not_picked":["Iron Wave","Sword Boomerang","Twin Strike"],"picked":"Singing Bowl","floor":25.0},{"not_picked":["Wild Strike","Armaments","Heavy Blade"],"picked":"Singing Bowl","floor":27.0},{"not_picked":["Seeing Red","Reckless Charge+1"],"picked":"True Grit+1","floor":28.0},{"not_picked":["Anger","Cleave","Armaments"],"picked":"Singing Bowl","floor":30.0},{"not_picked":["Rupture+1","Inflame"],"picked":"Second Wind","floor":31.0},{"not_picked":["Exhume","Berserk","Juggernaut"],"picked":"Singing Bowl","floor":33.0},{"not_picked":["Carnage","Inflame+1"],"picked":"Power Through+1","floor":35.0},{"not_picked":["Panache","Purity"],"picked":"Dramatic Entrance","floor":38.0},{"not_picked":["Bandage Up","Purity","Forethought"],"picked":"Singing Bowl","floor":38.0},{"not_picked":["Whirlwind+1","Perfected Strike+1","Combust"],"picked":"Singing Bowl","floor":41.0},{"not_picked":["Iron Wave+1","Flex","Wild Strike+1"],"picked":"Singing Bowl","floor":42.0},{"not_picked":["Warcry","Juggernaut","Pommel Strike"],"picked":"Singing Bowl","floor":44.0},{"not_picked":["Hemokinesis+1","Shrug It Off","Fire Breathing+1"],"picked":"Singing Bowl","floor":45.0},{"not_picked":["Pommel Strike","Rage"],"picked":"Dropkick+1","floor":46.0},{"not_picked":["Armaments","Disarm","Headbutt+1"],"picked":"Singing Bowl","floor":47.0},{"not_picked":["Clothesline","Corruption","Burning Pact"],"picked":"Singing Bowl","floor":49.0}],"player_experience":974606,"relics_obtained":[{"floor":6.0,"key":"Orichalcum"},{"floor":9.0,"key":"Red Skull"},{"floor":12.0,"key":"Oddly Smooth Stone"},{"floor":14.0,"key":"Dead Branch"},{"floor":25.0,"key":"Pear"},{"floor":26.0,"key":"Bottled Lightning"},{"floor":30.0,"key":"War Paint"},{"floor":41.0,"key":"Dream Catcher"},{"floor":43.0,"key":"The Courier"},{"floor":45.0,"key":"Gremlin Horn"}],"event_choices":[{"damage_healed":0.0,"max_hp_gain":5.0,"max_hp_loss":0.0,"gold_gain":0.0,"event_name":"Big Fish","player_choice":"Donut","floor":3.0,"gold_loss":0.0,"damage_taken":0.0},{"damage_healed":0.0,"max_hp_gain":0.0,"max_hp_loss":0.0,"gold_gain":0.0,"event_name":"Scrap Ooze","player_choice":"Success","floor":4.0,"gold_loss":0.0,"damage_taken":18.0,"relics_obtained":["Potion Belt"]},{"damage_healed":0.0,"max_hp_gain":0.0,"max_hp_loss":9.0,"gold_gain":0.0,"event_name":"Golden Idol","player_choice":"Lose Max HP","floor":8.0,"gold_loss":0.0,"damage_taken":0.0,"relics_obtained":["Golden Idol"]},{"damage_healed":0.0,"max_hp_gain":0.0,"max_hp_loss":0.0,"gold_gain":0.0,"event_name":"Living Wall","player_choice":"Grow","floor":10.0,"gold_loss":0.0,"damage_taken":0.0,"cards_upgraded":["Bash"]},{"damage_healed":0.0,"max_hp_gain":0.0,"max_hp_loss":0.0,"gold_gain":50.0,"event_name":"Golden Shrine","player_choice":"Pray","floor":20.0,"gold_loss":0.0,"damage_taken":0.0},{"cards_removed":["Defend_R"],"damage_healed":0.0,"max_hp_gain":0.0,"max_hp_loss":0.0,"gold_gain":0.0,"event_name":"Falling","player_choice":"Removed Skill","floor":37.0,"gold_loss":0.0,"damage_taken":0.0},{"damage_healed":0.0,"max_hp_gain":0.0,"max_hp_loss":0.0,"gold_gain":0.0,"event_name":"SensoryStone","player_choice":"Memory 2","floor":38.0,"gold_loss":0.0,"damage_taken":5.0},{"damage_healed":0.0,"max_hp_gain":0.0,"max_hp_loss":0.0,"gold_gain":0.0,"event_name":"Duplicator","player_choice":"Copied","floor":39.0,"gold_loss":0.0,"damage_taken":0.0,"cards_obtained":["Offering"]}],"is_beta":false,"boss_relics":[{"not_picked":["Lizard Tail","Snecko Eye"],"picked":"Empty Cage"},{"not_picked":["Calling Bell","Black Blood"],"picked":"Fusion Hammer"}],"items_purged_floors":[19],"is_endless":false,"potions_floor_spawned":[1,5,6,12,18,21,24,31,45,47],"ascension_level":20}