{"gold_per_floor":[113,263,275,287,23,50,50,84,84,84],"floor_reached":10,"playtime":251,"items_purged":[],"score":144,"play_id":"873d0a06-769b-4c6b-87b0-cde85a6e6216","local_time":"20180929195510","is_ascension_mode":true,"campfire_choices":[{"floor":7.0,"key":"REST"}],"neow_cost":"NONE","seed_source_timestamp":0,"circlet_count":0,"master_deck":["Defend_G","Defend_G","Defend_G","Defend_G","Defend_G","Strike_G","Strike_G","Strike_G","Strike_G","Strike_G","Survivor","Neutralize","AscendersBane","Dagger Spray","Doubt","Blade Dance","Finisher","Masterful Stab","Well Laid Plans"],"special_seed":0,"relics":["Ring of the Snake","NeowsBlessing","Vajra","Potion Belt","The Specimen","Sundial"],"potions_floor_usage":[],"damage_taken":[{"damage":0.0,"enemies":"Small Slimes","floor":1.0,"turns":1.0},{"damage":0.0,"enemies":"2 Louse","floor":3.0,"turns":1.0},{"damage":0.0,"enemies":"Cultist","floor":4.0,"turns":1.0},{"damage":55.0,"enemies":"Lagavulin","floor":6.0,"turns":8.0},{"damage":14.0,"enemies":"3 Sentries","floor":8.0,"turns":6.0},{"damage":37,"enemies":"Gremlin Nob","floor":10,"turns":3}],"seed_played":"4837879882809320007","potions_obtained":[{"floor":3.0,"key":"SneckoOil"},{"floor":6.0,"key":"Swift Potion"}],"is_trial":false,"path_per_floor":["M","?","M","M","$","E","R","E","T"],"character_chosen":"THE_SILENT","items_purchased":["Vajra","Masterful Stab"],"campfire_rested":1,"item_purchase_floors":[5,5],"current_hp_per_floor":[59,59,59,59,59,4,23,9,9,0],"gold":84,"neow_bonus":"THREE_ENEMY_KILL","is_prod":false,"is_daily":false,"chose_seed":false,"campfire_upgraded":0,"win_rate":0,"timestamp":1538243710,"path_taken":["M","?","M","?","$","E","R","E","T","E"],"build_version":"2018-09-27","purchased_purges":0,"victory":false,"max_hp_per_floor":[66,66,66,66,66,66,66,66,66,66],"card_choices":[{"not_picked":["Slice","Caltrops"],"picked":"Dagger Spray","floor":1.0},{"not_picked":["Riddle With Holes","Deadly Poison"],"picked":"Blade Dance","floor":3.0},{"not_picked":["Deadly Poison","Sucker Punch"],"picked":"Finisher","floor":4.0},{"not_picked":["Slice","Dodge and Roll","Reflex"],"picked":"SKIP","floor":6.0},{"not_picked":["Catalyst","Expertise"],"picked":"Well Laid Plans","floor":8.0}],"player_experience":784424,"relics_obtained":[{"floor":6.0,"key":"Potion Belt"},{"floor":8.0,"key":"The Specimen"},{"floor":9.0,"key":"Sundial"}],"event_choices":[{"event_name":"Liars Game","player_choice":"agreed","floor":2.0,"damage_taken":0.0}],"is_beta":false,"boss_relics":[],"items_purged_floors":[],"is_endless":false,"potions_floor_spawned":[3,6],"killed_by":"Gremlin Nob","ascension_level":18}