{"gold_per_floor":[109,259,304,304,322,322,353,353,353,353,68,68,68,85,85,158,158,171,171,171,184,23,23,43,71,98,98,129,144,144,104,104,179,179,198,198,198,211,0,26,26,53,53,53,53,73,83,138,138,138],"floor_reached":50,"playtime":1819,"items_purged":["Bane"],"score":1188,"play_id":"a2740001-11c2-494a-92ea-b0da5b188bcc","local_time":"20181127232542","is_ascension_mode":true,"campfire_choices":[{"data":"Glass Knife","floor":6,"key":"SMITH"},{"data":"Phantasmal Killer","floor":8,"key":"SMITH"},{"data":"Distraction","floor":10,"key":"SMITH"},{"data":"Neutralize","floor":12,"key":"SMITH"},{"data":"Dagger Throw","floor":15,"key":"SMITH"},{"data":"Backflip","floor":23,"key":"SMITH"},{"data":"Cloak And Dagger","floor":27,"key":"SMITH"},{"data":"Dash","floor":32,"key":"SMITH"},{"data":"Deadly Poison","floor":41,"key":"SMITH"},{"floor":44,"key":"DIG"},{"floor":49,"key":"REST"}],"neow_cost":"TEN_PERCENT_HP_LOSS","seed_source_timestamp":1130165126911485,"circlet_count":0,"master_deck":["AscendersBane","Neutralize+1","Glass Knife+1","Distraction+1","Dagger Throw+1","Phantasmal Killer+1","Escape Plan","Unload","Dagger Spray","Dagger Spray","Masterful Stab","Dagger Spray","Terror+1","Escape Plan","PiercingWail","Backflip+1","Endless Agony","Deflect","Backstab","Deflect","Cloak And Dagger+1","Dash+1","Adrenaline","Escape Plan","Deadly Poison+1","Deadly Poison+1","Clumsy","Sucker Punch+1"],"relics":["Ring of the Snake","Snake Skull","Spirit Poop","Pantograph","Mercury Hourglass","Paper Crane","Pandora\u0027s Box","Singing Bowl","Centennial Puzzle","Question Card","Cursed Key","Red Mask","Blue Candle","Shovel","Ninja Scroll","Peace Pipe","Tingsha"],"potions_floor_usage":[7,16,21,25,33,40,42,48,50],"damage_taken":[{"damage":0,"enemies":"2 Louse","floor":1,"turns":3},{"damage":0,"enemies":"Jaw Worm","floor":5,"turns":4},{"damage":40,"enemies":"Lagavulin","floor":7,"turns":8},{"damage":0,"enemies":"Small Slimes","floor":14,"turns":2},{"damage":23,"enemies":"The Guardian","floor":16,"turns":8},{"damage":0,"enemies":"3 Byrds","floor":18,"turns":2},{"damage":0,"enemies":"Shell Parasite","floor":21,"turns":2},{"damage":9,"enemies":"Centurion and Healer","floor":24,"turns":2},{"damage":0,"enemies":"Book of Stabbing","floor":25,"turns":2},{"damage":0,"enemies":"Gremlin Leader","floor":28,"turns":4},{"damage":14,"enemies":"Chosen and Byrds","floor":29,"turns":4},{"damage":18,"enemies":"Automaton","floor":33,"turns":8},{"damage":14,"enemies":"3 Shapes","floor":35,"turns":2},{"damage":0,"enemies":"3 Darklings","floor":38,"turns":5},{"damage":2,"enemies":"Nemesis","floor":40,"turns":5},{"damage":16,"enemies":"Giant Head","floor":42,"turns":6},{"damage":35,"enemies":"Spire Growth","floor":46,"turns":4},{"damage":1,"enemies":"Sphere and 2 Shapes","floor":47,"turns":4},{"damage":17,"enemies":"2 Orb Walkers","floor":48,"turns":3},{"damage":58,"enemies":"Donu and Deca","floor":50,"turns":6}],"seed_played":"2941374485805826843","potions_obtained":[{"floor":1,"key":"LiquidBronze"},{"floor":5,"key":"LiquidBronze"},{"floor":14,"key":"GhostInAJar"},{"floor":18,"key":"Poison Potion"},{"floor":25,"key":"EssenceOfSteel"},{"floor":29,"key":"Energy Potion"},{"floor":35,"key":"Fire Potion"},{"floor":46,"key":"Ancient Potion"},{"floor":47,"key":"EssenceOfSteel"}],"is_trial":false,"path_per_floor":["M","?","T","?","M","R","E","R","T","R","$","R","?","M","R","B",null,"M","?","?","M","$","R","M","E","T","R","E","M","?","$","R","B",null,"M","?","?","M","?","E","R","E","T","R","?","M","M","?","R","B"],"character_chosen":"THE_SILENT","items_purchased":["Paper Crane","Backstab","Dash"],"campfire_rested":1,"item_purchase_floors":[11,22,31],"current_hp_per_floor":[59,59,59,59,59,59,19,19,19,19,19,19,1,1,1,3,46,46,58,58,58,58,58,49,49,49,49,51,39,22,22,22,29,59,45,45,45,47,47,45,45,29,29,29,56,23,22,7,25,0],"gold":138,"neow_bonus":"THREE_RARE_CARDS","is_prod":false,"is_daily":false,"chose_seed":false,"campfire_upgraded":9,"win_rate":0,"timestamp":1543357542,"path_taken":["M","?","?","?","?","R","E","R","T","R","$","R","?","M","R","BOSS","M","?","?","?","?","R","M","E","T","R","E","M","?","$","R","BOSS","M","?","?","M","?","E","R","E","T","R","?","M","?","?","R","BOSS"],"build_version":"2018-11-15","purchased_purges":1,"victory":false,"max_hp_per_floor":[60,60,60,60,60,60,60,60,60,60,60,60,60,60,60,60,60,60,60,60,60,60,60,60,60,60,60,62,64,69,69,69,69,69,69,66,66,68,68,68,68,68,68,68,56,58,58,60,60,60],"card_choices":[{"not_picked":["Storm of Steel","Die Die Die"],"picked":"Glass Knife","floor":0},{"not_picked":["Heel Hook","Accuracy"],"picked":"Distraction","floor":1},{"not_picked":["Deadly Poison","Calculated Gamble"],"picked":"Dagger Throw","floor":5},{"not_picked":["Dagger Throw","Eviscerate"],"picked":"Phantasmal Killer","floor":7},{"not_picked":["Dagger Throw","PiercingWail"],"picked":"Escape Plan","floor":14},{"not_picked":["Envenom","Doppelganger"],"picked":"Unload","floor":16},{"not_picked":["Acrobatics","Poisoned Stab","Caltrops"],"picked":"SKIP","floor":18},{"not_picked":["Predator","Bane"],"picked":"Deflect","floor":21},{"not_picked":["Sucker Punch","Crippling Poison"],"picked":"Deflect","floor":24},{"not_picked":["Slice","Quick Slash"],"picked":"Cloak And Dagger","floor":25},{"not_picked":["Predator","Slice","Dagger Spray"],"picked":"Singing Bowl","floor":28},{"not_picked":["Reflex","Setup","Catalyst","Bane"],"picked":"Singing Bowl","floor":29},{"not_picked":["After Image","Malaise","Storm of Steel"],"picked":"Adrenaline","floor":33},{"not_picked":["Predator","Setup+1","Acrobatics"],"picked":"Escape Plan","floor":35},{"not_picked":["Acrobatics","Slice","Poisoned Stab","Caltrops"],"picked":"Singing Bowl","floor":38},{"not_picked":["Crippling Poison","Outmaneuver","Caltrops+1"],"picked":"Deadly Poison","floor":40},{"not_picked":["PiercingWail+1","Predator","Cloak And Dagger"],"picked":"Deadly Poison+1","floor":42},{"not_picked":["Dodge and Roll","Cloak And Dagger","Underhanded Strike","Acrobatics+1"],"picked":"Singing Bowl","floor":46},{"not_picked":["Bouncing Flask","Predator","Dagger Throw"],"picked":"Sucker Punch+1","floor":47},{"not_picked":["Flechettes+1","Tactician","Outmaneuver","Dagger Throw"],"picked":"Singing Bowl","floor":48}],"player_experience":881002,"relics_obtained":[{"floor":3,"key":"Snake Skull"},{"floor":7,"key":"Pantograph"},{"floor":9,"key":"Mercury Hourglass"},{"floor":25,"key":"Singing Bowl"},{"floor":26,"key":"Centennial Puzzle"},{"floor":28,"key":"Question Card"},{"floor":40,"key":"Blue Candle"},{"floor":42,"key":"Shovel"},{"floor":43,"key":"Ninja Scroll"},{"floor":44,"key":"Peace Pipe"},{"floor":48,"key":"Tingsha"}],"event_choices":[{"damage_healed":0,"gold_gain":150,"player_choice":"AGREE","damage_taken":0,"max_hp_gain":0,"max_hp_loss":0,"event_name":"Liars Game","floor":2,"gold_loss":0,"cards_obtained":["Doubt"]},{"cards_removed":["Doubt"],"damage_healed":0,"gold_gain":0,"player_choice":"Offered Curse","damage_taken":0,"relics_obtained":["Spirit Poop"],"max_hp_gain":0,"max_hp_loss":0,"event_name":"Bonfire Elementals","floor":4,"gold_loss":0},{"damage_healed":0,"gold_gain":0,"player_choice":"Entered Light","damage_taken":18,"max_hp_gain":0,"max_hp_loss":0,"event_name":"Shining Light","floor":13,"gold_loss":0,"cards_upgraded":["Survivor","Defend_G"]},{"damage_healed":12,"gold_gain":0,"player_choice":"Heal","damage_taken":0,"max_hp_gain":0,"max_hp_loss":0,"event_name":"The Library","floor":19,"gold_loss":0},{"damage_healed":0,"gold_gain":0,"player_choice":"Upgraded","damage_taken":0,"max_hp_gain":0,"max_hp_loss":0,"event_name":"Upgrade Shrine","floor":20,"gold_loss":0,"cards_upgraded":["Terror"]},{"damage_healed":0,"gold_gain":0,"player_choice":"Shed Blood","damage_taken":22,"max_hp_gain":5,"max_hp_loss":0,"event_name":"Forgotten Altar","floor":30,"gold_loss":0},{"damage_healed":0,"gold_gain":0,"player_choice":"Max HP","damage_taken":0,"max_hp_gain":0,"max_hp_loss":3,"event_name":"Winding Halls","floor":36,"gold_loss":0},{"cards_removed":["Survivor"],"damage_healed":0,"gold_gain":0,"player_choice":"Removed Skill","damage_taken":0,"max_hp_gain":0,"max_hp_loss":0,"event_name":"Falling","floor":37,"gold_loss":0},{"damage_healed":0,"gold_gain":0,"player_choice":"Paid","damage_taken":0,"relics_obtained":["Red Mask"],"max_hp_gain":0,"max_hp_loss":0,"event_name":"Tomb of Lord Red Mask","floor":39,"gold_loss":211},{"damage_healed":56,"gold_gain":0,"player_choice":"Heal","damage_taken":0,"max_hp_gain":0,"max_hp_loss":12,"event_name":"The Moai Head","floor":45,"gold_loss":0},{"damage_healed":0,"gold_gain":0,"player_choice":"Fight","damage_taken":0,"max_hp_gain":0,"max_hp_loss":0,"event_name":"Mysterious Sphere","floor":48,"gold_loss":0}],"is_beta":false,"boss_relics":[{"not_picked":["Calling Bell","Fusion Hammer"],"picked":"Pandora\u0027s Box"},{"not_picked":["Sozu","Astrolabe"],"picked":"Cursed Key"}],"items_purged_floors":[22],"is_endless":false,"potions_floor_spawned":[1,5,14,18,25,29,35,46,47],"killed_by":"Donu and Deca","ascension_level":20}