{"gold_per_floor":[110,110,185,196,69,69,98,115,115,147,159,159,171,191,191,191],"floor_reached":16,"playtime":1246,"items_purged":["Regret"],"score":171,"play_id":"a52080d4-4fda-42de-90d2-4036967e9c70","local_time":"20190123214202","is_ascension_mode":true,"campfire_choices":[{"data":"Neutralize","floor":6,"key":"SMITH"},{"floor":12,"key":"REST"},{"floor":15,"key":"REST"}],"neow_cost":"NONE","seed_source_timestamp":109442066235750,"circlet_count":0,"master_deck":["Defend_G","Defend_G","Defend_G","Defend_G","Defend_G","Strike_G","Strike_G","Strike_G","Strike_G","Strike_G","Survivor","Neutralize+1","Poisoned Stab","Bane","Quick Slash","Sucker Punch"],"relics":["Ring of the Snake","NeowsBlessing","Blue Candle","Paper Crane","Matryoshka","Bottled Flame"],"potions_floor_usage":[10,14,16,16],"damage_taken":[{"damage":0,"enemies":"Small Slimes","floor":1,"turns":1},{"damage":0,"enemies":"Jaw Worm","floor":4,"turns":1},{"damage":0,"enemies":"3 Sentries","floor":7,"turns":1},{"damage":11,"enemies":"2 Louse","floor":8,"turns":2},{"damage":39,"enemies":"Lagavulin","floor":10,"turns":7},{"damage":3,"enemies":"Red Slaver","floor":11,"turns":3},{"damage":2,"enemies":"2 Fungi Beasts","floor":13,"turns":3},{"damage":10,"enemies":"Large Slime","floor":14,"turns":5},{"damage":37,"enemies":"Hexaghost","floor":16,"turns":14}],"seed_played":"3589381092331689321","potions_obtained":[{"floor":8,"key":"Energy Potion"},{"floor":10,"key":"Poison Potion"},{"floor":11,"key":"Weak Potion"},{"floor":14,"key":"GamblersBrew"}],"is_trial":false,"path_per_floor":["M","?","?","M","$","R","E","M","T","E","M","R","M","M","R","B"],"character_chosen":"THE_SILENT","items_purchased":["Bane"],"campfire_rested":2,"item_purchase_floors":[5],"current_hp_per_floor":[70,70,59,59,59,59,59,48,48,9,6,27,25,15,36,0],"gold":191,"neow_bonus":"THREE_ENEMY_KILL","is_prod":false,"is_daily":false,"chose_seed":false,"campfire_upgraded":1,"win_rate":0,"timestamp":1548297722,"path_taken":["M","?","?","M","$","R","E","?","T","E","M","R","M","M","R","BOSS"],"build_version":"2019-01-23","purchased_purges":1,"victory":false,"max_hp_per_floor":[70,70,70,70,70,70,70,70,70,70,70,70,70,70,70,70],"card_choices":[{"not_picked":["Outmaneuver","Dagger Throw"],"picked":"Poisoned Stab","floor":1},{"not_picked":["Blur","Dodge and Roll","Dash"],"picked":"SKIP","floor":4},{"not_picked":["Underhanded Strike","Malaise","Blur"],"picked":"SKIP","floor":7},{"not_picked":["Deflect","Cloak And Dagger","Underhanded Strike"],"picked":"SKIP","floor":8},{"not_picked":["Concentrate","Finisher"],"picked":"Quick Slash","floor":10},{"not_picked":["Dagger Throw","Outmaneuver","Leg Sweep"],"picked":"SKIP","floor":11},{"not_picked":["Sucker Punch","Flying Knee","Dagger Spray"],"picked":"SKIP","floor":13},{"not_picked":["Dodge and Roll","Dagger Spray"],"picked":"Sucker Punch","floor":14}],"player_experience":277883,"relics_obtained":[{"floor":7,"key":"Paper Crane"},{"floor":9,"key":"Matryoshka"},{"floor":10,"key":"Bottled Flame"}],"event_choices":[{"damage_healed":0,"gold_gain":0,"player_choice":"Box","damage_taken":0,"relics_obtained":["Blue Candle"],"max_hp_gain":0,"max_hp_loss":0,"event_name":"Big Fish","floor":2,"gold_loss":0,"cards_obtained":["Regret"]},{"damage_healed":0,"gold_gain":75,"player_choice":"Gather Gold","damage_taken":11,"max_hp_gain":0,"max_hp_loss":0,"event_name":"World of Goop","floor":3,"gold_loss":0}],"is_beta":false,"boss_relics":[],"items_purged_floors":[5],"is_endless":false,"potions_floor_spawned":[8,10,11,14],"killed_by":"Hexaghost","ascension_level":5}