{"gold_per_floor":[109,120,120,135,152,152,55,120,172,172,172,172,54,70,70,175,175,175,175,175,32,32,32,32,32,32,32,32,32,32,32,32,32,32,32,32,32,32,32,32,32,32,32,32,32,32,32,32,32,32],"floor_reached":50,"playtime":1188,"items_purged":["Strike_R"],"score":477,"play_id":"e4cc4b21-7979-4d3d-83b4-1839240cc557","local_time":"20190310014201","is_ascension_mode":false,"campfire_choices":[{"data":"Armaments","floor":6.0,"key":"SMITH"},{"data":"Armaments","floor":12.0,"key":"SMITH"},{"data":"Uppercut","floor":15.0,"key":"SMITH"},{"data":"Limit Break","floor":23.0,"key":"SMITH"},{"data":"Bludgeon","floor":25.0,"key":"SMITH"},{"data":"Flex","floor":27.0,"key":"SMITH"},{"floor":32.0,"key":"REST"},{"data":"Heavy Blade","floor":40.0,"key":"SMITH"},{"data":"Uppercut","floor":44.0,"key":"SMITH"},{"floor":49,"key":"REST"}],"neow_cost":"NONE","seed_source_timestamp":17961046233387,"circlet_count":0,"master_deck":["Strike_R","Strike_R","Strike_R","Defend_R","Defend_R","Defend_R","Defend_R","Bash","Twin Strike","Reckless Charge","Armaments+1","Armaments+1","Headbutt","Bludgeon+1","Flex+1","Uppercut+1","Heavy Blade+1","Limit Break+1","Disarm+1","Iron Wave+1","Disarm+1","Havoc+1","Uppercut+1","Offering","Parasite","Parasite","Doubt","Infernal Blade","Normality","Strike_B","The Bomb","Shrug It Off+1"],"special_seed":0,"relics":["Burning Blood","NeowsBlessing","Art of War","Bronze Scales","Ectoplasm","Enchiridion","Bag of Marbles","Blue Candle","Pen Nib","Calling Bell","Juzu Bracelet","Pantograph","FossilizedHelix","Question Card"],"potions_floor_usage":[47,50,50],"damage_taken":[{"damage":0.0,"enemies":"Cultist","floor":1.0,"turns":1.0},{"damage":0.0,"enemies":"Small Slimes","floor":2.0,"turns":1.0},{"damage":0.0,"enemies":"2 Louse","floor":4.0,"turns":1.0},{"damage":0.0,"enemies":"Large Slime","floor":5.0,"turns":4.0},{"damage":13.0,"enemies":"Lagavulin Event","floor":8.0,"turns":6.0},{"damage":0.0,"enemies":"Exordium Thugs","floor":10.0,"turns":1.0},{"damage":0.0,"enemies":"3 Louse","floor":14.0,"turns":2.0},{"damage":50.0,"enemies":"The Guardian","floor":16.0,"turns":10.0},{"damage":10.0,"enemies":"Spheric Guardian","floor":18.0,"turns":3.0},{"damage":0.0,"enemies":"Chosen","floor":20.0,"turns":3.0},{"damage":4.0,"enemies":"Snake Plant","floor":22.0,"turns":2.0},{"damage":3.0,"enemies":"Snecko","floor":24.0,"turns":3.0},{"damage":13.0,"enemies":"Cultist and Chosen","floor":28.0,"turns":6.0},{"damage":27.0,"enemies":"Slavers","floor":29.0,"turns":4.0},{"damage":14.0,"enemies":"3 Cultists","floor":31.0,"turns":4.0},{"damage":55.0,"enemies":"Champ","floor":33.0,"turns":11.0},{"damage":12.0,"enemies":"Orb Walker","floor":35.0,"turns":2.0},{"damage":14.0,"enemies":"3 Shapes","floor":41.0,"turns":4.0},{"damage":40.0,"enemies":"Writhing Mass","floor":46.0,"turns":5.0},{"damage":8,"enemies":"Maw","floor":47,"turns":7},{"damage":92,"enemies":"Time Eater","floor":50,"turns":12}],"seed_played":"-502700428098137801","potions_obtained":[{"floor":2.0,"key":"EssenceOfSteel"},{"floor":4.0,"key":"SmokeBomb"},{"floor":5.0,"key":"SkillPotion"},{"floor":16.0,"key":"Swift Potion"},{"floor":18.0,"key":"Energy Potion"},{"floor":20.0,"key":"BloodPotion"},{"floor":22.0,"key":"EssenceOfSteel"},{"floor":31.0,"key":"FearPotion"},{"floor":33.0,"key":"LiquidBronze"},{"floor":35.0,"key":"SkillPotion"},{"floor":39.0,"key":"Fruit Juice"},{"floor":39.0,"key":"GamblersBrew"},{"floor":47,"key":"SpeedPotion"}],"is_trial":false,"path_per_floor":["M","M","?","M","M","R","$","?","T","M","?","R","$","M","R","B",null,"M","?","M","$","M","R","M","R","T","R","M","E","?","M","R","B",null,"M","?","?","?","?","R","M","$","T","R","?","M","M","$","R","B"],"character_chosen":"IRONCLAD","items_purchased":["Headbutt","Flex","Uppercut","Bag of Marbles"],"campfire_rested":2,"item_purchase_floors":[7,13,13,21],"current_hp_per_floor":[80,80,80,80,80,80,80,73,73,79,84,84,84,85,85,41,85,81,65,71,71,73,73,76,76,76,76,77,56,56,48,73,24,85,79,79,79,79,84,84,76,76,76,76,76,42,40,40,65,0],"gold":32,"neow_bonus":"THREE_ENEMY_KILL","is_prod":false,"is_daily":false,"chose_seed":false,"campfire_upgraded":8,"win_rate":0,"timestamp":1552203721,"path_taken":["M","?","?","?","M","R","$","?","T","M","?","R","$","M","R","BOSS","M","?","M","$","M","R","M","R","T","R","M","E","?","M","R","BOSS","M","?","?","?","?","R","M","$","T","R","?","M","M","$","R","BOSS"],"build_version":"2019-01-23","purchased_purges":1,"victory":false,"max_hp_per_floor":[80,80,80,80,80,80,80,80,80,80,85,85,85,85,85,85,85,85,85,85,85,85,85,85,85,85,85,85,85,85,85,85,85,85,85,85,85,81,86,86,86,86,86,86,86,86,86,86,86,86],"card_choices":[{"not_picked":["Perfected Strike","Sword Boomerang"],"picked":"Twin Strike","floor":1.0},{"not_picked":["Anger","Rage"],"picked":"Reckless Charge","floor":2.0},{"not_picked":["Fire Breathing","Corruption"],"picked":"Armaments","floor":4.0},{"not_picked":["Havoc","Clash"],"picked":"Armaments","floor":5.0},{"not_picked":["Battle Trance","Bloodletting"],"picked":"Bludgeon","floor":8.0},{"not_picked":["Iron Wave","Infernal Blade"],"picked":"Heavy Blade","floor":14.0},{"not_picked":["Impervious","Feed"],"picked":"Limit Break","floor":16.0},{"not_picked":["Wild Strike","Headbutt+1"],"picked":"Disarm","floor":18.0},{"not_picked":["Thunderclap+1","Heavy Blade","Havoc"],"picked":"SKIP","floor":20.0},{"not_picked":["Reckless Charge+1","Entrench"],"picked":"Iron Wave+1","floor":22.0},{"not_picked":["Clash","Armaments"],"picked":"Disarm+1","floor":24.0},{"not_picked":["Rampage","Combust"],"picked":"Havoc+1","floor":28.0},{"not_picked":["Cleave","Warcry+1","Havoc"],"picked":"SKIP","floor":29.0},{"not_picked":["Berserk","Headbutt"],"picked":"Uppercut","floor":31.0},{"not_picked":["Brutality","Impervious"],"picked":"Offering","floor":33.0},{"not_picked":["Carnage","Hemokinesis"],"picked":"Infernal Blade","floor":35.0},{"not_picked":["Fire Breathing+1","Pommel Strike","Clash"],"picked":"SKIP","floor":41.0},{"not_picked":["Trip","Purity","Discovery"],"picked":"The Bomb","floor":45.0},{"not_picked":["Cleave","Twin Strike+1","Dual Wield"],"picked":"Shrug It Off+1","floor":46.0},{"not_picked":["Cleave","Hemokinesis","Headbutt","Evolve+1"],"picked":"SKIP","floor":47}],"player_experience":1013370,"relics_obtained":[{"floor":8.0,"key":"Art of War"},{"floor":9.0,"key":"Bronze Scales"},{"floor":19.0,"key":"Enchiridion"},{"floor":26.0,"key":"Blue Candle"},{"floor":29.0,"key":"Pen Nib"},{"floor":34.0,"key":"Juzu Bracelet"},{"floor":34.0,"key":"Pantograph"},{"floor":34.0,"key":"FossilizedHelix"},{"floor":43.0,"key":"Question Card"}],"event_choices":[{"cards_removed":["Strike_R"],"damage_healed":0.0,"max_hp_gain":0.0,"max_hp_loss":0.0,"gold_gain":0.0,"event_name":"Bonfire Elementals","player_choice":"Offered Basic","floor":3.0,"gold_loss":0.0,"damage_taken":0.0},{"damage_healed":0.0,"max_hp_gain":0.0,"max_hp_loss":0.0,"gold_gain":30.0,"event_name":"Dead Adventurer","player_choice":"Searched \u00272\u0027 times","floor":8.0,"gold_loss":0.0,"damage_taken":0.0},{"damage_healed":0.0,"max_hp_gain":5.0,"max_hp_loss":0.0,"gold_gain":0.0,"event_name":"Big Fish","player_choice":"Donut","floor":11.0,"gold_loss":0.0,"damage_taken":0.0},{"damage_healed":0.0,"max_hp_gain":0.0,"max_hp_loss":0.0,"gold_gain":0.0,"event_name":"Cursed Tome","player_choice":"Obtained Book","floor":19.0,"gold_loss":0.0,"damage_taken":16.0},{"damage_healed":0.0,"max_hp_gain":0.0,"max_hp_loss":0.0,"gold_gain":0.0,"event_name":"Upgrade Shrine","player_choice":"Upgraded","floor":30.0,"gold_loss":0.0,"damage_taken":0.0,"cards_upgraded":["Disarm"]},{"damage_healed":0.0,"max_hp_gain":0.0,"max_hp_loss":0.0,"gold_gain":999.0,"event_name":"MindBloom","player_choice":"Gold","floor":36.0,"gold_loss":0.0,"damage_taken":0.0,"cards_obtained":["Normality","Normality"]},{"cards_removed":["Normality"],"damage_healed":0.0,"max_hp_gain":0.0,"max_hp_loss":0.0,"gold_gain":0.0,"event_name":"NoteForYourself","player_choice":"Took Card","floor":37.0,"gold_loss":0.0,"damage_taken":0.0,"cards_obtained":["Strike_B"]},{"damage_healed":0.0,"max_hp_gain":0.0,"max_hp_loss":4.0,"gold_gain":0.0,"event_name":"Winding Halls","player_choice":"Max HP","floor":38.0,"gold_loss":0.0,"damage_taken":0.0},{"damage_healed":0.0,"max_hp_gain":0.0,"max_hp_loss":0.0,"gold_gain":0.0,"event_name":"Lab","player_choice":"Got Potions","floor":39.0,"gold_loss":0.0,"damage_taken":0.0},{"damage_healed":0.0,"max_hp_gain":0.0,"max_hp_loss":0.0,"gold_gain":0.0,"event_name":"SensoryStone","player_choice":"Memory 1","floor":45.0,"gold_loss":0.0,"damage_taken":0.0}],"is_beta":false,"boss_relics":[{"not_picked":["Velvet Choker","Orrery"],"picked":"Ectoplasm"},{"not_picked":["Tiny House","White Beast Statue"],"picked":"Calling Bell"}],"items_purged_floors":[7],"is_endless":false,"potions_floor_spawned":[2,4,5,10,16,18,20,22,31,33,35,41,47],"killed_by":"Time Eater","ascension_level":0}