{"gold_per_floor":[111,131,146,221,321,321,354,354],"floor_reached":8,"playtime":427,"items_purged":[],"score":64,"play_id":"2ff52c95-b9e7-453f-a95d-990e6721f779","local_time":"20190302144923","is_ascension_mode":true,"campfire_choices":[{"data":"Bash","floor":6.0,"key":"SMITH"}],"neow_cost":"NONE","seed_source_timestamp":0,"circlet_count":0,"master_deck":["Strike_R","Strike_R","Strike_R","Strike_R","Strike_R","Defend_R","Defend_R","Defend_R","Defend_R","Bash+1"],"special_seed":0,"relics":["Burning Blood","Pear"],"potions_floor_usage":[8],"damage_taken":[{"damage":6.0,"enemies":"Cultist","floor":1.0,"turns":3.0},{"damage":6.0,"enemies":"Small Slimes","floor":2.0,"turns":4.0},{"damage":6.0,"enemies":"2 Louse","floor":3.0,"turns":3.0},{"damage":66.0,"enemies":"Lagavulin","floor":7.0,"turns":8.0},{"damage":24,"enemies":"Lots of Slimes","floor":8,"turns":3}],"seed_played":"4743342838113716298","potions_obtained":[{"floor":0.0,"key":"EssenceOfSteel"},{"floor":0.0,"key":"Dexterity Potion"},{"floor":0.0,"key":"LiquidBronze"}],"is_trial":false,"path_per_floor":["M","M","M","?","?","R","E","M"],"character_chosen":"IRONCLAD","items_purchased":[],"campfire_rested":0,"item_purchase_floors":[],"current_hp_per_floor":[80,80,80,69,69,69,19,0],"gold":354,"neow_bonus":"THREE_SMALL_POTIONS","is_prod":false,"is_daily":false,"chose_seed":false,"campfire_upgraded":1,"win_rate":0,"timestamp":1551498563,"path_taken":["M","M","?","?","?","R","E","?"],"build_version":"2019-01-23","purchased_purges":0,"victory":false,"max_hp_per_floor":[80,80,80,80,80,80,90,90],"card_choices":[{"not_picked":["Twin Strike","Headbutt","Burning Pact"],"picked":"SKIP","floor":1.0},{"not_picked":["Shrug It Off","Clash","Fire Breathing"],"picked":"SKIP","floor":2.0},{"not_picked":["Burning Pact","Iron Wave","Warcry"],"picked":"SKIP","floor":3.0},{"not_picked":["Second Wind","Whirlwind","Searing Blow"],"picked":"SKIP","floor":7.0}],"player_experience":208283,"relics_obtained":[{"floor":7.0,"key":"Pear"}],"event_choices":[{"damage_healed":0.0,"max_hp_gain":0.0,"max_hp_loss":0.0,"gold_gain":75.0,"event_name":"World of Goop","player_choice":"Gather Gold","floor":4.0,"gold_loss":0.0,"damage_taken":11.0},{"damage_healed":0.0,"max_hp_gain":0.0,"max_hp_loss":0.0,"gold_gain":100.0,"event_name":"Wheel of Change","player_choice":"Gold","floor":5.0,"gold_loss":0.0,"damage_taken":0.0}],"is_beta":false,"boss_relics":[],"items_purged_floors":[],"is_endless":false,"potions_floor_spawned":[7],"killed_by":"Lots of Slimes","ascension_level":3}