{"gold_per_floor":[113,113,125,125,136,136,164,184,184,184,201,214,214,248,248,353,353,370,469,469,483,498,498,527,527,608,608,643,658,658,658,658,754,754,771,825,843,36,51,51,78,300,323,323,4,23,23,58,58,58],"floor_reached":51,"playtime":5018,"items_purged":["Accuracy+1"],"score":767,"play_id":"5ed98565-2f01-475b-97df-3438377539c3","local_time":"20190318035318","is_ascension_mode":true,"campfire_choices":[{"data":"Blind","floor":6.0,"key":"SMITH"},{"data":"All Out Attack","floor":10.0,"key":"SMITH"},{"data":"Backflip","floor":13.0,"key":"SMITH"},{"data":"Riddle With Holes","floor":15.0,"key":"SMITH"},{"data":"Venomology","floor":23.0,"key":"SMITH"},{"floor":25.0,"key":"REST"},{"data":"Corpse Explosion","floor":27.0,"key":"SMITH"},{"floor":30.0,"key":"REST"},{"data":"Sucker Punch","floor":32.0,"key":"SMITH"},{"floor":40,"key":"REST"},{"floor":44,"key":"REST"},{"floor":49,"key":"REST"}],"neow_cost":"NONE","seed_source_timestamp":2726141043921133,"circlet_count":0,"master_deck":["Defend_G","Defend_G","Defend_G","Defend_G","Defend_G","Strike_G","Strike_G","Survivor","Neutralize","Blind+1","Flying Knee","Sucker Punch+1","All Out Attack+1","Riddle With Holes+1","Well Laid Plans","Backflip+1","Venomology+1","Corpse Explosion+1","Unload+1","Underhanded Strike+1","Prepared+1","Decay","Distraction+1","Backflip+1","Phantasmal Killer+1","Backflip+1","Secret Weapon+1","Noxious Fumes","Secret Technique+1","Leg Sweep+1","Madness+1","Madness+1"],"special_seed":0,"relics":["Ring of the Snake","Oddly Smooth Stone","Spirit Poop","Torii","Singing Bowl","Sundial","Astrolabe","Toxic Egg 2","Molten Egg 2","Red Mask","Philosopher\u0027s Stone","WingedGreaves","Paper Crane","Ginger","Vajra","Ancient Tea Set","Snake Skull","Happy Flower"],"potions_floor_usage":[36,37,39,41,41,46,48,50,50,50],"damage_taken":[{"damage":0.0,"enemies":"Jaw Worm","floor":1.0,"turns":7.0},{"damage":4.0,"enemies":"Cultist","floor":3.0,"turns":4.0},{"damage":0.0,"enemies":"Small Slimes","floor":5.0,"turns":3.0},{"damage":11.0,"enemies":"Lagavulin","floor":7.0,"turns":8.0},{"damage":0.0,"enemies":"Exordium Wildlife","floor":8.0,"turns":2.0},{"damage":0.0,"enemies":"Blue Slaver","floor":11.0,"turns":3.0},{"damage":1.0,"enemies":"Large Slime","floor":12.0,"turns":6.0},{"damage":2.0,"enemies":"Gremlin Nob","floor":14.0,"turns":4.0},{"damage":17.0,"enemies":"Slime Boss","floor":16.0,"turns":10.0},{"damage":0.0,"enemies":"3 Byrds","floor":18.0,"turns":4.0},{"damage":1.0,"enemies":"2 Thieves","floor":21.0,"turns":2.0},{"damage":1.0,"enemies":"Snecko","floor":22.0,"turns":4.0},{"damage":37.0,"enemies":"Slavers","floor":24.0,"turns":6.0},{"damage":0.0,"enemies":"Masked Bandits","floor":28.0,"turns":2.0},{"damage":5.0,"enemies":"Snake Plant","floor":29.0,"turns":5.0},{"damage":59.0,"enemies":"Automaton","floor":33.0,"turns":13.0},{"damage":6.0,"enemies":"3 Shapes","floor":35.0,"turns":4.0},{"damage":22,"enemies":"2 Orb Walkers","floor":36,"turns":4},{"damage":1,"enemies":"Orb Walker","floor":37,"turns":3},{"damage":19,"enemies":"Writhing Mass","floor":39,"turns":6},{"damage":9,"enemies":"Reptomancer","floor":41,"turns":6},{"damage":1,"enemies":"3 Darklings","floor":46,"turns":3},{"damage":2,"enemies":"Nemesis","floor":48,"turns":7},{"damage":35,"enemies":"Donu and Deca","floor":50,"turns":7}],"seed_played":"-5031531990134187337","potions_obtained":[{"floor":1.0,"key":"Swift Potion"},{"floor":11.0,"key":"SteroidPotion"},{"floor":14.0,"key":"SteroidPotion"},{"floor":16.0,"key":"FearPotion"},{"floor":18.0,"key":"AttackPotion"},{"floor":22.0,"key":"PowerPotion"},{"floor":35.0,"key":"SpeedPotion"},{"floor":46,"key":"Dexterity Potion"},{"floor":48,"key":"FearPotion"}],"is_trial":false,"path_per_floor":["M","?","M","?","M","R","E","M","T","R","M","M","R","E","R","B",null,"M","?","?","M","M","R","E","R","T","R","?","M","R","?","R","B",null,"M","?","M","$","M","R","E","?","T","R","$","M","?","E","R","B",null],"character_chosen":"THE_SILENT","items_purchased":["Paper Crane","Ginger","Secret Weapon+1","Snake Skull","Secret Technique+1"],"campfire_rested":5,"item_purchase_floors":[38,38,38,45,45],"current_hp_per_floor":[70,70,66,66,66,66,55,55,55,55,55,54,54,52,52,35,70,70,70,70,71,72,72,35,57,57,57,57,54,76,76,76,17,76,72,50,51,51,34,58,49,49,49,73,73,72,62,62,84,49],"gold":58,"neow_bonus":"RANDOM_COLORLESS","is_prod":false,"is_daily":false,"chose_seed":false,"campfire_upgraded":7,"win_rate":0,"timestamp":1552881198,"path_taken":["M","?","M","?","M","R","E","M","T","R","M","?","R","E","R","BOSS","M","?","?","M","M","R","E","R","T","R","?","?","R","?","R","BOSS","M","?","M","$","M","R","E","?","T","R","$","M","?","E","R","BOSS"],"build_version":"2019-01-23","purchased_purges":1,"victory":true,"max_hp_per_floor":[70,70,70,70,70,70,70,70,70,70,70,70,70,70,70,70,70,70,70,70,72,74,74,74,74,74,74,74,76,76,76,76,76,76,78,78,80,80,82,82,82,82,82,82,82,82,82,84,84,84],"card_choices":[{"not_picked":["Calculated Gamble","Underhanded Strike"],"picked":"Flying Knee","floor":1.0},{"not_picked":["Flechettes","Blade Dance"],"picked":"Sucker Punch","floor":3.0},{"not_picked":["Bane","Endless Agony"],"picked":"All Out Attack","floor":5.0},{"not_picked":["Skewer","Quick Slash","Night Terror"],"picked":"SKIP","floor":7.0},{"not_picked":["Poisoned Stab","PiercingWail"],"picked":"Riddle With Holes","floor":8.0},{"not_picked":["Prepared","Sucker Punch"],"picked":"Well Laid Plans","floor":11.0},{"not_picked":["Concentrate","Flying Knee"],"picked":"Backflip","floor":12.0},{"not_picked":["Choke","Expertise"],"picked":"Venomology","floor":14.0},{"not_picked":["Grand Finale","After Image"],"picked":"Corpse Explosion","floor":16.0},{"not_picked":["Dagger Spray","Bouncing Flask"],"picked":"Prepared+1","floor":18.0},{"not_picked":["Bane","Acrobatics","Backflip"],"picked":"Singing Bowl","floor":21.0},{"not_picked":["Setup+1","Outmaneuver","Bouncing Flask"],"picked":"Singing Bowl","floor":22.0},{"not_picked":["Flechettes","Underhanded Strike"],"picked":"Distraction","floor":24.0},{"not_picked":["Bouncing Flask+1","Poisoned Stab+1"],"picked":"Backflip+1","floor":28.0},{"not_picked":["Flying Knee+1","Grand Finale+1","Quick Slash+1"],"picked":"Singing Bowl","floor":29.0},{"not_picked":["Storm of Steel+1","Unload+1"],"picked":"Phantasmal Killer+1","floor":33.0},{"not_picked":["Bouncing Flask+1","Accuracy","Prepared+1"],"picked":"Singing Bowl","floor":35.0},{"not_picked":["Deadly Poison+1","Prepared+1"],"picked":"Backflip+1","floor":36},{"not_picked":["Reflex+1","Backflip+1","Blade Dance+1"],"picked":"Singing Bowl","floor":37},{"not_picked":["Acrobatics+1","Footwork+1","Outmaneuver+1"],"picked":"Singing Bowl","floor":39},{"not_picked":["Bane+1","Flechettes+1"],"picked":"Noxious Fumes","floor":41},{"not_picked":["Cloak And Dagger+1","Backflip+1"],"picked":"Leg Sweep+1","floor":46},{"not_picked":["Endless Agony+1","Night Terror+1","Deadly Poison+1"],"picked":"Singing Bowl","floor":48}],"player_experience":192352,"relics_obtained":[{"floor":7.0,"key":"Torii"},{"floor":9.0,"key":"Singing Bowl"},{"floor":14.0,"key":"Sundial"},{"floor":24.0,"key":"Toxic Egg 2"},{"floor":26.0,"key":"Molten Egg 2"},{"floor":28.0,"key":"Red Mask"},{"floor":36,"key":"WingedGreaves"},{"floor":41,"key":"Vajra"},{"floor":43,"key":"Ancient Tea Set"},{"floor":48,"key":"Happy Flower"}],"event_choices":[{"damage_healed":0.0,"max_hp_gain":0.0,"max_hp_loss":0.0,"gold_gain":0.0,"event_name":"Big Fish","player_choice":"Box","floor":2.0,"gold_loss":0.0,"damage_taken":0.0,"relics_obtained":["Oddly Smooth Stone"],"cards_obtained":["Regret"]},{"cards_removed":["Regret"],"damage_healed":0.0,"max_hp_gain":0.0,"max_hp_loss":0.0,"gold_gain":0.0,"event_name":"Bonfire Elementals","player_choice":"Offered Curse","floor":4.0,"gold_loss":0.0,"damage_taken":0.0,"relics_obtained":["Spirit Poop"]},{"damage_healed":0.0,"max_hp_gain":0.0,"max_hp_loss":0.0,"gold_gain":99.0,"event_name":"Nest","player_choice":"Stole From Cult","floor":19.0,"gold_loss":0.0,"damage_taken":0.0},{"damage_healed":0.0,"max_hp_gain":0.0,"max_hp_loss":0.0,"gold_gain":0.0,"event_name":"Forgotten Altar","player_choice":"Smashed Altar","floor":20.0,"gold_loss":0.0,"damage_taken":0.0,"cards_obtained":["Decay"]},{"damage_healed":0.0,"max_hp_gain":0.0,"max_hp_loss":0.0,"gold_gain":0.0,"event_name":"Masked Bandits","player_choice":"Fought Bandits","floor":28.0,"gold_loss":0.0,"damage_taken":0.0},{"damage_healed":0.0,"max_hp_gain":0.0,"max_hp_loss":0.0,"gold_gain":0.0,"event_name":"Vampires","player_choice":"Ignored","floor":31.0,"gold_loss":0.0,"damage_taken":0.0},{"damage_healed":0,"gold_gain":0,"player_choice":"Fight","damage_taken":0,"max_hp_gain":0,"max_hp_loss":0,"event_name":"Mysterious Sphere","floor":36,"gold_loss":0},{"damage_healed":0,"gold_gain":222,"player_choice":"Wore Mask","damage_taken":0,"max_hp_gain":0,"max_hp_loss":0,"event_name":"Tomb of Lord Red Mask","floor":42,"gold_loss":0},{"damage_healed":0,"gold_gain":0,"player_choice":"Embrace Madness","damage_taken":10,"max_hp_gain":0,"max_hp_loss":0,"event_name":"Winding Halls","floor":47,"gold_loss":0,"cards_obtained":["Madness","Madness"]}],"is_beta":false,"boss_relics":[{"not_picked":["Ectoplasm","Orrery"],"picked":"Astrolabe"},{"not_picked":["Runic Dome","Tiny House"],"picked":"Philosopher\u0027s Stone"}],"items_purged_floors":[38],"is_endless":false,"potions_floor_spawned":[1,11,14,16,18,22,35,39,46,48],"ascension_level":1}