{"gold_per_floor":[116,41,55,55,65,65,65,65,89,100,128,142,142,162,162,286,286,304,304,254,268,29,29,43,56,103,142,142,92,112,125,125,255,255,271,271,271,118,0,0,16,16,16,16,16,55,55,69,69,69],"floor_reached":51,"playtime":11105,"items_purged":["Injury","Writhe","Strike_G"],"score":710,"play_id":"6b4d0522-72fe-4a41-be26-4a0f90f0830e","local_time":"20190305230656","is_ascension_mode":true,"campfire_choices":[{"data":"Neutralize","floor":6,"key":"SMITH"},{"data":"Noxious Fumes","floor":8,"key":"SMITH"},{"data":"Bouncing Flask","floor":15,"key":"SMITH"},{"floor":23,"key":"REST"},{"floor":28,"key":"REST"},{"floor":32,"key":"REST"},{"data":"Backflip","floor":40,"key":"SMITH"},{"data":"Deflect","floor":42,"key":"SMITH"},{"data":"Dash","floor":44,"key":"SMITH"},{"data":"Cloak And Dagger","floor":47,"key":"SMITH"},{"floor":49,"key":"REST"}],"neow_cost":"NONE","seed_source_timestamp":303558629713233,"circlet_count":0,"master_deck":["Defend_G","Defend_G","Defend_G","Defend_G","Strike_G","Strike_G","Strike_G","Strike_G","Survivor","Neutralize+1","Infinite Blades","Noxious Fumes+1","PiercingWail","Bouncing Flask+1","Deflect","Corpse Explosion","PiercingWail","Deadly Poison","Tools of the Trade","Leg Sweep+1","Backflip+1","Chrysalis","Sucker Punch+1","PiercingWail","Dodge and Roll+1","Dash+1","Poisoned Stab+1","Venomology","Deflect+1","Madness","Madness","Backstab+1","Cloak And Dagger+1","Flying Knee+1"],"relics":["Ring of the Snake","Smiling Mask","Centennial Puzzle","Boot","Bottled Tornado","Golden Idol","Cursed Key","PreservedInsect","Ninja Scroll","Runic Pyramid","Red Mask","Molten Egg 2"],"potions_floor_usage":[11,27,33,46,48,50,50,50,50],"damage_taken":[{"damage":6,"enemies":"Jaw Worm","floor":1,"turns":6},{"damage":0,"enemies":"Small Slimes","floor":3,"turns":3},{"damage":0,"enemies":"2 Louse","floor":5,"turns":3},{"damage":4,"enemies":"Blue Slaver","floor":10,"turns":4},{"damage":10,"enemies":"Lagavulin","floor":11,"turns":5},{"damage":5,"enemies":"Looter","floor":12,"turns":3},{"damage":10,"enemies":"Exordium Thugs","floor":14,"turns":4},{"damage":15,"enemies":"Hexaghost","floor":16,"turns":7},{"damage":6,"enemies":"Spheric Guardian","floor":18,"turns":3},{"damage":28,"enemies":"Colosseum Slavers","floor":19,"turns":4},{"damage":10,"enemies":"Chosen","floor":21,"turns":5},{"damage":11,"enemies":"Snecko","floor":24,"turns":5},{"damage":25,"enemies":"Sentry and Sphere","floor":25,"turns":6},{"damage":10,"enemies":"Gremlin Leader","floor":27,"turns":5},{"damage":16,"enemies":"Centurion and Healer","floor":30,"turns":5},{"damage":0,"enemies":"3 Cultists","floor":31,"turns":3},{"damage":18,"enemies":"Automaton","floor":33,"turns":10},{"damage":16,"enemies":"Orb Walker","floor":35,"turns":4},{"damage":1,"enemies":"3 Shapes","floor":41,"turns":3},{"damage":6,"enemies":"Giant Head","floor":46,"turns":8},{"damage":7,"enemies":"Sphere and 2 Shapes","floor":48,"turns":4},{"damage":19,"enemies":"Awakened One","floor":50,"turns":15}],"seed_played":"-5424845589522740250","potions_obtained":[{"floor":10,"key":"Poison Potion"},{"floor":14,"key":"GamblersBrew"},{"floor":18,"key":"Dexterity Potion"},{"floor":24,"key":"Weak Potion"},{"floor":25,"key":"Swift Potion"},{"floor":27,"key":"AttackPotion"}],"is_trial":false,"path_per_floor":["?","?","?","?","?","M","?","?","?"],"character_chosen":"THE_SILENT","items_purchased":["Noxious Fumes","Chrysalis","Fruit Juice"],"campfire_rested":4,"item_purchase_floors":[2,22,38],"current_hp_per_floor":[64,64,64,69,69,69,62,62,62,58,48,43,43,33,33,18,75,69,41,41,31,31,53,42,17,17,7,29,29,13,13,35,17,75,59,50,50,50,50,50,49,49,49,49,49,48,48,41,65,46],"gold":69,"neow_bonus":"RANDOM_COMMON_RELIC","is_prod":false,"is_daily":false,"chose_seed":false,"campfire_upgraded":7,"win_rate":0,"timestamp":1551852416,"path_taken":["M","$","M","?","M","R","?","R","T","M","E","M","?","M","R","BOSS","M","?","?","M","$","R","M","?","T","E","R","$","M","M","R","BOSS","M","?","?","$","?","R","M","R","T","R","$","E","R","M","R","BOSS"],"build_version":"2019-01-23","purchased_purges":3,"victory":true,"max_hp_per_floor":[70,70,70,75,75,75,75,75,75,75,75,75,75,75,75,75,75,75,75,75,75,75,75,75,75,75,75,75,75,75,75,75,75,75,75,75,75,75,75,75,75,75,75,75,75,80,80,80,80,80],"card_choices":[{"not_picked":["Slice","Cloak And Dagger"],"picked":"Infinite Blades","floor":1},{"not_picked":["Riddle With Holes","Dagger Throw"],"picked":"PiercingWail","floor":3},{"not_picked":["Blade Dance","Prepared"],"picked":"Bouncing Flask","floor":5},{"not_picked":["Skewer","Underhanded Strike"],"picked":"Deflect","floor":10},{"not_picked":["Heel Hook","Tactician"],"picked":"Corpse Explosion","floor":11},{"not_picked":["Accuracy","Blade Dance"],"picked":"PiercingWail","floor":12},{"not_picked":["Deflect","Sucker Punch"],"picked":"Deadly Poison","floor":14},{"not_picked":["Unload","Phantasmal Killer"],"picked":"Tools of the Trade","floor":16},{"not_picked":["Dagger Throw","Skewer"],"picked":"Leg Sweep+1","floor":18},{"not_picked":["Acrobatics","Deadly Poison+1"],"picked":"Backflip","floor":21},{"not_picked":["Quick Slash+1","Dagger Spray+1"],"picked":"Sucker Punch+1","floor":24},{"not_picked":["Finisher","Dagger Spray"],"picked":"PiercingWail","floor":25},{"not_picked":["Malaise","Prepared"],"picked":"Dodge and Roll+1","floor":27},{"not_picked":["Sucker Punch+1","Underhanded Strike"],"picked":"Dash","floor":30},{"not_picked":["Cloak And Dagger+1","Terror"],"picked":"Poisoned Stab+1","floor":31},{"not_picked":["Tools of the Trade","Die Die Die"],"picked":"Venomology","floor":33},{"not_picked":["Poisoned Stab+1","Endless Agony+1"],"picked":"Deflect","floor":35},{"not_picked":["Infinite Blades+1","Poisoned Stab"],"picked":"Backstab+1","floor":41},{"not_picked":["Poisoned Stab","Blade Dance+1"],"picked":"Cloak And Dagger","floor":46},{"not_picked":["Sucker Punch+1","Slice+1"],"picked":"Flying Knee+1","floor":48}],"player_experience":118553,"relics_obtained":[{"floor":9,"key":"Boot"},{"floor":11,"key":"Bottled Tornado"},{"floor":26,"key":"PreservedInsect"},{"floor":27,"key":"Ninja Scroll"},{"floor":46,"key":"Molten Egg 2"}],"event_choices":[{"damage_healed":0,"gold_gain":0,"player_choice":"Donut","damage_taken":0,"max_hp_gain":5,"max_hp_loss":0,"event_name":"Big Fish","floor":4,"gold_loss":0},{"damage_healed":0,"gold_gain":0,"player_choice":"Success","damage_taken":7,"relics_obtained":["Centennial Puzzle"],"max_hp_gain":0,"max_hp_loss":0,"event_name":"Scrap Ooze","floor":7,"gold_loss":0},{"damage_healed":0,"gold_gain":0,"player_choice":"Take Wound","damage_taken":0,"relics_obtained":["Golden Idol"],"max_hp_gain":0,"max_hp_loss":0,"event_name":"Golden Idol","floor":13,"gold_loss":0,"cards_obtained":["Injury"]},{"damage_healed":0,"gold_gain":0,"player_choice":"Fight","damage_taken":0,"max_hp_gain":0,"max_hp_loss":0,"event_name":"Colosseum","floor":19,"gold_loss":0},{"damage_healed":0,"gold_gain":0,"player_choice":"Fled From Nobs","damage_taken":0,"max_hp_gain":0,"max_hp_loss":0,"event_name":"Colosseum","floor":19,"gold_loss":0},{"damage_healed":0,"gold_gain":0,"player_choice":"Bet on Murderer","damage_taken":0,"max_hp_gain":0,"max_hp_loss":0,"event_name":"The Joust","floor":20,"gold_loss":50},{"damage_healed":0,"gold_gain":0,"player_choice":"Embrace Madness","damage_taken":9,"max_hp_gain":0,"max_hp_loss":0,"event_name":"Winding Halls","floor":36,"gold_loss":0,"cards_obtained":["Madness","Madness"]},{"cards_removed":["Defend_G"],"damage_healed":0,"gold_gain":0,"player_choice":"Removed Skill","damage_taken":0,"max_hp_gain":0,"max_hp_loss":0,"event_name":"Falling","floor":37,"gold_loss":0},{"damage_healed":0,"gold_gain":0,"player_choice":"Paid","damage_taken":0,"relics_obtained":["Red Mask"],"max_hp_gain":0,"max_hp_loss":0,"event_name":"Tomb of Lord Red Mask","floor":39,"gold_loss":118}],"is_beta":false,"boss_relics":[{"not_picked":["Pandora\u0027s Box","WristBlade"],"picked":"Cursed Key"},{"not_picked":["Eternal Feather","Orrery"],"picked":"Runic Pyramid"}],"items_purged_floors":[22,29,38],"is_endless":false,"potions_floor_spawned":[10,14,18,24,25,27,31,48],"ascension_level":2}