{"gold_per_floor":[115,65,83,258,269,269,287,303,327,355,32,32,59,76,76,76],"floor_reached":16,"playtime":1275,"items_purged":["Doubt"],"score":104,"play_id":"197dadcc-0514-4614-a984-f8c5c8766059","local_time":"20181212221111","is_ascension_mode":false,"campfire_choices":[{"data":"Backflip","floor":6,"key":"SMITH"},{"data":"Survivor","floor":12,"key":"SMITH"},{"data":"Neutralize","floor":15,"key":"SMITH"}],"neow_cost":"NONE","seed_source_timestamp":540955447609413,"circlet_count":0,"master_deck":["Defend_G","Defend_G","Defend_G","Defend_G","Defend_G","Strike_G","Strike_G","Strike_G","Strike_G","Survivor+1","Neutralize+1","PiercingWail","Backflip+1","Well Laid Plans","Cloak And Dagger"],"relics":["Coffee Dripper","MawBank","Matryoshka","Art of War"],"potions_floor_usage":[7,13,16],"damage_taken":[{"damage":2,"enemies":"2 Louse","floor":1,"turns":3},{"damage":0,"enemies":"Small Slimes","floor":3,"turns":4},{"damage":0,"enemies":"Jaw Worm","floor":5,"turns":6},{"damage":9,"enemies":"Exordium Thugs","floor":7,"turns":11},{"damage":2,"enemies":"Blue Slaver","floor":8,"turns":5},{"damage":0,"enemies":"Red Slaver","floor":10,"turns":5},{"damage":35,"enemies":"Gremlin Nob","floor":13,"turns":6},{"damage":2,"enemies":"Exordium Thugs","floor":14,"turns":8},{"damage":35,"enemies":"Slime Boss","floor":16,"turns":14}],"seed_played":"4811841347960829934","potions_obtained":[{"floor":1,"key":"Regen Potion"},{"floor":3,"key":"Energy Potion"},{"floor":5,"key":"Ancient Potion"},{"floor":8,"key":"Poison Potion"},{"floor":13,"key":"LiquidBronze"}],"is_trial":false,"path_per_floor":["M","?","M","?","M","R","M","M","T","M","$","R","E","M","R","B"],"character_chosen":"THE_SILENT","items_purchased":["Matryoshka"],"campfire_rested":0,"item_purchase_floors":[11],"current_hp_per_floor":[68,68,68,68,68,68,70,68,68,68,68,68,33,31,31,0],"gold":76,"neow_bonus":"BOSS_RELIC","is_prod":false,"is_daily":false,"chose_seed":false,"campfire_upgraded":3,"win_rate":0,"timestamp":1544670671,"path_taken":["M","?","M","?","M","R","M","M","T","M","?","R","E","?","R","BOSS"],"build_version":"2018-12-06","purchased_purges":1,"victory":false,"max_hp_per_floor":[70,70,70,70,70,70,70,70,70,70,70,70,70,70,70,70],"card_choices":[{"not_picked":["Deadly Poison","Dash"],"picked":"PiercingWail","floor":1},{"not_picked":["Blur","Finisher"],"picked":"Backflip","floor":3},{"not_picked":["Expertise","Setup","Outmaneuver"],"picked":"SKIP","floor":5},{"not_picked":["Dagger Throw","All Out Attack"],"picked":"Well Laid Plans","floor":7},{"not_picked":["Outmaneuver","Well Laid Plans","Prepared"],"picked":"SKIP","floor":8},{"not_picked":["Prepared","Endless Agony"],"picked":"Cloak And Dagger","floor":10},{"not_picked":["PiercingWail","Blade Dance","Dodge and Roll"],"picked":"SKIP","floor":13},{"not_picked":["Flechettes","Poisoned Stab","Riddle With Holes"],"picked":"SKIP","floor":14}],"player_experience":266073,"relics_obtained":[{"floor":9,"key":"MawBank"},{"floor":13,"key":"Art of War"}],"event_choices":[{"cards_removed":["Strike_G"],"damage_healed":0,"gold_gain":0,"player_choice":"Card Removal","damage_taken":0,"max_hp_gain":0,"max_hp_loss":0,"event_name":"The Cleric","floor":2,"gold_loss":50},{"damage_healed":0,"gold_gain":175,"player_choice":"AGREE","damage_taken":0,"max_hp_gain":0,"max_hp_loss":0,"event_name":"Liars Game","floor":4,"gold_loss":0,"cards_obtained":["Doubt"]}],"is_beta":false,"boss_relics":[],"items_purged_floors":[11],"is_endless":false,"potions_floor_spawned":[1,3,5,8,13],"killed_by":"Slime Boss","ascension_level":0}