{"gold_per_floor":[112,128,3,19,38,38,71,71,71,82,257,147,147,147,147,245,245,261,16,16,26,26,26,59,59,59,73,98,109,109,119,119,119],"floor_reached":33,"playtime":6188,"items_purged":["Doubt"],"score":285,"play_id":"c0ebf4a4-d303-43c6-a4ed-43d0a25f7623","local_time":"20180626231814","is_ascension_mode":false,"campfire_choices":[{"floor":6,"key":"REST"},{"floor":8,"key":"REST"},{"floor":15,"key":"REST"},{"floor":23,"key":"REST"},{"floor":25,"key":"REST"},{"floor":30,"key":"REST"},{"floor":32,"key":"REST"}],"neow_cost":"FIFTY_PERCENT_DAMAGE","seed_source_timestamp":1192901568742139,"circlet_count":0,"master_deck":["Defend_G","Defend_G","Defend_G","Defend_G","Defend_G","Strike_G","Strike_G","Strike_G","Strike_G","Strike_G","Survivor","Neutralize","Backflip","Poisoned Stab","Caltrops","Infinite Blades","Choke","Dodge and Roll","Die Die Die","Infinite Blades+1","After Image","Outmaneuver+1","Deflect","Adrenaline","Predator","Flechettes","Backstab+1","Dagger Spray+1"],"relics":["Ring of the Snake","Anchor","Mercury Hourglass","Question Card","Fusion Hammer","Bottled Tornado","Nloth\u0027s Gift","Peace Pipe","Tough Bandages","Ninja Scroll"],"potions_floor_usage":[21,33,33,33],"damage_taken":[{"damage":0,"enemies":"2 Louse","floor":1,"turns":4},{"damage":0,"enemies":"Jaw Worm","floor":2,"turns":6},{"damage":10,"enemies":"Cultist","floor":4,"turns":3},{"damage":8,"enemies":"Large Slime","floor":5,"turns":9},{"damage":29,"enemies":"3 Sentries","floor":7,"turns":10},{"damage":10,"enemies":"Looter","floor":10,"turns":4},{"damage":20,"enemies":"Hexaghost","floor":16,"turns":10},{"damage":1,"enemies":"Spheric Guardian","floor":18,"turns":5},{"damage":0,"enemies":"Chosen","floor":21,"turns":5},{"damage":25,"enemies":"Book of Stabbing","floor":24,"turns":6},{"damage":0,"enemies":"Centurion and Healer","floor":27,"turns":5},{"damage":35,"enemies":"Slavers","floor":28,"turns":6},{"damage":13,"enemies":"Cultist and Chosen","floor":29,"turns":6},{"damage":3,"enemies":"3 Cultists","floor":31,"turns":5},{"damage":58,"enemies":"Champ","floor":33,"turns":14}],"seed_played":"-4367612466937233534","potions_obtained":[{"floor":2,"key":"Fire Potion"},{"floor":4,"key":"SteroidPotion"},{"floor":7,"key":"GhostInAJar"},{"floor":16,"key":"Block Potion"},{"floor":24,"key":"SpeedPotion"}],"is_trial":false,"path_per_floor":["M","M","$","M","M","R","E","R","T","M","?","$","?","T","R","B",null,"M","$","?","M","?","R","E","R","T","M","E","M","R","M","R"],"character_chosen":"THE_SILENT","items_purchased":["Caltrops","PowerPotion","Infinite Blades","Bottled Tornado"],"campfire_rested":7,"item_purchase_floors":[3,3,12,19],"current_hp_per_floor":[35,35,35,27,23,44,19,40,40,34,34,34,34,34,55,41,70,69,69,69,69,69,70,45,66,66,66,31,18,39,36,57,0],"gold":119,"neow_bonus":"ONE_RARE_RELIC","is_prod":false,"is_daily":false,"chose_seed":false,"campfire_upgraded":0,"win_rate":0.0,"timestamp":1530069494,"path_taken":["M","M","$","M","M","R","E","R","T","M","?","$","?","?","R","BOSS","M","?","?","M","?","R","E","R","T","M","E","M","R","M","R","BOSS"],"build_version":"2018-06-21v2","purchased_purges":1,"victory":false,"max_hp_per_floor":[70,70,70,70,70,70,70,70,70,70,70,70,70,70,70,70,70,70,70,70,70,70,70,70,70,70,70,70,70,70,70,70,70],"card_choices":[{"not_picked":["Choke","Quick Slash"],"picked":"Backflip","floor":1},{"not_picked":["Blade Dance","Quick Slash"],"picked":"Poisoned Stab","floor":2},{"not_picked":["Prepared","Dodge and Roll"],"picked":"Infinite Blades","floor":4},{"not_picked":["Bouncing Flask","Escape Plan"],"picked":"Choke","floor":5},{"not_picked":["Acrobatics","Slice"],"picked":"Dodge and Roll","floor":7},{"not_picked":["Quick Slash","Bane"],"picked":"Die Die Die","floor":10},{"not_picked":["Corpse Explosion","Wraith Form v2","Glass Knife"],"picked":"After Image","floor":16},{"not_picked":["Crippling Poison","Malaise","Dagger Spray"],"picked":"Outmaneuver+1","floor":18},{"not_picked":["Underhanded Strike+1","PiercingWail","Backflip"],"picked":"Deflect","floor":21},{"not_picked":["Catalyst+1","Outmaneuver","Quick Slash"],"picked":"Adrenaline","floor":24},{"not_picked":["Dagger Throw","Footwork","PiercingWail"],"picked":"Predator","floor":27},{"not_picked":["Slice","Crippling Poison","Outmaneuver"],"picked":"Flechettes","floor":28},{"not_picked":["Finisher","Glass Knife","Backflip+1"],"picked":"Backstab+1","floor":29},{"not_picked":["Poisoned Stab","Crippling Poison","Bane+1"],"picked":"Dagger Spray+1","floor":31}],"player_experience":11165,"relics_obtained":[{"floor":7,"key":"Anchor"},{"floor":9,"key":"Mercury Hourglass"},{"floor":14,"key":"Question Card"},{"floor":24,"key":"Peace Pipe"},{"floor":26,"key":"Tough Bandages"},{"floor":28,"key":"Ninja Scroll"}],"event_choices":[{"event_name":"Liars Game","player_choice":"agreed","floor":11,"damage_taken":0},{"event_name":"Living Wall","player_choice":"Grow","floor":13,"damage_taken":0},{"event_name":"N\u0027loth","player_choice":"Traded a Bird Faced Urn","floor":20,"damage_taken":0},{"event_name":"Beggar","player_choice":"Ignored","floor":22,"damage_taken":0}],"boss_relics":[{"not_picked":["Ectoplasm","Snecko Eye"],"picked":"Fusion Hammer"}],"items_purged_floors":[12],"is_endless":false,"potions_floor_spawned":[2,4,5,7,16,24,29,31],"killed_by":"Champ","ascension_level":0}