{"gold_per_floor":[115,115,135,60,60,93,111,111,162,162,176,205,280,310,310,386,386,405,418,468,468],"floor_reached":21,"playtime":715,"items_purged":["Defend_R"],"score":433,"play_id":"e1397a29-a846-4ee7-966e-d043e9ef9f52","local_time":"20190125223116","is_ascension_mode":true,"campfire_choices":[{"data":"Armaments","floor":8.0,"key":"SMITH"},{"data":"Bash","floor":10.0,"key":"SMITH"},{"data":"Warcry","floor":15.0,"key":"SMITH"}],"neow_cost":"NONE","seed_source_timestamp":1394421440472894,"circlet_count":0,"master_deck":["AscendersBane","Strike_R","Strike_R","Strike_R","Strike_R","Strike_R","Defend_R","Defend_R","Defend_R","Bash+1","Shrug It Off","Rampage","Armaments+1","Shrug It Off","Warcry+1","Juggernaut","Body Slam","Headbutt"],"special_seed":0,"relics":["Black Blood","NeowsBlessing","Happy Flower","Smiling Mask","Red Skull","Centennial Puzzle"],"potions_floor_usage":[],"damage_taken":[{"damage":0.0,"enemies":"Jaw Worm","floor":1.0,"turns":1.0},{"damage":0.0,"enemies":"Cultist","floor":3.0,"turns":1.0},{"damage":0.0,"enemies":"3 Sentries","floor":6.0,"turns":2.0},{"damage":3.0,"enemies":"Small Slimes","floor":7.0,"turns":3.0},{"damage":18.0,"enemies":"3 Louse","floor":11.0,"turns":4.0},{"damage":29.0,"enemies":"Gremlin Nob","floor":12.0,"turns":4.0},{"damage":6.0,"enemies":"3 Sentries","floor":14.0,"turns":9.0},{"damage":22.0,"enemies":"Slime Boss","floor":16.0,"turns":9.0},{"damage":19.0,"enemies":"Spheric Guardian","floor":18.0,"turns":6.0},{"damage":24.0,"enemies":"2 Thieves","floor":19.0,"turns":5.0},{"damage":55,"enemies":"Chosen and Byrds","floor":21,"turns":7}],"seed_played":"1258964130275657199","potions_obtained":[{"floor":3.0,"key":"FearPotion"},{"floor":7.0,"key":"Dexterity Potion"},{"floor":16.0,"key":"Dexterity Potion"}],"is_trial":false,"path_per_floor":["M","?","M","$","?","E","M","R","T","R","M","E","?","E","R","B",null,"M","M","?","M"],"character_chosen":"IRONCLAD","items_purchased":[],"campfire_rested":0,"item_purchase_floors":[],"current_hp_per_floor":[74,74,75,75,75,75,75,75,75,75,63,40,29,29,29,13,60,51,37,30,0],"gold":468,"neow_bonus":"THREE_ENEMY_KILL","is_prod":false,"is_daily":false,"chose_seed":false,"campfire_upgraded":3,"win_rate":0,"timestamp":1548451876,"path_taken":["M","?","?","$","?","E","M","R","T","R","M","E","?","E","R","BOSS","M","M","?","M"],"build_version":"2019-01-23","purchased_purges":1,"victory":false,"max_hp_per_floor":[75,75,75,75,75,75,75,75,75,75,75,75,75,75,75,75,75,75,75,75,75],"card_choices":[{"not_picked":["Anger","Iron Wave"],"picked":"Shrug It Off","floor":1.0},{"not_picked":["Sword Boomerang","Bloodletting"],"picked":"Armaments","floor":3.0},{"not_picked":["Pommel Strike","Warcry"],"picked":"Shrug It Off","floor":6.0},{"not_picked":["Shockwave","Anger","Iron Wave"],"picked":"SKIP","floor":7.0},{"not_picked":["Blood for Blood","Sword Boomerang","Limit Break"],"picked":"SKIP","floor":11.0},{"not_picked":["Uppercut","Combust"],"picked":"Warcry","floor":12.0},{"not_picked":["Cleave","Iron Wave","Clothesline"],"picked":"SKIP","floor":14.0},{"not_picked":["Demon Form","Limit Break"],"picked":"Juggernaut","floor":16.0},{"not_picked":["Seeing Red","Spot Weakness"],"picked":"Body Slam","floor":18.0},{"not_picked":["Anger","Spot Weakness"],"picked":"Headbutt","floor":19.0}],"player_experience":939374,"relics_obtained":[{"floor":6.0,"key":"Happy Flower"},{"floor":9.0,"key":"Smiling Mask"},{"floor":12.0,"key":"Red Skull"},{"floor":14.0,"key":"Centennial Puzzle"}],"event_choices":[{"damage_healed":0.0,"max_hp_gain":0.0,"max_hp_loss":0.0,"gold_gain":0.0,"event_name":"Match and Keep!","player_choice":"1 cards matched","floor":2.0,"gold_loss":0.0,"damage_taken":0.0,"cards_obtained":["Rampage"]},{"damage_healed":0.0,"max_hp_gain":0.0,"max_hp_loss":0.0,"gold_gain":0.0,"event_name":"The Cleric","player_choice":"Leave","floor":5.0,"gold_loss":0.0,"damage_taken":0.0},{"damage_healed":0.0,"max_hp_gain":0.0,"max_hp_loss":0.0,"gold_gain":75.0,"event_name":"World of Goop","player_choice":"Gather Gold","floor":13.0,"gold_loss":0.0,"damage_taken":11.0},{"damage_healed":0,"gold_gain":50,"player_choice":"Touch","damage_taken":7,"max_hp_gain":0,"max_hp_loss":0,"event_name":"FaceTrader","floor":20,"gold_loss":0}],"is_beta":false,"boss_relics":[{"not_picked":["Coffee Dripper","Snecko Eye"],"picked":"Black Blood"}],"items_purged_floors":[4],"is_endless":false,"potions_floor_spawned":[3,7,11,16],"killed_by":"Chosen and Byrds","ascension_level":19}