{"gold_per_floor":[113,113,113,130,130,130,149,183,183,206,240,258,275,275],"floor_reached":14,"playtime":838,"items_purged":[],"score":135,"play_id":"539adaad-8b59-4933-9d65-78a29c94e9b1","local_time":"20190313163526","is_ascension_mode":true,"campfire_choices":[{"data":"Footwork","floor":6,"key":"SMITH"}],"neow_cost":"NONE","seed_source_timestamp":309891235732355,"circlet_count":0,"master_deck":["Defend_G","Defend_G","Defend_G","Defend_G","Defend_G","Strike_G","Strike_G","Strike_G","Survivor","Neutralize","Finisher+1","Prepared","Eviscerate","Footwork+1","Noxious Fumes","Skewer","Blur"],"relics":["Ring of the Snake","Boot","Strawberry","Singing Bowl","Blood Vial","Ancient Tea Set"],"potions_floor_usage":[11,13],"damage_taken":[{"damage":0,"enemies":"Small Slimes","floor":1,"turns":4},{"damage":0,"enemies":"Jaw Worm","floor":4,"turns":5},{"damage":0,"enemies":"Cultist","floor":7,"turns":4},{"damage":16,"enemies":"Lagavulin","floor":8,"turns":11},{"damage":37,"enemies":"Gremlin Nob","floor":11,"turns":5},{"damage":0,"enemies":"Blue Slaver","floor":12,"turns":5},{"damage":12,"enemies":"Exordium Thugs","floor":13,"turns":5},{"damage":9,"enemies":"3 Louse","floor":14,"turns":2}],"seed_played":"5891738344230163963","potions_obtained":[{"floor":4,"key":"SneckoOil"},{"floor":7,"key":"Dexterity Potion"},{"floor":12,"key":"SkillPotion"}],"is_trial":false,"path_per_floor":["M","?","?","M","?","R","M","E","T","T","E","M","M","M"],"character_chosen":"THE_SILENT","items_purchased":[],"campfire_rested":0,"item_purchase_floors":[],"current_hp_per_floor":[63,51,51,51,51,51,51,42,42,42,7,11,3,0],"gold":275,"neow_bonus":"TRANSFORM_CARD","is_prod":false,"is_daily":false,"chose_seed":false,"campfire_upgraded":1,"win_rate":0,"timestamp":1552491326,"path_taken":["M","?","?","?","?","R","M","E","T","?","E","?","M","M"],"build_version":"2019-01-23","purchased_purges":0,"victory":false,"max_hp_per_floor":[70,70,70,70,70,70,70,77,77,77,77,79,81,81],"card_choices":[{"not_picked":["PiercingWail","Deflect"],"picked":"Prepared","floor":1},{"not_picked":["Backflip","Backstab"],"picked":"Footwork","floor":4},{"not_picked":["Dagger Throw","Slice"],"picked":"Noxious Fumes","floor":7},{"not_picked":["Dodge and Roll","Expertise"],"picked":"Skewer","floor":8},{"not_picked":["All Out Attack","Deflect"],"picked":"Blur","floor":11},{"not_picked":["Acrobatics","Accuracy","Skewer"],"picked":"Singing Bowl","floor":12},{"not_picked":["Acrobatics","Reflex","Bane"],"picked":"Singing Bowl","floor":13}],"player_experience":484079,"relics_obtained":[{"floor":8,"key":"Strawberry"},{"floor":9,"key":"Singing Bowl"},{"floor":10,"key":"Blood Vial"},{"floor":11,"key":"Ancient Tea Set"}],"event_choices":[{"damage_healed":0,"gold_gain":0,"player_choice":"Success","damage_taken":12,"relics_obtained":["Boot"],"max_hp_gain":0,"max_hp_loss":0,"event_name":"Scrap Ooze","floor":2,"gold_loss":0},{"damage_healed":0,"gold_gain":0,"cards_transformed":["Strike_G"],"player_choice":"Transformed","damage_taken":0,"max_hp_gain":0,"max_hp_loss":0,"event_name":"Transmorgrifier","floor":3,"gold_loss":0,"cards_obtained":["Eviscerate"]},{"damage_healed":0,"gold_gain":0,"player_choice":"Grow","damage_taken":0,"max_hp_gain":0,"max_hp_loss":0,"event_name":"Living Wall","floor":5,"gold_loss":0,"cards_upgraded":["Finisher"]}],"is_beta":false,"boss_relics":[],"items_purged_floors":[],"is_endless":false,"potions_floor_spawned":[4,7,12],"killed_by":"3 Louse","ascension_level":7}