{"gold_per_floor":[117,128,88,103,122,122,134,134,134,134,48,48,62,97,97,176,176,186,58,28,46,65,65,80,80],"floor_reached":25,"playtime":878,"items_purged":["Strike_G"],"score":410,"play_id":"325bfe14-2a37-47e9-bf6d-6a8e2ce4bf54","local_time":"20190128114227","is_ascension_mode":true,"campfire_choices":[{"data":"Deadly Poison","floor":6.0,"key":"SMITH"},{"data":"Deadly Poison","floor":8.0,"key":"SMITH"},{"data":"Neutralize","floor":10.0,"key":"SMITH"},{"data":"Noxious Fumes","floor":12.0,"key":"SMITH"},{"floor":15.0,"key":"REST"},{"data":"Malaise","floor":23.0,"key":"SMITH"}],"neow_cost":"PERCENT_DAMAGE","seed_source_timestamp":1613987249179590,"circlet_count":0,"master_deck":["AscendersBane","Defend_G","Defend_G","Defend_G","Defend_G","Defend_G","Strike_G","Survivor","Neutralize+1","Deadly Poison+1","Endless Agony","Deadly Poison+1","Backflip","Leg Sweep","Noxious Fumes+1","Catalyst","Malaise+1","Burst+1","Phantasmal Killer+1","Riddle With Holes+1","Footwork","Escape Plan"],"special_seed":0,"relics":["Ring of the Snake","Tough Bandages","Bottled Flame","Meat on the Bone","Astrolabe"],"potions_floor_usage":[25],"damage_taken":[{"damage":2.0,"enemies":"Jaw Worm","floor":1.0,"turns":6.0},{"damage":10.0,"enemies":"Small Slimes","floor":2.0,"turns":4.0},{"damage":0.0,"enemies":"Cultist","floor":4.0,"turns":4.0},{"damage":0.0,"enemies":"Looter","floor":5.0,"turns":3.0},{"damage":7.0,"enemies":"Large Slime","floor":7.0,"turns":5.0},{"damage":0.0,"enemies":"Blue Slaver","floor":13.0,"turns":4.0},{"damage":20.0,"enemies":"Gremlin Nob","floor":14.0,"turns":4.0},{"damage":1.0,"enemies":"Hexaghost","floor":16.0,"turns":7.0},{"damage":7.0,"enemies":"Shell Parasite","floor":18.0,"turns":4.0},{"damage":0.0,"enemies":"Spheric Guardian","floor":21.0,"turns":3.0},{"damage":11.0,"enemies":"Shelled Parasite and Fungi","floor":22.0,"turns":6.0},{"damage":7.0,"enemies":"Snake Plant","floor":24.0,"turns":5.0},{"damage":45,"enemies":"Slavers","floor":25,"turns":3}],"seed_played":"4497696747183746938","potions_obtained":[{"floor":4.0,"key":"Dexterity Potion"},{"floor":5.0,"key":"SkillPotion"},{"floor":20.0,"key":"GhostInAJar"},{"floor":22.0,"key":"AttackPotion"}],"is_trial":false,"path_per_floor":["M","M","?","M","M","R","M","R","T","R","$","R","M","E","R","B",null,"M","$","?","M","M","R","M","E"],"character_chosen":"THE_SILENT","items_purchased":["Noxious Fumes","SkillPotion"],"campfire_rested":1,"item_purchase_floors":[11,19],"current_hp_per_floor":[42,32,32,32,32,32,25,25,25,25,25,25,25,5,24,35,58,51,51,51,51,40,40,45,0],"gold":80,"neow_bonus":"ONE_RARE_RELIC","is_prod":false,"is_daily":false,"chose_seed":false,"campfire_upgraded":5,"win_rate":0,"timestamp":1548672147,"path_taken":["M","M","?","M","M","R","M","R","T","R","$","R","M","E","R","BOSS","M","$","?","M","M","R","M","E"],"build_version":"2019-01-23","purchased_purges":1,"victory":false,"max_hp_per_floor":[66,66,66,66,66,66,66,66,66,66,66,66,66,66,66,66,66,66,66,66,66,66,66,66,66],"card_choices":[{"not_picked":["Cloak And Dagger","Poisoned Stab"],"picked":"Deadly Poison","floor":1.0},{"not_picked":["Blade Dance","Expertise"],"picked":"Endless Agony","floor":2.0},{"not_picked":["Blade Dance","PiercingWail"],"picked":"Deadly Poison","floor":4.0},{"not_picked":["Reflex","Flying Knee"],"picked":"Backflip","floor":5.0},{"not_picked":["Deadly Poison","Flying Knee"],"picked":"Leg Sweep","floor":7.0},{"not_picked":["Calculated Gamble","Poisoned Stab"],"picked":"Catalyst","floor":13.0},{"not_picked":["Poisoned Stab","PiercingWail","Finisher"],"picked":"SKIP","floor":14.0},{"not_picked":["Wraith Form v2","Envenom"],"picked":"Malaise","floor":16.0},{"not_picked":["Bouncing Flask","Acrobatics"],"picked":"Footwork","floor":18.0},{"not_picked":["Backflip+1","Flying Knee","Endless Agony"],"picked":"SKIP","floor":21.0},{"not_picked":["PiercingWail","Dodge and Roll","Underhanded Strike"],"picked":"SKIP","floor":22.0},{"not_picked":["Backflip","Deflect"],"picked":"Escape Plan","floor":24.0}],"player_experience":958517,"relics_obtained":[{"floor":9.0,"key":"Bottled Flame"},{"floor":14.0,"key":"Meat on the Bone"}],"event_choices":[{"damage_healed":0.0,"max_hp_gain":0.0,"max_hp_loss":0.0,"gold_gain":0.0,"event_name":"World of Goop","player_choice":"Left Gold","floor":3.0,"gold_loss":40.0,"damage_taken":0.0},{"damage_healed":0.0,"max_hp_gain":0.0,"max_hp_loss":0.0,"gold_gain":0.0,"event_name":"The Woman in Blue","player_choice":"Bought 2 Potions","floor":20.0,"gold_loss":0.0,"damage_taken":0.0}],"is_beta":false,"boss_relics":[{"not_picked":["Ring of the Serpent","Busted Crown"],"picked":"Astrolabe"}],"items_purged_floors":[19],"is_endless":false,"potions_floor_spawned":[4,5,22],"killed_by":"Slavers","ascension_level":20}