{"gold_per_floor":[118,133,283,283,283,315,315,347,417,417,417,450,498,8,8,101,101,117,138,161,161,180,180,218,218,218,234,258,289,314,314,314,407,407,428,447,503,503,628,628,662,662,686,699,699,730,121,11,11,11,11],"floor_reached":52,"playtime":4736,"items_purged":["Doubt","Normality"],"score":2278,"play_id":"085e90f8-90f8-4458-a7ac-e748e471a4f8","local_time":"20190206012354","is_ascension_mode":true,"campfire_choices":[{"floor":7.0,"key":"REST"},{"floor":10.0,"key":"REST"},{"floor":15.0,"key":"REST"},{"data":"Turbo","floor":23.0,"key":"SMITH"},{"data":"Echo Form","floor":25.0,"key":"SMITH"},{"floor":32.0,"key":"REST"},{"data":"Buffer","floor":40.0,"key":"SMITH"},{"floor":42,"key":"REST"},{"floor":49,"key":"REST"}],"neow_cost":"NONE","seed_source_timestamp":0,"circlet_count":0,"master_deck":["AscendersBane","Strike_B+1","Strike_B","Strike_B+1","Strike_B+1","Defend_B+1","Defend_B","Defend_B","Defend_B+1","Zap+1","Dualcast+1","Melter","Reinforced Body","Echo Form+1","Rebound","FTL","Buffer+1","Turbo+1","Cold Snap","Scrape","Biased Cognition","Double Energy+1","Go for the Eyes","Loop","Steam","Creative AI","Glacier+1","Auto Shields+1","Writhe","Doom and Gloom+1","Leap+1","Parasite","Stack","Panacea","Reprogram","All For One"],"special_seed":0,"relics":["Cracked Core","Vajra","Omamori","Ornamental Fan","Letter Opener","The Courier","Golden Idol","Mercury Hourglass","DataDisk","War Paint","Toolbox","Whetstone","Runic Pyramid","Bag of Preparation","Pantograph","Juzu Bracelet","Anchor","Calling Bell","Oddly Smooth Stone","Dodecahedron","Bird Faced Urn","Girya","Emotion Chip","Happy Flower","Boot","Blood Vial","Lantern","Ginger"],"potions_floor_usage":[41,51],"damage_taken":[{"damage":7.0,"enemies":"Small Slimes","floor":1.0,"turns":3.0},{"damage":9.0,"enemies":"Jaw Worm","floor":2.0,"turns":3.0},{"damage":11.0,"enemies":"Lagavulin","floor":6.0,"turns":7.0},{"damage":19.0,"enemies":"3 Sentries","floor":8.0,"turns":9.0},{"damage":27.0,"enemies":"Gremlin Nob","floor":12.0,"turns":4.0},{"damage":0.0,"enemies":"Slime Boss","floor":16.0,"turns":7.0},{"damage":10.0,"enemies":"Shell Parasite","floor":18.0,"turns":3.0},{"damage":0.0,"enemies":"Spheric Guardian","floor":19.0,"turns":3.0},{"damage":4.0,"enemies":"Cultist and Chosen","floor":20.0,"turns":6.0},{"damage":0.0,"enemies":"3 Cultists","floor":22.0,"turns":3.0},{"damage":0.0,"enemies":"Gremlin Leader","floor":24.0,"turns":5.0},{"damage":12.0,"enemies":"Snake Plant","floor":27.0,"turns":4.0},{"damage":0.0,"enemies":"Cultist and Chosen","floor":28.0,"turns":4.0},{"damage":0.0,"enemies":"Book of Stabbing","floor":29.0,"turns":4.0},{"damage":8.0,"enemies":"Shelled Parasite and Fungi","floor":30.0,"turns":3.0},{"damage":32.0,"enemies":"Automaton","floor":33.0,"turns":11.0},{"damage":3.0,"enemies":"3 Shapes","floor":35.0,"turns":3.0},{"damage":6.0,"enemies":"Orb Walker","floor":36.0,"turns":4.0},{"damage":27.0,"enemies":"2 Orb Walkers","floor":37.0,"turns":6.0},{"damage":29.0,"enemies":"Mind Bloom Boss Battle","floor":39.0,"turns":13.0},{"damage":58,"enemies":"Giant Head","floor":41,"turns":11},{"damage":16,"enemies":"Writhing Mass","floor":44,"turns":10},{"damage":33,"enemies":"Nemesis","floor":46,"turns":11},{"damage":21,"enemies":"Time Eater","floor":50,"turns":10},{"damage":45,"enemies":"Donu and Deca","floor":51,"turns":12}],"seed_played":"9201291913778240922","potions_obtained":[{"floor":6.0,"key":"Weak Potion"},{"floor":19.0,"key":"FearPotion"},{"floor":21.0,"key":"Weak Potion"},{"floor":21.0,"key":"Poison Potion"},{"floor":24.0,"key":"LiquidBronze"},{"floor":28.0,"key":"SpeedPotion"},{"floor":29.0,"key":"GamblersBrew"},{"floor":30.0,"key":"Fruit Juice"},{"floor":36.0,"key":"Explosive Potion"},{"floor":39.0,"key":"GamblersBrew"},{"floor":44,"key":"Poison Potion"},{"floor":46,"key":"Energy Potion"}],"is_trial":false,"path_per_floor":["M","M","?","?","?","E","R","E","T","R","?","E","T","$","R","B",null,"M","M","M","?","M","R","E","R","T","M","M","E","M","?","R","B",null,"M","M","?","?","?","R","E","R","T","M","?","E","$","?","R","B","B",null],"character_chosen":"DEFECT","items_purchased":["War Paint","Toolbox","Whetstone","Lantern","Ginger","All For One"],"campfire_rested":6,"item_purchase_floors":[14,14,14,47,47,47],"current_hp_per_floor":[57,48,48,27,22,11,32,13,13,34,34,7,7,7,26,26,55,45,45,41,41,41,41,41,41,41,29,29,29,26,26,46,37,61,64,64,49,63,52,52,18,38,38,40,40,33,33,33,53,60,48],"gold":11,"neow_bonus":"RANDOM_COMMON_RELIC","is_prod":false,"is_daily":false,"chose_seed":false,"campfire_upgraded":3,"win_rate":0,"timestamp":1549412634,"path_taken":["M","M","?","?","?","E","R","E","T","R","?","E","?","$","R","BOSS","M","M","M","?","?","R","E","R","T","M","M","E","M","?","R","BOSS","M","M","?","?","?","R","E","R","T","M","?","E","$","?","R","BOSS","BOSS"],"build_version":"2019-01-23","purchased_purges":2,"victory":true,"max_hp_per_floor":[71,71,71,71,71,71,71,71,71,71,64,64,64,64,64,64,64,64,64,64,64,64,64,64,64,64,64,64,64,69,69,69,69,69,69,69,69,69,69,69,69,69,69,69,69,69,69,69,69,69,69],"card_choices":[{"not_picked":["Hologram","Steam"],"picked":"Melter","floor":1.0},{"not_picked":["Ball Lightning","Heatsinks"],"picked":"Reinforced Body","floor":2.0},{"not_picked":["Compile Driver","Conserve Battery"],"picked":"Echo Form","floor":6.0},{"not_picked":["Capacitor","Chaos"],"picked":"Rebound","floor":8.0},{"not_picked":["Hologram","Storm"],"picked":"FTL","floor":12.0},{"not_picked":["Thunder Strike","Multi-Cast"],"picked":"Buffer","floor":16.0},{"not_picked":["Blizzard+1","Barrage"],"picked":"Turbo","floor":18.0},{"not_picked":["Reprogram","Tempest"],"picked":"Cold Snap","floor":19.0},{"not_picked":["Conserve Battery","Self Repair"],"picked":"Scrape","floor":20.0},{"not_picked":["Compile Driver+1","Tempest"],"picked":"Biased Cognition","floor":22.0},{"not_picked":["Heatsinks","Gash+1"],"picked":"Double Energy+1","floor":24.0},{"not_picked":["Lockon","Heatsinks"],"picked":"Go for the Eyes","floor":27.0},{"not_picked":["Go for the Eyes","Coolheaded+1"],"picked":"Loop","floor":28.0},{"not_picked":["Coolheaded","Cold Snap","Amplify"],"picked":"SKIP","floor":29.0},{"not_picked":["Darkness","Compile Driver"],"picked":"Steam","floor":30.0},{"not_picked":["Hyperbeam","Multi-Cast"],"picked":"Creative AI","floor":33.0},{"not_picked":["Tempest","Ball Lightning"],"picked":"Glacier+1","floor":35.0},{"not_picked":["Barrage","Cold Snap","Gash"],"picked":"SKIP","floor":36.0},{"not_picked":["Loop","Fusion"],"picked":"Auto Shields+1","floor":37.0},{"not_picked":["Turbo","Steam Power"],"picked":"Doom and Gloom+1","floor":39.0},{"not_picked":["Streamline+1","Blizzard"],"picked":"Leap+1","floor":41},{"not_picked":["Echo Form","Sunder"],"picked":"Stack","floor":44},{"not_picked":["Dark Shackles","Panache"],"picked":"Panacea","floor":45},{"not_picked":["Compile Driver","Melter+1"],"picked":"Reprogram","floor":46}],"player_experience":988698,"relics_obtained":[{"floor":6.0,"key":"Ornamental Fan"},{"floor":8.0,"key":"Letter Opener"},{"floor":9.0,"key":"The Courier"},{"floor":12.0,"key":"Mercury Hourglass"},{"floor":13.0,"key":"DataDisk"},{"floor":24.0,"key":"Bag of Preparation"},{"floor":26.0,"key":"Pantograph"},{"floor":29.0,"key":"Juzu Bracelet"},{"floor":34.0,"key":"Oddly Smooth Stone"},{"floor":34.0,"key":"Dodecahedron"},{"floor":34.0,"key":"Bird Faced Urn"},{"floor":37.0,"key":"Girya"},{"floor":39.0,"key":"Emotion Chip"},{"floor":41,"key":"Happy Flower"},{"floor":43,"key":"Boot"},{"floor":46,"key":"Blood Vial"}],"event_choices":[{"damage_healed":0.0,"max_hp_gain":0.0,"max_hp_loss":0.0,"gold_gain":150.0,"event_name":"Liars Game","player_choice":"AGREE","floor":3.0,"gold_loss":0.0,"damage_taken":0.0,"cards_obtained":["Doubt"]},{"damage_healed":0.0,"max_hp_gain":0.0,"max_hp_loss":0.0,"gold_gain":0.0,"event_name":"Shining Light","player_choice":"Entered Light","floor":4.0,"gold_loss":0.0,"damage_taken":21.0,"cards_upgraded":["Strike_B","Zap"]},{"damage_healed":0.0,"max_hp_gain":0.0,"max_hp_loss":0.0,"gold_gain":0.0,"event_name":"Scrap Ooze","player_choice":"Success","floor":5.0,"gold_loss":0.0,"damage_taken":5.0,"relics_obtained":["Omamori"]},{"damage_healed":0.0,"max_hp_gain":0.0,"max_hp_loss":7.0,"gold_gain":0.0,"event_name":"Golden Idol","player_choice":"Lose Max HP","floor":11.0,"gold_loss":0.0,"damage_taken":0.0,"relics_obtained":["Golden Idol"]},{"damage_healed":0.0,"max_hp_gain":0.0,"max_hp_loss":0.0,"gold_gain":0.0,"event_name":"Lab","player_choice":"Got Potions","floor":21.0,"gold_loss":0.0,"damage_taken":0.0},{"damage_healed":0.0,"max_hp_gain":0.0,"max_hp_loss":0.0,"gold_gain":0.0,"event_name":"The Mausoleum","player_choice":"Opened","floor":31.0,"gold_loss":0.0,"damage_taken":0.0,"relics_obtained":["Anchor"],"cards_obtained":["Writhe"]},{"damage_healed":0.0,"max_hp_gain":0.0,"max_hp_loss":0.0,"gold_gain":0.0,"event_name":"Mysterious Sphere","player_choice":"Fight","floor":37.0,"gold_loss":0.0,"damage_taken":0.0},{"damage_healed":14.0,"max_hp_gain":0.0,"max_hp_loss":0.0,"gold_gain":0.0,"event_name":"Winding Halls","player_choice":"Writhe","floor":38.0,"gold_loss":0.0,"damage_taken":0.0,"cards_obtained":["Writhe"]},{"damage_healed":0.0,"max_hp_gain":0.0,"max_hp_loss":0.0,"gold_gain":0.0,"event_name":"MindBloom","player_choice":"Fight","floor":39.0,"gold_loss":0.0,"damage_taken":0.0},{"damage_healed":0,"gold_gain":0,"player_choice":"Memory 1","damage_taken":0,"max_hp_gain":0,"max_hp_loss":0,"event_name":"SensoryStone","floor":45,"gold_loss":0},{"cards_removed":["Decay"],"damage_healed":0,"gold_gain":0,"player_choice":"Upgrade and Remove","damage_taken":0,"max_hp_gain":0,"max_hp_loss":0,"event_name":"Designer","floor":48,"gold_loss":110,"cards_upgraded":["Dualcast"]}],"is_beta":false,"boss_relics":[{"not_picked":["Black Star","Busted Crown"],"picked":"Runic Pyramid"},{"not_picked":["Lizard Tail","Tiny House"],"picked":"Calling Bell"}],"items_purged_floors":[14,47],"is_endless":false,"potions_floor_spawned":[6,19,24,28,29,30,36,39,44,46],"ascension_level":20}