{"gold_per_floor":[113,113,38,62,78,78,144,144,168,199,183,217,217,232,232,232],"floor_reached":16,"playtime":505,"items_purged":[],"score":234,"play_id":"2cbf65ba-1d91-48fb-acac-e92f2bb8482d","local_time":"20190124113550","is_ascension_mode":true,"campfire_choices":[{"data":"Armaments","floor":6.0,"key":"SMITH"},{"data":"Intimidate","floor":8.0,"key":"SMITH"},{"floor":15,"key":"REST"}],"neow_cost":"NONE","seed_source_timestamp":1268950729482589,"circlet_count":0,"master_deck":["AscendersBane","Strike_R","Strike_R","Strike_R","Strike_R","Strike_R","Defend_R","Defend_R","Bash","Armaments+1","Headbutt","Shrug It Off","Intimidate+1","Immolate","Thunderclap","Body Slam"],"special_seed":0,"relics":["Burning Blood","NeowsBlessing","Golden Idol","Tiny Chest","Ancient Tea Set","Red Skull","Dream Catcher"],"potions_floor_usage":[10,12,16],"damage_taken":[{"damage":0.0,"enemies":"2 Louse","floor":1.0,"turns":1.0},{"damage":0.0,"enemies":"Small Slimes","floor":4.0,"turns":1.0},{"damage":0.0,"enemies":"Jaw Worm","floor":5.0,"turns":1.0},{"damage":37.0,"enemies":"3 Sentries","floor":7.0,"turns":8.0},{"damage":26,"enemies":"Gremlin Nob","floor":10,"turns":4},{"damage":14,"enemies":"Exordium Thugs","floor":11,"turns":4},{"damage":6,"enemies":"Lagavulin","floor":12,"turns":7},{"damage":0,"enemies":"Exordium Wildlife","floor":14,"turns":1},{"damage":35,"enemies":"Slime Boss","floor":16,"turns":9}],"seed_played":"-5754330359415448262","potions_obtained":[{"floor":5.0,"key":"PowerPotion"},{"floor":7.0,"key":"Dexterity Potion"},{"floor":14,"key":"Block Potion"}],"is_trial":false,"path_per_floor":["M","?","?","M","M","R","E","R","T","E","M","E","?","M","R","B"],"character_chosen":"IRONCLAD","items_purchased":[],"campfire_rested":1,"item_purchase_floors":[],"current_hp_per_floor":[74,68,68,68,68,68,37,37,37,17,9,9,9,15,35,0],"gold":232,"neow_bonus":"THREE_ENEMY_KILL","is_prod":false,"is_daily":false,"chose_seed":false,"campfire_upgraded":2,"win_rate":0,"timestamp":1548326150,"path_taken":["M","?","?","M","M","R","E","R","T","E","M","E","?","M","R","BOSS"],"build_version":"2019-01-23","purchased_purges":0,"victory":false,"max_hp_per_floor":[75,68,68,68,68,68,68,68,68,68,68,68,68,68,68,68],"card_choices":[{"not_picked":["Heavy Blade","Wild Strike"],"picked":"Armaments","floor":1.0},{"not_picked":["Armaments","Sword Boomerang"],"picked":"Headbutt","floor":4.0},{"not_picked":["Iron Wave","Spot Weakness"],"picked":"Shrug It Off","floor":5.0},{"not_picked":["Corruption","Clash"],"picked":"Intimidate","floor":7.0},{"not_picked":["Reckless Charge","Corruption","Flex"],"picked":"SKIP","floor":10},{"not_picked":["Twin Strike","Cleave","Fire Breathing"],"picked":"SKIP","floor":11},{"not_picked":["Perfected Strike","Shockwave"],"picked":"Immolate","floor":12},{"not_picked":["Clothesline","Iron Wave"],"picked":"Thunderclap","floor":14},{"not_picked":["Flame Barrier","Rampage"],"picked":"Body Slam","floor":15}],"player_experience":929468,"relics_obtained":[{"floor":7.0,"key":"Tiny Chest"},{"floor":9.0,"key":"Ancient Tea Set"},{"floor":10,"key":"Red Skull"},{"floor":12,"key":"Dream Catcher"}],"event_choices":[{"damage_healed":0.0,"max_hp_gain":0.0,"max_hp_loss":7.0,"gold_gain":0.0,"event_name":"Golden Idol","player_choice":"Lose Max HP","floor":2.0,"gold_loss":0.0,"damage_taken":0.0,"relics_obtained":["Golden Idol"]},{"cards_removed":["Defend_R"],"damage_healed":0.0,"max_hp_gain":0.0,"max_hp_loss":0.0,"gold_gain":0.0,"event_name":"The Cleric","player_choice":"Card Removal","floor":3.0,"gold_loss":75.0,"damage_taken":0.0},{"cards_removed":["Defend_R"],"damage_healed":0,"gold_gain":0,"player_choice":"Forget","damage_taken":0,"max_hp_gain":0,"max_hp_loss":0,"event_name":"Living Wall","floor":13,"gold_loss":0}],"is_beta":false,"boss_relics":[],"items_purged_floors":[],"is_endless":false,"potions_floor_spawned":[5,7,14],"killed_by":"Slime Boss","ascension_level":19}