{"gold_per_floor":[110,123,123,142,157,157,218,218,218,218,229,241,267,284,284,358,358,376,387,2,16,30,30,30],"floor_reached":24,"playtime":861,"items_purged":[],"score":382,"play_id":"c0f390c1-44f8-4ec7-b3e6-1cca36d1633a","local_time":"20181120075207","is_ascension_mode":true,"campfire_choices":[{"data":"Body Slam","floor":6.0,"key":"SMITH"},{"data":"Whirlwind","floor":8.0,"key":"SMITH"},{"data":"Armaments","floor":15.0,"key":"SMITH"},{"floor":23,"key":"REST"}],"neow_cost":"NONE","seed_source_timestamp":470187438568665,"circlet_count":0,"master_deck":["AscendersBane","Strike_R+1","Strike_R+1","Strike_R","Strike_R","Defend_R","Defend_R","Defend_R","Defend_R","Bash","Cleave","Body Slam+1","Warcry","Whirlwind+1","Shrug It Off","Wild Strike","Armaments+1","Immolate","Writhe","Havoc","Rage","Warcry+1","True Grit"],"special_seed":0,"relics":["Burning Blood","Tiny Chest","Red Skull","Omamori","Darkstone Periapt","Calling Bell","Bag of Marbles","Pear","Prayer Wheel","Chemical X","Whetstone"],"potions_floor_usage":[18,24],"damage_taken":[{"damage":6.0,"enemies":"2 Louse","floor":1.0,"turns":2.0},{"damage":3.0,"enemies":"Jaw Worm","floor":2.0,"turns":4.0},{"damage":6.0,"enemies":"Cultist","floor":4.0,"turns":4.0},{"damage":11.0,"enemies":"3 Louse","floor":5.0,"turns":2.0},{"damage":22.0,"enemies":"3 Sentries","floor":7.0,"turns":3.0},{"damage":0.0,"enemies":"Exordium Wildlife","floor":11.0,"turns":1.0},{"damage":0.0,"enemies":"Lots of Slimes","floor":12.0,"turns":1.0},{"damage":14.0,"enemies":"Gremlin Nob","floor":13.0,"turns":4.0},{"damage":0.0,"enemies":"Large Slime","floor":14.0,"turns":5.0},{"damage":33,"enemies":"Slime Boss","floor":16,"turns":8},{"damage":45,"enemies":"Shell Parasite","floor":18,"turns":6},{"damage":13,"enemies":"3 Byrds","floor":19,"turns":3},{"damage":14,"enemies":"Snake Plant","floor":21,"turns":2},{"damage":24,"enemies":"Centurion and Healer","floor":22,"turns":5},{"damage":48,"enemies":"Book of Stabbing","floor":24,"turns":4}],"seed_played":"8017127400847491585","potions_obtained":[{"floor":2.0,"key":"Strength Potion"},{"floor":5.0,"key":"Weak Potion"},{"floor":7.0,"key":"Ancient Potion"},{"floor":22,"key":"Regen Potion"}],"is_trial":false,"path_per_floor":["M","M","?","M","M","R","E","R","T","T","M","M","E","M","R","B",null,"M","M","$","M","M","R","E"],"character_chosen":"IRONCLAD","items_purchased":["Chemical X","Whetstone"],"campfire_rested":1,"item_purchase_floors":[20,20],"current_hp_per_floor":[68,71,64,64,59,59,43,43,43,43,49,55,47,53,53,26,79,40,33,33,25,7,34,0],"gold":30,"neow_bonus":"THREE_CARDS","is_prod":false,"is_daily":false,"chose_seed":false,"campfire_upgraded":3,"win_rate":0,"timestamp":1542696727,"path_taken":["M","M","?","M","M","R","E","R","T","?","M","?","E","M","R","BOSS","M","M","$","M","M","R","E"],"build_version":"2018-11-15","purchased_purges":0,"victory":false,"max_hp_per_floor":[75,75,75,75,75,75,75,75,75,75,75,75,75,75,75,75,91,91,91,91,91,91,91,91],"card_choices":[{"not_picked":["Flex","Inflame"],"picked":"Cleave","floor":0.0},{"not_picked":["Warcry","Clash"],"picked":"Body Slam","floor":1.0},{"not_picked":["Bloodletting","Hemokinesis"],"picked":"Warcry","floor":2.0},{"not_picked":["Dual Wield","Spot Weakness"],"picked":"Whirlwind","floor":4.0},{"not_picked":["Havoc","Perfected Strike"],"picked":"Shrug It Off","floor":5.0},{"not_picked":["Heavy Blade","Dark Embrace","Evolve"],"picked":"SKIP","floor":7.0},{"not_picked":["Headbutt","Combust"],"picked":"Wild Strike","floor":11.0},{"not_picked":["Sword Boomerang","Heavy Blade","Cleave"],"picked":"SKIP","floor":12.0},{"not_picked":["Twin Strike","Thunderclap"],"picked":"Armaments","floor":13.0},{"not_picked":["Anger","Headbutt","Disarm"],"picked":"SKIP","floor":14.0},{"not_picked":["Juggernaut","Reaper"],"picked":"Immolate","floor":16},{"not_picked":["Clothesline+1","Feel No Pain"],"picked":"Havoc","floor":18},{"not_picked":["Warcry","Headbutt","Whirlwind"],"picked":"SKIP","floor":18},{"not_picked":["Clothesline","Iron Wave"],"picked":"Rage","floor":19},{"not_picked":["Sentinel","Disarm"],"picked":"Warcry+1","floor":19},{"not_picked":["Clothesline","Sentinel","Twin Strike"],"picked":"SKIP","floor":21},{"not_picked":["Combust+1","Rupture","Reckless Charge"],"picked":"SKIP","floor":21},{"not_picked":["Hemokinesis","Clothesline+1"],"picked":"True Grit","floor":22},{"not_picked":["Juggernaut","Clash","Armaments"],"picked":"SKIP","floor":22}],"player_experience":873261,"relics_obtained":[{"floor":7.0,"key":"Tiny Chest"},{"floor":9.0,"key":"Red Skull"},{"floor":10.0,"key":"Omamori"},{"floor":13.0,"key":"Darkstone Periapt"},{"floor":17,"key":"Bag of Marbles"},{"floor":17,"key":"Pear"},{"floor":17,"key":"Prayer Wheel"}],"event_choices":[{"cards_removed":["Strike_R"],"damage_healed":0.0,"max_hp_gain":0.0,"max_hp_loss":0.0,"gold_gain":0.0,"event_name":"Golden Wing","player_choice":"Card Removal","floor":3.0,"gold_loss":0.0,"damage_taken":7.0}],"is_beta":false,"boss_relics":[{"not_picked":["Fusion Hammer","Ectoplasm"],"picked":"Calling Bell"}],"items_purged_floors":[],"is_endless":false,"potions_floor_spawned":[2,5,7,11,22],"killed_by":"Book of Stabbing","ascension_level":16}