{"gold_per_floor":[118,15,15,33,47,47,82,82,82,7,7,17,49,14,14,93,93,106,106,106,156,173,173,173],"floor_reached":24,"playtime":859,"items_purged":["Strike_B"],"score":454,"play_id":"0223d9e1-a823-448b-9c9f-2f2ea411c4e0","local_time":"20190131023122","is_ascension_mode":true,"campfire_choices":[{"data":"Defragment","floor":6.0,"key":"SMITH"},{"floor":11.0,"key":"REST"},{"data":"Flash of Steel","floor":15.0,"key":"SMITH"},{"data":"Buffer","floor":23.0,"key":"SMITH"}],"neow_cost":"NONE","seed_source_timestamp":0,"circlet_count":0,"master_deck":["AscendersBane","Defend_B","Defend_B+1","Defend_B","Zap+1","Dualcast+1","Chaos+1","Flash of Steel+1","Defragment+1","Chill","Scrape","Buffer+1","Loop","Decay","Heatsinks","Redo","Ball Lightning+1"],"special_seed":0,"relics":["Cracked Core","War Paint","Bottled Lightning","Blood Vial","The Courier","Empty Cage"],"potions_floor_usage":[24],"damage_taken":[{"damage":8.0,"enemies":"Small Slimes","floor":1.0,"turns":3.0},{"damage":0.0,"enemies":"Cultist","floor":4.0,"turns":3.0},{"damage":7.0,"enemies":"2 Louse","floor":5.0,"turns":2.0},{"damage":0.0,"enemies":"Lagavulin","floor":7.0,"turns":6.0},{"damage":14.0,"enemies":"Exordium Thugs","floor":12.0,"turns":4.0},{"damage":6.0,"enemies":"3 Sentries","floor":13.0,"turns":7.0},{"damage":13.0,"enemies":"The Guardian","floor":16.0,"turns":8.0},{"damage":24.0,"enemies":"3 Byrds","floor":18.0,"turns":3.0},{"damage":9.0,"enemies":"Chosen","floor":22.0,"turns":5.0},{"damage":44,"enemies":"Book of Stabbing","floor":24,"turns":5}],"seed_played":"5785070902633380396","potions_obtained":[{"floor":4.0,"key":"SkillPotion"},{"floor":12.0,"key":"Weak Potion"},{"floor":13.0,"key":"LiquidBronze"},{"floor":18.0,"key":"Dexterity Potion"}],"is_trial":false,"path_per_floor":["M","$","?","M","M","R","E","?","T","$","R","M","E","?","R","B",null,"M","?","?","?","M","R","E"],"character_chosen":"DEFECT","items_purchased":["Flash of Steel"],"campfire_rested":1,"item_purchase_floors":[2],"current_hp_per_floor":[56,56,56,56,49,49,49,28,28,28,49,37,33,50,50,39,63,41,41,41,41,34,34,0],"gold":173,"neow_bonus":"RANDOM_COMMON_RELIC","is_prod":false,"is_daily":false,"chose_seed":false,"campfire_upgraded":3,"win_rate":0,"timestamp":1548898282,"path_taken":["M","$","?","?","M","R","E","?","T","?","R","M","E","?","R","BOSS","M","?","?","?","M","R","E"],"build_version":"2019-01-23","purchased_purges":1,"victory":false,"max_hp_per_floor":[71,71,71,71,71,71,71,71,71,71,71,71,71,71,71,71,71,71,71,71,71,71,71,71],"card_choices":[{"not_picked":["Streamline","Capacitor"],"picked":"Chaos","floor":1.0},{"not_picked":["Fusion","Stack","Coolheaded"],"picked":"SKIP","floor":4.0},{"not_picked":["Gash","FTL"],"picked":"Defragment","floor":5.0},{"not_picked":["Sweeping Beam","Chaos"],"picked":"Chill","floor":7.0},{"not_picked":["Compile Driver","Sweeping Beam"],"picked":"Scrape","floor":12.0},{"not_picked":["Hyperbeam","Doom and Gloom","Hologram"],"picked":"SKIP","floor":13.0},{"not_picked":["Amplify","Thunder Strike"],"picked":"Buffer","floor":16.0},{"not_picked":["Ball Lightning","Compile Driver"],"picked":"Loop","floor":18.0},{"not_picked":["Turbo+1","Streamline"],"picked":"Ball Lightning+1","floor":22.0}],"player_experience":979675,"relics_obtained":[{"floor":7.0,"key":"Bottled Lightning"},{"floor":9.0,"key":"Blood Vial"},{"floor":13.0,"key":"The Courier"}],"event_choices":[{"damage_healed":0.0,"max_hp_gain":0.0,"max_hp_loss":0.0,"gold_gain":0.0,"event_name":"Upgrade Shrine","player_choice":"Upgraded","floor":3.0,"gold_loss":0.0,"damage_taken":0.0,"cards_upgraded":["Chaos"]},{"damage_healed":0.0,"max_hp_gain":0.0,"max_hp_loss":0.0,"gold_gain":0.0,"event_name":"Shining Light","player_choice":"Entered Light","floor":8.0,"gold_loss":0.0,"damage_taken":21.0,"cards_upgraded":["Strike_B","Zap"]},{"damage_healed":17.0,"max_hp_gain":0.0,"max_hp_loss":0.0,"gold_gain":0.0,"event_name":"The Cleric","player_choice":"Healed","floor":14.0,"gold_loss":35.0,"damage_taken":0.0},{"damage_healed":0.0,"max_hp_gain":0.0,"max_hp_loss":0.0,"gold_gain":0.0,"event_name":"Forgotten Altar","player_choice":"Smashed Altar","floor":19.0,"gold_loss":0.0,"damage_taken":0.0,"cards_obtained":["Decay"]},{"damage_healed":0.0,"max_hp_gain":0.0,"max_hp_loss":0.0,"gold_gain":0.0,"cards_transformed":["Strike_B","Defend_B"],"event_name":"Drug Dealer","player_choice":"Became Test Subject","floor":20.0,"gold_loss":0.0,"damage_taken":0.0,"cards_obtained":["Heatsinks","Redo"]},{"damage_healed":0.0,"max_hp_gain":0.0,"max_hp_loss":0.0,"gold_gain":50.0,"event_name":"Nest","player_choice":"Stole From Cult","floor":21.0,"gold_loss":0.0,"damage_taken":0.0}],"is_beta":false,"boss_relics":[{"not_picked":["Snecko Eye","Calling Bell"],"picked":"Empty Cage"}],"items_purged_floors":[10],"is_endless":false,"potions_floor_spawned":[4,12,13,18],"killed_by":"Book of Stabbing","ascension_level":20}