{"gold_per_floor":[368,51,70,24,41,41,95,10,10,38,87,87,128,143,143,143],"floor_reached":16,"playtime":1270,"items_purged":["Bash"],"score":108,"play_id":"da46626d-d3e0-4a62-9999-578e7de156b5","local_time":"20180707002815","is_ascension_mode":false,"campfire_choices":[{"data":"Wild Strike","floor":6.0,"key":"SMITH"},{"data":"Panacea","floor":15.0,"key":"SMITH"}],"neow_cost":"FIFTY_PERCENT_DAMAGE","seed_source_timestamp":2065717109725383,"circlet_count":0,"master_deck":["Strike_R","Strike_R","Strike_R","Strike_R","Strike_R","Defend_R","Defend_R","Defend_R","Defend_R","Pommel Strike","Panacea+1","Perfected Strike","Wild Strike+1","Whirlwind","Ghostly Armor+1","Seeing Red+1"],"special_seed":0,"relics":["Burning Blood","Potion Belt","Smiling Mask","Toxic Egg 2","Regal Pillow","Golden Idol","Gremlin Horn"],"potions_floor_usage":[16,16],"damage_taken":[{"damage":10.0,"enemies":"Cultist","floor":1.0,"turns":4.0},{"damage":0.0,"enemies":"2 Louse","floor":3.0,"turns":2.0},{"damage":3.0,"enemies":"Jaw Worm","floor":5.0,"turns":3.0},{"damage":3.0,"enemies":"Gremlin Nob","floor":10.0,"turns":3.0},{"damage":21.0,"enemies":"Lagavulin","floor":13.0,"turns":8.0},{"damage":0.0,"enemies":"Exordium Wildlife","floor":14.0,"turns":2.0},{"damage":51,"enemies":"The Guardian","floor":16,"turns":10}],"seed_played":"3987026536264227282","potions_obtained":[{"floor":3.0,"key":"SteroidPotion"},{"floor":13.0,"key":"Block Potion"},{"floor":14.0,"key":"Regen Potion"}],"is_trial":false,"path_per_floor":["M","$","M","$","M","R","?","$","T","E","T","?","E","M","R"],"character_chosen":"IRONCLAD","items_purchased":["Panacea","Potion Belt","Wild Strike","Whirlwind","Swift Potion"],"campfire_rested":0,"item_purchase_floors":[2,2,4,8,8],"current_hp_per_floor":[36,36,42,42,45,45,45,45,45,48,48,28,13,19,19,0],"gold":143,"neow_bonus":"TWO_FIFTY_GOLD","is_prod":false,"is_daily":false,"chose_seed":false,"campfire_upgraded":2,"win_rate":0,"timestamp":1530937695,"path_taken":["M","$","?","$","M","R","?","$","T","E","?","?","E","M","R","BOSS"],"build_version":"2018-07-05","purchased_purges":1,"victory":false,"max_hp_per_floor":[80,80,80,80,80,80,80,80,80,80,80,80,80,80,80,80],"card_choices":[{"not_picked":["Wild Strike","Iron Wave"],"picked":"Pommel Strike","floor":1.0},{"not_picked":["Metallicize","Headbutt"],"picked":"Perfected Strike","floor":3.0},{"not_picked":["Clothesline","Heavy Blade","Inflame"],"picked":"SKIP","floor":5.0},{"not_picked":["Iron Wave","Cleave"],"picked":"Ghostly Armor","floor":10.0},{"not_picked":["Pummel","Carnage"],"picked":"Seeing Red+1","floor":13.0},{"not_picked":["Fire Breathing","Heavy Blade","Hemokinesis"],"picked":"SKIP","floor":14.0}],"player_experience":124649,"relics_obtained":[{"floor":9.0,"key":"Smiling Mask"},{"floor":10.0,"key":"Toxic Egg 2"},{"floor":11.0,"key":"Regal Pillow"},{"floor":13.0,"key":"Gremlin Horn"}],"event_choices":[{"event_name":"Golden Wing","player_choice":"Gained Gold","floor":7.0,"damage_taken":0.0},{"event_name":"Golden Idol","player_choice":"Take Damage","floor":12.0,"damage_taken":0.0}],"boss_relics":[],"items_purged_floors":[2],"is_endless":false,"potions_floor_spawned":[3,13,14],"killed_by":"The Guardian","ascension_level":0}