{"gold_per_floor":[116,4,79,96,108,108,143,143,143,172,172,172,189,9,9,84,84,97,112,112,112,131,131,156,156,156,156,169,78,78,78,78,78],"floor_reached":33,"playtime":1019,"items_purged":["Strike_R","Strike_R"],"score":528,"play_id":"684f645f-6346-441e-8d22-966dc2947f6c","local_time":"20190123234528","is_ascension_mode":true,"campfire_choices":[{"data":"Uppercut","floor":6,"key":"SMITH"},{"data":"Rage","floor":8,"key":"SMITH"},{"data":"Immolate","floor":12,"key":"SMITH"},{"floor":15,"key":"REST"},{"data":"Bash","floor":23,"key":"SMITH"},{"data":"Metallicize","floor":25,"key":"SMITH"},{"data":"Dropkick","floor":27,"key":"SMITH"},{"data":"Flash of Steel","floor":32,"key":"SMITH"}],"neow_cost":"NONE","seed_source_timestamp":1225831022244895,"circlet_count":0,"master_deck":["AscendersBane","Strike_R+1","Strike_R+1","Strike_R+1","Defend_R+1","Defend_R+1","Defend_R+1","Defend_R+1","Bash+1","Metallicize+1","Uppercut+1","Dropkick+1","Rampage","Rage+1","Immolate+1","Dropkick","Ghostly","Ghostly","Ghostly","Disarm+1","Flash of Steel+1","Necronomicurse"],"relics":["Burning Blood","NeowsBlessing","Sundial","Bronze Scales","Matryoshka","Nunchaku","Eternal Feather","Dodecahedron","Potion Belt","Toxic Egg 2","Necronomicon"],"potions_floor_usage":[7,16,19,33],"damage_taken":[{"damage":0,"enemies":"Cultist","floor":1,"turns":1},{"damage":0,"enemies":"Small Slimes","floor":4,"turns":1},{"damage":0,"enemies":"Jaw Worm","floor":5,"turns":1},{"damage":19,"enemies":"Lagavulin","floor":7,"turns":6},{"damage":23,"enemies":"Gremlin Nob","floor":10,"turns":4},{"damage":3,"enemies":"Blue Slaver","floor":13,"turns":2},{"damage":14,"enemies":"Hexaghost","floor":16,"turns":8},{"damage":9,"enemies":"3 Byrds","floor":18,"turns":2},{"damage":18,"enemies":"Shell Parasite","floor":19,"turns":4},{"damage":16,"enemies":"Snake Plant","floor":22,"turns":2},{"damage":27,"enemies":"Slavers","floor":24,"turns":5},{"damage":8,"enemies":"Centurion and Healer","floor":28,"turns":6},{"damage":22,"enemies":"Collector","floor":33,"turns":5}],"seed_played":"7126802408439751323","potions_obtained":[{"floor":1,"key":"AttackPotion"},{"floor":10,"key":"Dexterity Potion"},{"floor":13,"key":"Ancient Potion"},{"floor":24,"key":"Strength Potion"},{"floor":28,"key":"Fire Potion"}],"is_trial":false,"path_per_floor":["M","$","?","M","M","R","E","R","T","E","?","R","M","$","R","B",null,"M","M","?","$","M","R","E","R","T","R","M","$","?","?","R","B"],"character_chosen":"IRONCLAD","items_purchased":["Uppercut","Dropkick","Flash of Steel"],"campfire_rested":1,"item_purchase_floors":[2,14,29],"current_hp_per_floor":[74,74,63,69,75,75,62,62,62,45,27,27,30,30,52,44,67,64,52,37,37,27,36,15,24,24,33,31,31,31,10,22,0],"gold":78,"neow_bonus":"THREE_ENEMY_KILL","is_prod":false,"is_daily":false,"chose_seed":false,"campfire_upgraded":7,"win_rate":0,"timestamp":1548283528,"path_taken":["M","?","?","M","M","R","E","R","T","E","?","R","M","?","R","BOSS","M","M","?","$","M","R","E","R","T","R","M","$","?","?","R","BOSS"],"build_version":"2019-01-23","purchased_purges":2,"victory":false,"max_hp_per_floor":[75,75,75,75,75,75,75,75,75,75,75,75,75,75,75,75,75,75,75,37,37,37,37,37,37,37,37,37,37,37,37,37,37],"card_choices":[{"not_picked":["Dropkick","Cleave"],"picked":"Metallicize","floor":1},{"not_picked":["Clothesline","Perfected Strike"],"picked":"Dropkick","floor":4},{"not_picked":["Entrench","Headbutt"],"picked":"Rampage","floor":5},{"not_picked":["Dark Embrace","Heavy Blade"],"picked":"Rage","floor":7},{"not_picked":["Twin Strike","True Grit"],"picked":"Immolate","floor":10},{"not_picked":["Havoc","Sever Soul","Shrug It Off"],"picked":"SKIP","floor":13},{"not_picked":["Iron Wave","Shockwave","Headbutt+1"],"picked":"SKIP","floor":18},{"not_picked":["Sword Boomerang","Wild Strike","Dark Embrace"],"picked":"SKIP","floor":19},{"not_picked":["Perfected Strike","Headbutt","Flame Barrier"],"picked":"SKIP","floor":22},{"not_picked":["Flex","Perfected Strike","Twin Strike"],"picked":"SKIP","floor":24},{"not_picked":["Clash","Sword Boomerang"],"picked":"Disarm+1","floor":28}],"player_experience":926274,"relics_obtained":[{"floor":7,"key":"Sundial"},{"floor":9,"key":"Bronze Scales"},{"floor":10,"key":"Matryoshka"},{"floor":24,"key":"Dodecahedron"},{"floor":26,"key":"Potion Belt"},{"floor":26,"key":"Toxic Egg 2"},{"floor":31,"key":"Necronomicon"}],"event_choices":[{"damage_healed":0,"gold_gain":75,"player_choice":"Gather Gold","damage_taken":11,"max_hp_gain":0,"max_hp_loss":0,"event_name":"World of Goop","floor":3,"gold_loss":0},{"damage_healed":0,"gold_gain":0,"player_choice":"Success","damage_taken":18,"relics_obtained":["Nunchaku"],"max_hp_gain":0,"max_hp_loss":0,"event_name":"Scrap Ooze","floor":11,"gold_loss":0},{"damage_healed":0,"gold_gain":0,"player_choice":"Became a Ghost","damage_taken":0,"max_hp_gain":0,"max_hp_loss":38,"event_name":"Ghosts","floor":20,"gold_loss":0,"cards_obtained":["Ghostly","Ghostly","Ghostly"]},{"damage_healed":0,"gold_gain":0,"player_choice":"Simplicity","damage_taken":0,"max_hp_gain":0,"max_hp_loss":0,"event_name":"Back to Basics","floor":30,"gold_loss":0,"cards_upgraded":["Strike_R","Strike_R","Strike_R","Defend_R","Defend_R","Defend_R","Defend_R"]},{"damage_healed":0,"gold_gain":0,"player_choice":"Obtained Book","damage_taken":21,"max_hp_gain":0,"max_hp_loss":0,"event_name":"Cursed Tome","floor":31,"gold_loss":0}],"is_beta":false,"boss_relics":[{"not_picked":["Empty Cage","Snecko Eye"],"picked":"Eternal Feather"}],"items_purged_floors":[2,14],"is_endless":false,"potions_floor_spawned":[1,10,13,24,28],"killed_by":"Collector","ascension_level":19}