{"gold_per_floor":[15,15,29,48,48,48,81,81,81,51,66,66,91,116,116,246,246,271,271,196,211,134,134,134],"floor_reached":24,"playtime":2026,"items_purged":["Strike_G"],"score":196,"play_id":"3dd27b42-9d16-49f8-9ab5-7622974e42ba","local_time":"20180717142630","is_ascension_mode":false,"campfire_choices":[{"data":"Dagger Spray","floor":6,"key":"SMITH"},{"data":"Neutralize","floor":8,"key":"SMITH"},{"data":"Footwork","floor":12,"key":"SMITH"},{"floor":15,"key":"REST"},{"floor":23,"key":"REST"}],"neow_cost":"NO_GOLD","seed_source_timestamp":241732448784018,"circlet_count":0,"master_deck":["Defend_G+1","Defend_G","Defend_G","Defend_G+1","Survivor","Neutralize+1","Flying Knee","All Out Attack","Bouncing Flask","Dagger Spray+1","Footwork+1","Burst","Outmaneuver+1","Finisher+1","Underhanded Strike+1","J.A.X."],"relics":["Ring of the Snake","Golden Idol","Ninja Scroll","Boot","Astrolabe","Enchiridion"],"potions_floor_usage":[21],"damage_taken":[{"damage":0,"enemies":"Small Slimes","floor":1,"turns":2},{"damage":0,"enemies":"Jaw Worm","floor":3,"turns":4},{"damage":0,"enemies":"Cultist","floor":4,"turns":3},{"damage":7,"enemies":"Lagavulin","floor":7,"turns":6},{"damage":1,"enemies":"2 Fungi Beasts","floor":11,"turns":3},{"damage":0,"enemies":"Gremlin Gang","floor":13,"turns":2},{"damage":0,"enemies":"Exordium Wildlife","floor":14,"turns":4},{"damage":28,"enemies":"Hexaghost","floor":16,"turns":10},{"damage":0,"enemies":"3 Byrds","floor":18,"turns":2},{"damage":16,"enemies":"2 Thieves","floor":21,"turns":5},{"damage":61,"enemies":"Book of Stabbing","floor":24,"turns":7}],"seed_played":"-8731337819849652840","potions_obtained":[{"floor":1,"key":"Weak Potion"},{"floor":10,"key":"Strength Potion"},{"floor":10,"key":"Explosive Potion"},{"floor":11,"key":"FearPotion"},{"floor":14,"key":"PowerPotion"},{"floor":21,"key":"AttackPotion"}],"is_trial":false,"path_per_floor":["M","?","M","M","?","R","E","R","T","?","M","R","M","M","R","B",null,"M","?","$","M","?","R"],"character_chosen":"THE_SILENT","items_purchased":[],"campfire_rested":2,"item_purchase_floors":[],"current_hp_per_floor":[70,56,56,56,39,39,32,32,32,32,31,31,31,31,52,24,70,70,54,54,38,38,59,0],"gold":134,"neow_bonus":"TRANSFORM_TWO_CARDS","is_prod":false,"is_daily":false,"chose_seed":false,"campfire_upgraded":3,"win_rate":0,"timestamp":1531851990,"path_taken":["M","?","M","M","?","R","E","R","T","?","?","R","M","M","R","BOSS","M","?","$","M","?","R","E"],"build_version":"2018-07-12","purchased_purges":1,"victory":false,"max_hp_per_floor":[70,70,70,70,70,70,70,70,70,70,70,70,70,70,70,70,70,70,70,70,70,70,70,70],"card_choices":[{"not_picked":["Prepared","Dodge and Roll"],"picked":"Bouncing Flask","floor":1},{"not_picked":["Accuracy","Choke"],"picked":"Dagger Spray","floor":3},{"not_picked":["Prepared","Cloak And Dagger","Flying Knee"],"picked":"SKIP","floor":4},{"not_picked":["Slice","Masterful Stab","Deadly Poison"],"picked":"SKIP","floor":7},{"not_picked":["Slice","Terror"],"picked":"Footwork","floor":11},{"not_picked":["Eviscerate","Reflex"],"picked":"Burst","floor":13},{"not_picked":["Caltrops","Sucker Punch","Poisoned Stab"],"picked":"SKIP","floor":14},{"not_picked":["Crippling Poison+1","Poisoned Stab","Cloak And Dagger"],"picked":"SKIP","floor":18},{"not_picked":["Outmaneuver","Riddle With Holes","Leg Sweep"],"picked":"SKIP","floor":21}],"player_experience":76661,"relics_obtained":[{"floor":7,"key":"Ninja Scroll"},{"floor":9,"key":"Boot"},{"floor":19,"key":"Enchiridion"}],"event_choices":[{"event_name":"Shining Light","player_choice":"Entered Light","floor":2,"damage_taken":0},{"event_name":"Golden Idol","player_choice":"Take Damage","floor":5,"damage_taken":0},{"event_name":"The Woman in Blue","player_choice":"Bought 2 Potions","floor":10,"damage_taken":0},{"event_name":"Cursed Tome","player_choice":"Obtained Book","floor":19,"damage_taken":0},{"event_name":"Drug Dealer","player_choice":"Got JAXXED","floor":22,"damage_taken":0}],"boss_relics":[{"not_picked":["Calling Bell","Sozu"],"picked":"Astrolabe"}],"items_purged_floors":[20],"is_endless":false,"potions_floor_spawned":[1,11,14,21],"killed_by":"Book of Stabbing","ascension_level":0}