{"gold_per_floor":[118,293,309,320,10,36,36,52,52,69,69,97,117,142,142,246,246,257,257,275,275,287,287,302,327,354,354,2,2,2,13,13,108,108,119,0,0,53,153,186,186,212,236,236,252,252,252,285,285,285],"floor_reached":51,"playtime":1589,"items_purged":["Doubt"],"score":1244,"play_id":"08302ed7-d2d1-4d07-8dcf-18e7d046b542","local_time":"20190208220454","is_ascension_mode":true,"campfire_choices":[{"data":"Armaments","floor":7.0,"key":"SMITH"},{"data":"Flex","floor":11.0,"key":"SMITH"},{"floor":15.0,"key":"REST"},{"data":"Demon Form","floor":23.0,"key":"SMITH"},{"data":"Inflame","floor":27.0,"key":"SMITH"},{"data":"Heavy Blade","floor":30.0,"key":"SMITH"},{"data":"Bash","floor":32.0,"key":"SMITH"},{"data":"Sword Boomerang","floor":41,"key":"SMITH"},{"floor":44,"key":"DIG"},{"floor":46,"key":"DIG"},{"data":"Heavy Blade","floor":49,"key":"SMITH"}],"neow_cost":"NONE","seed_source_timestamp":499342888747441,"circlet_count":0,"master_deck":["AscendersBane","Strike_R+1","Strike_R+1","Strike_R+1","Strike_R+1","Strike_R+1","Defend_R+1","Defend_R+1","Defend_R+1","Defend_R+1","Bash+1","Reckless Charge","Ghostly Armor","Flex+1","Sword Boomerang+1","Headbutt","Offering","Demon Form+1","Heavy Blade+1","Fiend Fire","Inflame+1","Havoc+1","Intimidate+1","Pummel+1","Iron Wave+1","Limit Break","Pommel Strike","Clothesline+1","Shrug It Off+1","Blood for Blood+1","Clumsy","Heavy Blade+1","Sword Boomerang+1"],"special_seed":0,"relics":["Black Blood","Vajra","Bottled Lightning","Question Card","Juzu Bracelet","Bag of Marbles","MutagenicStrength","Magic Flower","Ancient Tea Set","Brimstone","Cursed Key","Red Mask","Shovel","Unceasing Top","Sundial","Bronze Scales","Anchor","Gremlin Horn","Strawberry","Oddly Smooth Stone"],"potions_floor_usage":[33,38,50,50],"damage_taken":[{"damage":10.0,"enemies":"Small Slimes","floor":1.0,"turns":3.0},{"damage":12.0,"enemies":"Jaw Worm","floor":3.0,"turns":3.0},{"damage":11.0,"enemies":"2 Louse","floor":4.0,"turns":3.0},{"damage":40.0,"enemies":"3 Sentries","floor":6.0,"turns":9.0},{"damage":3.0,"enemies":"Blue Slaver","floor":8.0,"turns":4.0},{"damage":2.0,"enemies":"Large Slime","floor":10.0,"turns":6.0},{"damage":16.0,"enemies":"Gremlin Nob","floor":12.0,"turns":3.0},{"damage":7.0,"enemies":"2 Fungi Beasts","floor":13.0,"turns":3.0},{"damage":36.0,"enemies":"3 Sentries","floor":14.0,"turns":7.0},{"damage":17.0,"enemies":"Slime Boss","floor":16.0,"turns":6.0},{"damage":8.0,"enemies":"3 Byrds","floor":18.0,"turns":6.0},{"damage":12.0,"enemies":"Chosen","floor":20.0,"turns":3.0},{"damage":0.0,"enemies":"Snake Plant","floor":22.0,"turns":2.0},{"damage":6.0,"enemies":"Shelled Parasite and Fungi","floor":24.0,"turns":2.0},{"damage":38.0,"enemies":"Book of Stabbing","floor":25.0,"turns":4.0},{"damage":0.0,"enemies":"3 Cultists","floor":31.0,"turns":2.0},{"damage":63,"enemies":"Collector","floor":33,"turns":5},{"damage":0,"enemies":"Orb Walker","floor":35,"turns":1},{"damage":7,"enemies":"2 Orb Walkers","floor":38,"turns":2},{"damage":6,"enemies":"Mind Bloom Boss Battle","floor":39,"turns":2},{"damage":20,"enemies":"Reptomancer","floor":40,"turns":3},{"damage":6,"enemies":"Nemesis","floor":42,"turns":1},{"damage":0,"enemies":"3 Shapes","floor":45,"turns":2},{"damage":0,"enemies":"Giant Head","floor":48,"turns":3},{"damage":40,"enemies":"Donu and Deca","floor":50,"turns":5}],"seed_played":"693546634876753891","potions_obtained":[{"floor":3.0,"key":"Regen Potion"},{"floor":4.0,"key":"Fruit Juice"},{"floor":8.0,"key":"Strength Potion"},{"floor":14.0,"key":"Explosive Potion"},{"floor":16.0,"key":"Weak Potion"},{"floor":24.0,"key":"Fire Potion"},{"floor":25.0,"key":"FearPotion"},{"floor":33,"key":"Weak Potion"},{"floor":38,"key":"SpeedPotion"},{"floor":40,"key":"Poison Potion"}],"is_trial":false,"path_per_floor":["M","?","M","M","$","E","R","M","T","M","R","E","M","E","R","B",null,"M","?","M","?","M","R","M","E","T","R","$","?","R","M","R","B",null,"M","?","$","?","?","E","R","E","T","R","M","R","?","E","R","B",null],"character_chosen":"IRONCLAD","items_purchased":["Vajra","Flex","Sword Boomerang","Brimstone","Limit Break"],"campfire_rested":1,"item_purchase_floors":[5,5,5,28,28],"current_hp_per_floor":[68,68,62,62,62,43,43,46,46,50,50,40,39,9,34,23,70,72,72,70,70,80,80,84,56,56,56,56,56,56,71,71,23,70,85,85,85,85,85,80,80,85,85,85,85,92,92,92,92,67],"gold":285,"neow_bonus":"THREE_CARDS","is_prod":false,"is_daily":false,"chose_seed":false,"campfire_upgraded":8,"win_rate":0,"timestamp":1549659894,"path_taken":["M","?","M","M","$","E","R","M","T","M","R","E","M","E","R","BOSS","M","?","M","?","M","R","M","E","T","R","$","?","R","M","R","BOSS","M","?","$","?","?","E","R","E","T","R","M","R","?","E","R","BOSS"],"build_version":"2019-01-23","purchased_purges":1,"victory":true,"max_hp_per_floor":[80,80,80,85,85,85,85,85,85,85,85,85,85,85,85,85,85,85,85,85,85,85,85,85,85,85,85,85,85,85,85,85,85,85,85,85,85,85,85,85,85,85,85,85,85,92,92,92,92,92],"card_choices":[{"not_picked":["Warcry","Heavy Blade"],"picked":"Reckless Charge","floor":0.0},{"not_picked":["Body Slam","Shrug It Off"],"picked":"Armaments","floor":1.0},{"not_picked":["Cleave","Body Slam"],"picked":"Ghostly Armor","floor":3.0},{"not_picked":["Sentinel","Entrench","Cleave"],"picked":"SKIP","floor":4.0},{"not_picked":["Iron Wave","Rampage"],"picked":"Headbutt","floor":6.0},{"not_picked":["Dropkick","Heavy Blade"],"picked":"Offering","floor":8.0},{"not_picked":["Warcry","Armaments","True Grit","Perfected Strike"],"picked":"SKIP","floor":10.0},{"not_picked":["Headbutt","Limit Break","Body Slam"],"picked":"Demon Form","floor":12.0},{"not_picked":["Perfected Strike","Corruption","Pommel Strike","Iron Wave"],"picked":"SKIP","floor":13.0},{"not_picked":["Intimidate","Thunderclap","Evolve"],"picked":"Heavy Blade","floor":14.0},{"not_picked":["Exhume","Demon Form","Impervious"],"picked":"Fiend Fire","floor":16.0},{"not_picked":["Whirlwind+1","Evolve+1","Cleave"],"picked":"Inflame","floor":18.0},{"not_picked":["Body Slam","Wild Strike","Bloodletting"],"picked":"Havoc+1","floor":20.0},{"not_picked":["Blood for Blood","Anger","Second Wind"],"picked":"Intimidate+1","floor":22.0},{"not_picked":["Heavy Blade","Combust+1","Sentinel"],"picked":"Pummel+1","floor":24.0},{"not_picked":["Hemokinesis","Thunderclap","Clash"],"picked":"Iron Wave+1","floor":25.0},{"not_picked":["Sword Boomerang","Headbutt","Flex+1","Armaments"],"picked":"SKIP","floor":31.0},{"not_picked":["Cleave","True Grit","Body Slam+1"],"picked":"Pommel Strike","floor":35},{"not_picked":["Wild Strike+1","Power Through","True Grit+1"],"picked":"Clothesline+1","floor":38},{"not_picked":["Thunderclap","Power Through","Body Slam+1"],"picked":"Shrug It Off+1","floor":39},{"not_picked":["Power Through+1","Clothesline","Body Slam+1"],"picked":"Blood for Blood+1","floor":40},{"not_picked":["Pommel Strike","Demon Form","Body Slam","Sentinel+1"],"picked":"SKIP","floor":42},{"not_picked":["Dual Wield","Reckless Charge+1","Body Slam+1"],"picked":"Heavy Blade","floor":45},{"not_picked":["Iron Wave+1","Fire Breathing","Limit Break"],"picked":"Sword Boomerang+1","floor":48}],"player_experience":1006111,"relics_obtained":[{"floor":6.0,"key":"Bottled Lightning"},{"floor":9.0,"key":"Question Card"},{"floor":12.0,"key":"Juzu Bracelet"},{"floor":14.0,"key":"Bag of Marbles"},{"floor":25.0,"key":"Magic Flower"},{"floor":26.0,"key":"Ancient Tea Set"},{"floor":38,"key":"Shovel"},{"floor":39,"key":"Unceasing Top"},{"floor":40,"key":"Sundial"},{"floor":42,"key":"Bronze Scales"},{"floor":43,"key":"Anchor"},{"floor":44,"key":"Gremlin Horn"},{"floor":46,"key":"Strawberry"},{"floor":48,"key":"Oddly Smooth Stone"}],"event_choices":[{"damage_healed":0.0,"max_hp_gain":0.0,"max_hp_loss":0.0,"gold_gain":175.0,"event_name":"Liars Game","player_choice":"AGREE","floor":2.0,"gold_loss":0.0,"damage_taken":0.0,"cards_obtained":["Doubt"]},{"damage_healed":0.0,"max_hp_gain":0.0,"max_hp_loss":0.0,"gold_gain":0.0,"event_name":"Drug Dealer","player_choice":"Inject Mutagens","floor":19.0,"gold_loss":0.0,"damage_taken":0.0,"relics_obtained":["MutagenicStrength"]},{"damage_healed":0.0,"max_hp_gain":0.0,"max_hp_loss":0.0,"gold_gain":0.0,"event_name":"Back to Basics","player_choice":"Simplicity","floor":21.0,"gold_loss":0.0,"damage_taken":0.0,"cards_upgraded":["Strike_R","Strike_R","Strike_R","Strike_R","Strike_R","Defend_R","Defend_R","Defend_R","Defend_R"]},{"damage_healed":0.0,"max_hp_gain":0.0,"max_hp_loss":0.0,"gold_gain":0.0,"event_name":"Beggar","player_choice":"Ignored","floor":29.0,"gold_loss":0.0,"damage_taken":0.0},{"damage_healed":0,"gold_gain":0,"player_choice":"Paid","damage_taken":0,"relics_obtained":["Red Mask"],"max_hp_gain":0,"max_hp_loss":0,"event_name":"Tomb of Lord Red Mask","floor":36,"gold_loss":119},{"damage_healed":0,"gold_gain":0,"player_choice":"Fight","damage_taken":0,"max_hp_gain":0,"max_hp_loss":0,"event_name":"Mysterious Sphere","floor":38,"gold_loss":0},{"damage_healed":0,"gold_gain":0,"player_choice":"Fight","damage_taken":0,"max_hp_gain":0,"max_hp_loss":0,"event_name":"MindBloom","floor":39,"gold_loss":0},{"cards_removed":["Armaments"],"damage_healed":0,"gold_gain":0,"player_choice":"Removed Skill","damage_taken":0,"max_hp_gain":0,"max_hp_loss":0,"event_name":"Falling","floor":47,"gold_loss":0}],"is_beta":false,"boss_relics":[{"not_picked":["Eternal Feather","Astrolabe"],"picked":"Black Blood"},{"not_picked":["Runic Pyramid","Empty Cage"],"picked":"Cursed Key"}],"items_purged_floors":[5],"is_endless":false,"potions_floor_spawned":[3,4,8,14,16,24,25,33,38,40],"ascension_level":10}