{"gold_per_floor":[116,116,126,51,51,51,126,161,161,161,179,205,205,38,38,109,109,119,129,148,148,48,78,78,105,153,153,203,203,203],"floor_reached":30,"playtime":1057,"items_purged":["Strike_B","Defend_B"],"score":643,"play_id":"22f20baf-5f94-4857-80e8-c68894086a8c","local_time":"20190301180833","is_ascension_mode":true,"campfire_choices":[{"data":"Zap","floor":6.0,"key":"SMITH"},{"data":"Dualcast","floor":10.0,"key":"SMITH"},{"data":"Ball Lightning","floor":13.0,"key":"SMITH"},{"floor":15.0,"key":"REST"},{"data":"Seek","floor":24.0,"key":"SMITH"},{"floor":27,"key":"REST"},{"data":"Electrodynamics","floor":29,"key":"SMITH"}],"neow_cost":"CURSE","seed_source_timestamp":0,"circlet_count":0,"master_deck":["AscendersBane","Strike_B","Strike_B","Defend_B","Defend_B","Defend_B","Zap+1","Dualcast+1","Electrodynamics+1","White Noise+1","Ball Lightning+1","Leap+1","Cold Snap+1","Melter+1","Seek+1","Chill+1","Stack+1","Scrape+1"],"special_seed":0,"relics":["Cracked Core","Spirit Poop","Oddly Smooth Stone","Molten Egg 2","WingedGreaves","War Paint","Sozu","Bag of Marbles","Darkstone Periapt","Regal Pillow"],"potions_floor_usage":[],"damage_taken":[{"damage":8.0,"enemies":"Small Slimes","floor":1.0,"turns":2.0},{"damage":0.0,"enemies":"Cultist","floor":3.0,"turns":3.0},{"damage":11.0,"enemies":"Gremlin Nob","floor":8.0,"turns":3.0},{"damage":0.0,"enemies":"2 Louse","floor":11.0,"turns":2.0},{"damage":12.0,"enemies":"3 Sentries","floor":12.0,"turns":3.0},{"damage":0.0,"enemies":"The Guardian","floor":16.0,"turns":9.0},{"damage":13.0,"enemies":"2 Thieves","floor":18.0,"turns":2.0},{"damage":0.0,"enemies":"Spheric Guardian","floor":19.0,"turns":1.0},{"damage":0.0,"enemies":"Centurion and Healer","floor":20.0,"turns":7.0},{"damage":16.0,"enemies":"Book of Stabbing","floor":23.0,"turns":6.0},{"damage":30,"enemies":"Gremlin Leader","floor":25,"turns":8},{"damage":42,"enemies":"Book of Stabbing","floor":30,"turns":5}],"seed_played":"4086940526329020762","potions_obtained":[{"floor":8.0,"key":"Weak Potion"},{"floor":12.0,"key":"GamblersBrew"},{"floor":16.0,"key":"AttackPotion"}],"is_trial":false,"path_per_floor":["M","?","M","$","?","R","?","E","T","R","M","E","R","$","R","B",null,"M","M","M","?","$","E","R","E","T","R","?","R","E"],"character_chosen":"DEFECT","items_purchased":["War Paint"],"campfire_rested":2,"item_purchase_floors":[14],"current_hp_per_floor":[56,56,56,56,49,49,38,27,27,27,27,15,15,15,36,36,62,49,49,49,49,49,33,33,3,3,39,39,39,0],"gold":203,"neow_bonus":"THREE_RARE_CARDS","is_prod":false,"is_daily":false,"chose_seed":false,"campfire_upgraded":5,"win_rate":0,"timestamp":1551460113,"path_taken":["M","?","?","?","?","R","?","E","T","R","M","E","R","$","R","BOSS","M","M","M","?","$","E","R","E","T","R","?","R","E"],"build_version":"2019-01-23","purchased_purges":2,"victory":false,"max_hp_per_floor":[71,71,71,71,71,71,71,71,71,71,71,71,71,71,71,71,71,71,71,71,71,71,71,71,71,71,71,71,71,71],"card_choices":[{"not_picked":["Creative AI","Rainbow"],"picked":"Electrodynamics","floor":0.0},{"not_picked":["Gash","Lockon"],"picked":"White Noise","floor":1.0},{"not_picked":["Fusion","Go for the Eyes"],"picked":"Ball Lightning","floor":3.0},{"not_picked":["Streamline","Steam"],"picked":"Leap","floor":8.0},{"not_picked":["Beam Cell+1","Streamline+1"],"picked":"Cold Snap+1","floor":11.0},{"not_picked":["Beam Cell+1","Static Discharge"],"picked":"Melter+1","floor":12.0},{"not_picked":["Multi-Cast","Rainbow"],"picked":"Seek","floor":16.0},{"not_picked":["Recycle","Rebound+1","Compile Driver+1"],"picked":"SKIP","floor":18.0},{"not_picked":["Stack","Streamline+1"],"picked":"Chill+1","floor":19.0},{"not_picked":["Beam Cell+1","Aggregate"],"picked":"Stack+1","floor":20.0},{"not_picked":["Go for the Eyes+1","Steam"],"picked":"Scrape+1","floor":23.0},{"not_picked":["Barrage+1","Beam Cell+1","Storm"],"picked":"SKIP","floor":25}],"player_experience":1156741,"relics_obtained":[{"floor":8.0,"key":"Oddly Smooth Stone"},{"floor":9.0,"key":"Molten Egg 2"},{"floor":12.0,"key":"WingedGreaves"},{"floor":23.0,"key":"Bag of Marbles"},{"floor":25,"key":"Darkstone Periapt"},{"floor":26,"key":"Regal Pillow"}],"event_choices":[{"cards_removed":["Shame"],"damage_healed":0.0,"max_hp_gain":0.0,"max_hp_loss":0.0,"gold_gain":0.0,"event_name":"Bonfire Elementals","player_choice":"Offered Curse","floor":2.0,"gold_loss":0.0,"damage_taken":0.0,"relics_obtained":["Spirit Poop"]},{"cards_removed":["Strike_B"],"damage_healed":0.0,"max_hp_gain":0.0,"max_hp_loss":0.0,"gold_gain":0.0,"event_name":"Golden Wing","player_choice":"Card Removal","floor":5.0,"gold_loss":0.0,"damage_taken":7.0},{"damage_healed":0.0,"max_hp_gain":0.0,"max_hp_loss":0.0,"gold_gain":75.0,"event_name":"World of Goop","player_choice":"Gather Gold","floor":7.0,"gold_loss":0.0,"damage_taken":11.0},{"damage_healed":0.0,"max_hp_gain":0.0,"max_hp_loss":0.0,"gold_gain":0.0,"event_name":"Ghosts","player_choice":"Ignored","floor":21.0,"gold_loss":0.0,"damage_taken":0.0},{"damage_healed":0,"gold_gain":50,"player_choice":"Stole From Cult","damage_taken":0,"max_hp_gain":0,"max_hp_loss":0,"event_name":"Nest","floor":28,"gold_loss":0}],"is_beta":false,"boss_relics":[{"not_picked":["Runic Dome","Snecko Eye"],"picked":"Sozu"}],"items_purged_floors":[4,22],"is_endless":false,"potions_floor_spawned":[8,12,16,19,25],"killed_by":"Book of Stabbing","ascension_level":20}