{"gold_per_floor":[10,26,26,26,26,26,53,74,74,84,114,174,174,204,204,305,305,316,88,101,117,17,17,17,49,76,88,88,105,124,143,143,239,239,256,131,131,146,146,175,194,194,219,219,236,255,255,47,47,47],"floor_reached":51,"playtime":3445,"items_purged":["Defend_R","Corruption+1","Defend_R"],"score":960,"play_id":"dea28cf9-2b87-4521-a95e-fa472892b6c7","local_time":"20180812020715","is_ascension_mode":true,"campfire_choices":[{"data":"Immolate","floor":6,"key":"SMITH"},{"data":"True Grit","floor":13,"key":"SMITH"},{"floor":15,"key":"REST"},{"data":"Defend_R","floor":23,"key":"PURGE"},{"data":"Clash","floor":28,"key":"SMITH"},{"data":"Demon Form","floor":32,"key":"SMITH"},{"floor":42,"key":"REST"},{"floor":44,"key":"REST"},{"data":"Shrug It Off","floor":49,"key":"SMITH"}],"neow_cost":"NO_GOLD","seed_source_timestamp":245636519042930,"circlet_count":0,"master_deck":["Bash+1","Clash+1","Immolate+1","Shrug It Off+1","True Grit+1","Bludgeon+1","Warcry+1","Metallicize","Demon Form+1","Madness","Madness","Secret Weapon","Secret Weapon"],"relics":["Burning Blood","Happy Flower","Odd Mushroom","Peace Pipe","Nunchaku","Mummified Hand","Anchor","Astrolabe","Whetstone","Red Mask","Oddly Smooth Stone","Black Star","Orichalcum","Bag of Marbles","Art of War","Lee\u0027s Waffle"],"potions_floor_usage":[16,21,40,41,50,50],"damage_taken":[{"damage":3,"enemies":"2 Louse","floor":1,"turns":4},{"damage":7,"enemies":"Jaw Worm","floor":2,"turns":2},{"damage":14,"enemies":"Gremlin Nob","floor":7,"turns":4},{"damage":0,"floor":8,"turns":1},{"damage":2,"enemies":"Small Slimes","floor":10,"turns":2},{"damage":24,"enemies":"3 Sentries","floor":11,"turns":6},{"damage":7,"enemies":"3 Sentries","floor":12,"turns":4},{"damage":8,"enemies":"Lagavulin","floor":14,"turns":6},{"damage":58,"enemies":"Hexaghost","floor":16,"turns":10},{"damage":9,"enemies":"Shell Parasite","floor":18,"turns":4},{"damage":8,"enemies":"2 Thieves","floor":20,"turns":4},{"damage":0,"enemies":"Cultist and Chosen","floor":21,"turns":4},{"damage":0,"floor":25,"turns":2},{"damage":2,"enemies":"3 Cultists","floor":27,"turns":3},{"damage":0,"enemies":"Centurion and Healer","floor":29,"turns":3},{"damage":0,"enemies":"Snecko","floor":30,"turns":2},{"damage":8,"enemies":"Sentry and Sphere","floor":31,"turns":3},{"damage":58,"enemies":"Automaton","floor":33,"turns":8},{"damage":0,"enemies":"3 Darklings","floor":35,"turns":3},{"damage":0,"enemies":"3 Shapes","floor":38,"turns":4},{"damage":96,"enemies":"Nemesis","floor":40,"turns":7},{"damage":12,"enemies":"Flame Bruiser 2 Orb","floor":41,"turns":5},{"damage":0,"enemies":"3 Darklings","floor":45,"turns":3},{"damage":0,"enemies":"4 Shapes","floor":46,"turns":1},{"damage":67,"enemies":"Awakened One","floor":50,"turns":5}],"seed_played":"-5039532887578820967","potions_obtained":[{"floor":2,"key":"Fire Potion"},{"floor":8,"key":"FairyPotion"},{"floor":10,"key":"Fire Potion"},{"floor":18,"key":"Poison Potion"},{"floor":27,"key":"Swift Potion"},{"floor":29,"key":"SteroidPotion"},{"floor":33,"key":"LiquidBronze"},{"floor":40,"key":"AttackPotion"},{"floor":45,"key":"PowerPotion"}],"is_trial":false,"path_per_floor":["M","M","?","?","?","R","E","?","T","M","E","?","R","E","R","B",null,"M","$","M","M","$","R","$","?","T","M","R","M","M","M","R","B",null,"M","$","?","M","?","E","M","R","T","R","M","M","?","$","R","B"],"character_chosen":"IRONCLAD","items_purchased":["Whetstone","Lee\u0027s Waffle"],"campfire_rested":3,"item_purchase_floors":[19,48],"current_hp_per_floor":[75,74,74,74,74,74,66,72,72,76,58,57,57,55,79,27,67,64,64,62,68,68,68,68,74,74,78,78,80,80,78,78,26,67,73,73,63,69,80,14,8,32,32,56,62,68,58,87,87,26],"gold":47,"neow_bonus":"REMOVE_TWO","is_prod":false,"is_daily":false,"chose_seed":false,"campfire_upgraded":5,"win_rate":0,"timestamp":1534054035,"path_taken":["M","M","?","?","?","R","E","?","T","M","E","?","R","E","R","BOSS","M","$","M","?","$","R","?","?","T","M","R","M","M","M","R","BOSS","M","$","?","M","?","E","M","R","T","R","M","M","?","?","R","BOSS"],"build_version":"2018-08-09","purchased_purges":3,"victory":true,"max_hp_per_floor":[80,80,80,80,80,80,80,80,80,80,80,80,80,80,80,80,80,80,80,80,80,80,80,80,80,80,80,80,80,80,80,80,80,80,80,80,80,80,80,80,80,80,80,80,80,80,80,87,87,87],"card_choices":[{"not_picked":["Cleave","Intimidate"],"picked":"Clash","floor":1},{"not_picked":["Burning Pact","Cleave","Corruption"],"picked":"SKIP","floor":2},{"not_picked":["Evolve","Clothesline","Heavy Blade"],"picked":"SKIP","floor":7},{"not_picked":["Cleave","Rupture","Flame Barrier"],"picked":"SKIP","floor":10},{"not_picked":["Evolve","Inflame"],"picked":"True Grit","floor":11},{"not_picked":["Bloodletting","Flex","Feel No Pain"],"picked":"SKIP","floor":14},{"not_picked":["Limit Break","Brutality"],"picked":"Bludgeon","floor":16},{"not_picked":["Anger","True Grit+1","Sword Boomerang"],"picked":"SKIP","floor":18},{"not_picked":["Perfected Strike","Disarm","Flex"],"picked":"SKIP","floor":20},{"not_picked":["Headbutt","Anger+1","Body Slam"],"picked":"SKIP","floor":21},{"not_picked":["Infernal Blade","Body Slam","Clash"],"picked":"SKIP","floor":27},{"not_picked":["True Grit","Perfected Strike","Headbutt+1"],"picked":"SKIP","floor":29},{"not_picked":["True Grit","Perfected Strike","Headbutt+1"],"picked":"SKIP","floor":29},{"not_picked":["True Grit","Perfected Strike","Headbutt+1"],"picked":"SKIP","floor":29},{"not_picked":["Twin Strike+1","Shrug It Off"],"picked":"Metallicize","floor":30},{"not_picked":["Body Slam","Thunderclap"],"picked":"Demon Form","floor":31},{"not_picked":["Sever Soul","Clothesline+1","Armaments"],"picked":"SKIP","floor":35},{"not_picked":["Iron Wave+1","Burning Pact+1","Sword Boomerang+1"],"picked":"SKIP","floor":38},{"not_picked":["Flame Barrier","Perfected Strike","Cleave+1"],"picked":"SKIP","floor":40},{"not_picked":["Perfected Strike","Twin Strike+1","Sword Boomerang+1"],"picked":"SKIP","floor":41},{"not_picked":["Armaments+1","Iron Wave","Body Slam"],"picked":"SKIP","floor":45},{"not_picked":["Anger+1","Clash","Sever Soul+1"],"picked":"SKIP","floor":46},{"not_picked":["Sadistic Nature","Madness"],"picked":"Secret Weapon","floor":47},{"not_picked":["Bandage Up","Thinking Ahead"],"picked":"Secret Weapon","floor":47}],"player_experience":202162,"relics_obtained":[{"floor":7,"key":"Happy Flower"},{"floor":8,"key":"Odd Mushroom"},{"floor":9,"key":"Peace Pipe"},{"floor":11,"key":"Nunchaku"},{"floor":12,"key":"Mummified Hand"},{"floor":14,"key":"Anchor"},{"floor":25,"key":"Red Mask"},{"floor":26,"key":"Oddly Smooth Stone"},{"floor":40,"key":"Orichalcum"},{"floor":40,"key":"Bag of Marbles"},{"floor":43,"key":"Art of War"}],"event_choices":[{"event_name":"The Cleric","player_choice":"Leave","floor":3,"damage_taken":0},{"event_name":"Match and Keep!","player_choice":"2 cards matched","floor":4,"damage_taken":0},{"event_name":"Living Wall","player_choice":"Forget","floor":5,"damage_taken":0},{"event_name":"Mushrooms","player_choice":"Fought Mushrooms","floor":8,"damage_taken":0},{"event_name":"Dead Adventurer","player_choice":"Searched \u00272\u0027 times","floor":12,"damage_taken":0},{"event_name":"Masked Bandits","player_choice":"Fought Bandits","floor":25,"damage_taken":0},{"event_name":"Winding Halls","player_choice":"Embrace Madness","floor":37,"damage_taken":0},{"event_name":"Bonfire Elementals","player_choice":"UNCOMMON","floor":39,"damage_taken":0},{"event_name":"SensoryStone","player_choice":"Memory 3","floor":47,"damage_taken":0}],"is_beta":false,"boss_relics":[{"not_picked":["Empty Cage","Snecko Eye"],"picked":"Astrolabe"},{"not_picked":["Pandora\u0027s Box","Runic Cube"],"picked":"Black Star"}],"items_purged_floors":[19,22,36],"is_endless":false,"potions_floor_spawned":[2,8,10,12,18,27,29,33,40,45],"ascension_level":9}