{"gold_per_floor":[116,66,66,86,106,106,138,138,138,148,176,64,97,114,114,187,187,203,203,221,221,233,233,267,1,1,33,46,66,97,115,115,115],"floor_reached":33,"playtime":3276,"items_purged":["Strike_R"],"score":565,"play_id":"9bf58f8e-5a24-4c62-91b5-852c8d54a5e5","local_time":"20190228234538","is_ascension_mode":true,"campfire_choices":[{"data":"Uppercut","floor":6.0,"key":"SMITH"},{"data":"Inflame","floor":8.0,"key":"SMITH"},{"floor":15.0,"key":"REST"},{"floor":23.0,"key":"REST"},{"floor":32.0,"key":"REST"}],"neow_cost":"NONE","seed_source_timestamp":1215705176537627,"circlet_count":0,"master_deck":["AscendersBane","Strike_R","Strike_R","Strike_R","Defend_R","Defend_R","Defend_R","Defend_R","Bash","Inflame+1","Sentinel","Cleave","Uppercut+1","Twin Strike","Iron Wave","Cleave","Sever Soul","Ghostly Armor","Clash","Dark Embrace","True Grit+1","Limit Break","Bloodletting+1","Second Wind","Normality","Heavy Blade+1","Pummel"],"special_seed":0,"relics":["Burning Blood","NeowsBlessing","Question Card","Bag of Preparation","PreservedInsect","Singing Bowl","Cursed Key","Enchiridion","Strawberry","Sling","Self Forming Clay","Nunchaku","Lantern"],"potions_floor_usage":[33,33],"damage_taken":[{"damage":0.0,"enemies":"Jaw Worm","floor":1.0,"turns":1.0},{"damage":0.0,"enemies":"Cultist","floor":4.0,"turns":1.0},{"damage":0.0,"enemies":"Small Slimes","floor":5.0,"turns":1.0},{"damage":25.0,"enemies":"Lagavulin","floor":7.0,"turns":5.0},{"damage":8.0,"enemies":"Looter","floor":10.0,"turns":2.0},{"damage":20.0,"enemies":"Gremlin Nob","floor":11.0,"turns":4.0},{"damage":10.0,"enemies":"Lagavulin","floor":13.0,"turns":3.0},{"damage":13.0,"enemies":"Blue Slaver","floor":14.0,"turns":2.0},{"damage":27.0,"enemies":"Slime Boss","floor":16.0,"turns":10.0},{"damage":8.0,"enemies":"3 Byrds","floor":18.0,"turns":4.0},{"damage":2.0,"enemies":"Chosen","floor":20.0,"turns":4.0},{"damage":25.0,"enemies":"Shelled Parasite and Fungi","floor":22.0,"turns":5.0},{"damage":25.0,"enemies":"Gremlin Leader","floor":24.0,"turns":5.0},{"damage":18.0,"enemies":"Book of Stabbing","floor":27.0,"turns":4.0},{"damage":12.0,"enemies":"Snecko","floor":28.0,"turns":5.0},{"damage":3.0,"enemies":"Sentry and Sphere","floor":29.0,"turns":3.0},{"damage":20.0,"enemies":"Slavers","floor":30.0,"turns":3.0},{"damage":3.0,"enemies":"Cultist and Chosen","floor":31.0,"turns":4.0},{"damage":76,"enemies":"Automaton","floor":33,"turns":6}],"seed_played":"6611107506844405206","potions_obtained":[{"floor":5.0,"key":"Energy Potion"},{"floor":10.0,"key":"Strength Potion"},{"floor":14.0,"key":"SkillPotion"},{"floor":16.0,"key":"Weak Potion"},{"floor":18.0,"key":"Dexterity Potion"},{"floor":27.0,"key":"GamblersBrew"},{"floor":31.0,"key":"PowerPotion"}],"is_trial":false,"path_per_floor":["M","?","?","M","M","R","E","R","T","M","E","$","E","M","R","B",null,"M","?","M","?","M","R","E","$","T","E","M","M","E","M","R","B"],"character_chosen":"IRONCLAD","items_purchased":["Sever Soul","Sling","Second Wind"],"campfire_rested":3,"item_purchase_floors":[12,25,25],"current_hp_per_floor":[78,78,78,80,80,80,61,61,61,59,45,45,41,34,58,37,69,67,67,71,55,38,62,50,50,50,40,34,37,25,30,58,0],"gold":115,"neow_bonus":"THREE_ENEMY_KILL","is_prod":false,"is_daily":false,"chose_seed":false,"campfire_upgraded":2,"win_rate":0,"timestamp":1551415538,"path_taken":["M","?","?","M","?","R","E","R","T","?","E","?","E","M","R","BOSS","M","?","M","?","M","R","E","$","T","E","M","M","E","M","R","BOSS"],"build_version":"2019-01-23","purchased_purges":1,"victory":false,"max_hp_per_floor":[80,80,80,80,80,80,80,80,80,80,80,80,80,80,80,80,80,80,80,80,80,82,82,89,89,89,91,91,91,93,95,95,95],"card_choices":[{"not_picked":["Armaments","Spot Weakness"],"picked":"Inflame","floor":1.0},{"not_picked":["Havoc","Wild Strike"],"picked":"Cleave","floor":4.0},{"not_picked":["Sword Boomerang","Clothesline"],"picked":"Uppercut","floor":5.0},{"not_picked":["Battle Trance","Rupture"],"picked":"Twin Strike","floor":7.0},{"not_picked":["Shrug It Off","Hemokinesis","Pommel Strike"],"picked":"Iron Wave","floor":10.0},{"not_picked":["True Grit","Dual Wield","Dark Embrace"],"picked":"Cleave","floor":11.0},{"not_picked":["Clothesline","Fire Breathing","Blood for Blood"],"picked":"Ghostly Armor","floor":13.0},{"not_picked":["Warcry","Rampage","Twin Strike"],"picked":"Clash","floor":14.0},{"not_picked":["Brutality","Offering","Barricade"],"picked":"Dark Embrace","floor":16.0},{"not_picked":["Bloodletting","Thunderclap","Warcry+1"],"picked":"True Grit+1","floor":18.0},{"not_picked":["Sword Boomerang","Clash","Carnage"],"picked":"Limit Break","floor":20.0},{"not_picked":["Headbutt+1","Power Through","Sword Boomerang","Body Slam+1"],"picked":"Singing Bowl","floor":22.0},{"not_picked":["Shrug It Off","Headbutt","Intimidate"],"picked":"Bloodletting+1","floor":24.0},{"not_picked":["Uppercut","Rage","Body Slam+1","Flex"],"picked":"Singing Bowl","floor":27.0},{"not_picked":["Clothesline","Shrug It Off+1","Sword Boomerang"],"picked":"Heavy Blade+1","floor":28.0},{"not_picked":["Anger","Pommel Strike","Clothesline"],"picked":"Pummel","floor":29.0},{"not_picked":["Exhume","Hemokinesis","Heavy Blade","Pummel"],"picked":"Singing Bowl","floor":30.0},{"not_picked":["Shrug It Off","Pommel Strike","Iron Wave","Reckless Charge"],"picked":"Singing Bowl","floor":31.0}],"player_experience":561820,"relics_obtained":[{"floor":7.0,"key":"Question Card"},{"floor":9.0,"key":"Bag of Preparation"},{"floor":11.0,"key":"PreservedInsect"},{"floor":13.0,"key":"Singing Bowl"},{"floor":21.0,"key":"Enchiridion"},{"floor":24.0,"key":"Strawberry"},{"floor":26.0,"key":"Self Forming Clay"},{"floor":27.0,"key":"Nunchaku"},{"floor":30.0,"key":"Lantern"}],"event_choices":[{"cards_removed":["Strike_R"],"damage_healed":0.0,"max_hp_gain":0.0,"max_hp_loss":0.0,"gold_gain":0.0,"event_name":"The Cleric","player_choice":"Card Removal","floor":2.0,"gold_loss":50.0,"damage_taken":0.0},{"damage_healed":0.0,"max_hp_gain":0.0,"max_hp_loss":0.0,"gold_gain":0.0,"event_name":"Match and Keep!","player_choice":"1 cards matched","floor":3.0,"gold_loss":0.0,"damage_taken":0.0,"cards_obtained":["Sentinel"]},{"damage_healed":0.0,"max_hp_gain":0.0,"max_hp_loss":0.0,"gold_gain":0.0,"event_name":"Vampires","player_choice":"Ignored","floor":19.0,"gold_loss":0.0,"damage_taken":0.0},{"damage_healed":0.0,"max_hp_gain":0.0,"max_hp_loss":0.0,"gold_gain":0.0,"event_name":"Cursed Tome","player_choice":"Obtained Book","floor":21.0,"gold_loss":0.0,"damage_taken":16.0}],"is_beta":false,"boss_relics":[{"not_picked":["White Beast Statue","Black Star"],"picked":"Cursed Key"}],"items_purged_floors":[12],"is_endless":false,"potions_floor_spawned":[5,10,14,16,18,20,27,31],"killed_by":"Automaton","ascension_level":13}