{"gold_per_floor":[119,136,155,174,186,218,218,183,206,206,231,231,306,330,330,458,458,476,476,107,122,49,49,49,49,94,128,143,143,156,174,174,297,297,318,343,343,343,343,387,387,420,420,420,440,440],"floor_reached":46,"playtime":2638,"items_purged":["Injury"],"score":550,"play_id":"ed14c7d1-4b4e-4ee5-888f-4bc7a7367d35","local_time":"20190207205845","is_ascension_mode":true,"campfire_choices":[{"floor":12,"key":"REST"},{"floor":15,"key":"REST"},{"data":"Pommel Strike","floor":23,"key":"PURGE"},{"floor":32,"key":"REST"},{"floor":41,"key":"REST"},{"floor":44,"key":"REST"}],"neow_cost":"NONE","seed_source_timestamp":93200886494003,"circlet_count":0,"master_deck":["Strike_R","Strike_R","Strike_R","Strike_R","Strike_R","Defend_R","Defend_R","Defend_R","Defend_R","Bash","Pommel Strike","Sword Boomerang","Spot Weakness+1","Flex","Cleave","Rampage+1","Cleave+1","Feed","Immolate","Apotheosis"],"relics":["Burning Blood","Anchor","Centennial Puzzle","Oddly Smooth Stone","Juzu Bracelet","Golden Idol","Fusion Hammer","Peace Pipe","Vajra","Bag of Preparation","Enchiridion","Busted Crown","Pen Nib","Unceasing Top","Du-Vu Doll"],"potions_floor_usage":[27,33,33,33,42,46,46],"damage_taken":[{"damage":1,"enemies":"Cultist","floor":1,"turns":3},{"damage":7,"enemies":"Small Slimes","floor":2,"turns":4},{"damage":0,"enemies":"2 Louse","floor":3,"turns":2},{"damage":25,"enemies":"Lots of Slimes","floor":4,"turns":6},{"damage":13,"enemies":"Red Slaver","floor":5,"turns":3},{"damage":28,"enemies":"Gremlin Nob","floor":6,"turns":4},{"damage":2,"enemies":"2 Fungi Beasts","floor":11,"turns":4},{"damage":0,"enemies":"Exordium Wildlife","floor":14,"turns":3},{"damage":50,"enemies":"The Guardian","floor":16,"turns":8},{"damage":11,"enemies":"Spheric Guardian","floor":18,"turns":3},{"damage":16,"enemies":"2 Thieves","floor":21,"turns":3},{"damage":51,"enemies":"Gremlin Leader","floor":27,"turns":5},{"damage":0,"enemies":"Cultist and Chosen","floor":28,"turns":3},{"damage":6,"enemies":"3 Cultists","floor":30,"turns":3},{"damage":0,"enemies":"Chosen and Byrds","floor":31,"turns":3},{"damage":32,"enemies":"Collector","floor":33,"turns":5},{"damage":1,"enemies":"Orb Walker","floor":35,"turns":2},{"damage":17,"enemies":"3 Darklings","floor":36,"turns":2},{"damage":56,"enemies":"Giant Head","floor":40,"turns":6},{"damage":56,"enemies":"Nemesis","floor":42,"turns":5},{"damage":6,"enemies":"4 Shapes","floor":45,"turns":2},{"damage":51,"enemies":"Spire Growth","floor":46,"turns":3}],"seed_played":"7522927774446533033","potions_obtained":[{"floor":1,"key":"Regen Potion"},{"floor":2,"key":"GamblersBrew"},{"floor":4,"key":"SpeedPotion"},{"floor":16,"key":"Strength Potion"},{"floor":27,"key":"Ancient Potion"},{"floor":30,"key":"Ancient Potion"},{"floor":36,"key":"Fire Potion"},{"floor":40,"key":"BloodPotion"},{"floor":42,"key":"FearPotion"}],"is_trial":false,"path_per_floor":["M","M","M","M","M","E","?","?","T","?","M","R","?","M","R","B",null,"M","?","$","M","$","R","?","$","T","E","M","?","M","M","R","B",null,"M","M","?","?","?","E","R","E","T","R","M","M"],"character_chosen":"IRONCLAD","items_purchased":["Peace Pipe","Rampage"],"campfire_rested":5,"item_purchase_floors":[20,22],"current_hp_per_floor":[80,79,80,61,54,32,14,34,34,34,38,62,51,57,80,36,80,75,75,75,65,65,65,65,65,65,32,38,22,22,31,55,32,86,89,78,78,78,78,28,54,12,12,38,41,0],"gold":440,"neow_bonus":"RANDOM_COMMON_RELIC","is_prod":false,"is_daily":false,"chose_seed":false,"campfire_upgraded":0,"win_rate":0,"timestamp":1549533525,"path_taken":["M","M","M","?","M","E","?","?","T","?","M","R","?","M","R","BOSS","M","?","$","M","$","R","?","?","T","E","M","?","M","M","R","BOSS","M","M","?","?","?","E","R","E","T","R","M","M"],"build_version":"2019-01-23","purchased_purges":1,"victory":false,"max_hp_per_floor":[80,80,80,80,80,80,80,80,80,80,80,80,80,80,80,80,80,80,80,80,80,80,80,80,80,80,80,80,80,80,83,83,86,86,89,89,89,89,89,89,89,89,89,89,92,92],"card_choices":[{"not_picked":["True Grit","Headbutt"],"picked":"Pommel Strike","floor":1},{"not_picked":["Clothesline","Uppercut","Warcry"],"picked":"SKIP","floor":2},{"not_picked":["Whirlwind","Entrench","Heavy Blade"],"picked":"SKIP","floor":3},{"not_picked":["Heavy Blade","Wild Strike"],"picked":"Pommel Strike","floor":4},{"not_picked":["Armaments","Shrug It Off","Havoc"],"picked":"SKIP","floor":5},{"not_picked":["Brutality","Armaments","Warcry"],"picked":"SKIP","floor":6},{"not_picked":["Headbutt","Ghostly Armor"],"picked":"Sword Boomerang","floor":11},{"not_picked":["Flex","Dropkick"],"picked":"Spot Weakness","floor":14},{"not_picked":["Body Slam","Heavy Blade+1"],"picked":"Flex","floor":18},{"not_picked":["Shrug It Off","Iron Wave"],"picked":"Cleave","floor":21},{"not_picked":["Havoc","Fire Breathing"],"picked":"Cleave+1","floor":27},{"not_picked":["Carnage","Clothesline","Power Through"],"picked":"SKIP","floor":28},{"not_picked":["Battle Trance","Seeing Red"],"picked":"Feed","floor":30},{"not_picked":["Iron Wave","Perfected Strike","Shrug It Off+1"],"picked":"SKIP","floor":31},{"not_picked":["Demon Form","Feed"],"picked":"Immolate","floor":33},{"not_picked":[],"picked":"Intimidate+1","floor":35},{"not_picked":["Anger+1"],"picked":"SKIP","floor":36},{"not_picked":[],"picked":"Apotheosis","floor":38},{"not_picked":["Iron Wave+1"],"picked":"SKIP","floor":40},{"not_picked":["Heavy Blade+1"],"picked":"SKIP","floor":42},{"not_picked":["Heavy Blade+1"],"picked":"SKIP","floor":45}],"player_experience":152220,"relics_obtained":[{"floor":6,"key":"Centennial Puzzle"},{"floor":9,"key":"Juzu Bracelet"},{"floor":26,"key":"Vajra"},{"floor":27,"key":"Bag of Preparation"},{"floor":29,"key":"Enchiridion"},{"floor":40,"key":"Pen Nib"},{"floor":42,"key":"Unceasing Top"},{"floor":43,"key":"Du-Vu Doll"}],"event_choices":[{"damage_healed":0,"gold_gain":0,"player_choice":"Success","damage_taken":18,"relics_obtained":["Oddly Smooth Stone"],"max_hp_gain":0,"max_hp_loss":0,"event_name":"Scrap Ooze","floor":7,"gold_loss":0},{"damage_healed":20,"gold_gain":0,"player_choice":"Healed","damage_taken":0,"max_hp_gain":0,"max_hp_loss":0,"event_name":"The Cleric","floor":8,"gold_loss":35},{"damage_healed":0,"gold_gain":0,"player_choice":"Take Wound","damage_taken":0,"relics_obtained":["Golden Idol"],"max_hp_gain":0,"max_hp_loss":0,"event_name":"Golden Idol","floor":10,"gold_loss":0,"cards_obtained":["Injury"]},{"damage_healed":0,"gold_gain":75,"player_choice":"Gather Gold","damage_taken":11,"max_hp_gain":0,"max_hp_loss":0,"event_name":"World of Goop","floor":13,"gold_loss":0},{"damage_healed":0,"gold_gain":0,"player_choice":"Forge","damage_taken":0,"max_hp_gain":0,"max_hp_loss":0,"event_name":"Accursed Blacksmith","floor":19,"gold_loss":0,"cards_upgraded":["Spot Weakness"]},{"damage_healed":0,"gold_gain":0,"player_choice":"Upgraded","damage_taken":0,"max_hp_gain":0,"max_hp_loss":0,"event_name":"Upgrade Shrine","floor":24,"gold_loss":0,"cards_upgraded":["Rampage"]},{"damage_healed":0,"gold_gain":0,"player_choice":"Obtained Book","damage_taken":16,"max_hp_gain":0,"max_hp_loss":0,"event_name":"Cursed Tome","floor":29,"gold_loss":0},{"damage_healed":0,"gold_gain":0,"player_choice":"Ignored","damage_taken":0,"max_hp_gain":0,"max_hp_loss":0,"event_name":"Tomb of Lord Red Mask","floor":37,"gold_loss":0},{"damage_healed":0,"gold_gain":0,"player_choice":"Memory 1","damage_taken":0,"max_hp_gain":0,"max_hp_loss":0,"event_name":"SensoryStone","floor":38,"gold_loss":0},{"cards_removed":["Intimidate"],"damage_healed":0,"gold_gain":0,"player_choice":"Removed Skill","damage_taken":0,"max_hp_gain":0,"max_hp_loss":0,"event_name":"Falling","floor":39,"gold_loss":0}],"is_beta":false,"boss_relics":[{"not_picked":["Calling Bell","Snecko Eye"],"picked":"Fusion Hammer"},{"not_picked":["Cursed Key","Eternal Feather"],"picked":"Busted Crown"}],"items_purged_floors":[20],"is_endless":false,"potions_floor_spawned":[1,2,4,14,16,18,27,30,31,36,40,42],"killed_by":"Spire Growth","ascension_level":2}