{"gold_per_floor":[111,111,11,11,11,42,42,101,124,7,26,26],"floor_reached":12,"playtime":345,"items_purged":["Strike_R"],"score":164,"play_id":"ddc01c96-7fae-46ad-95b9-5b80af5b6325","local_time":"20190127104632","is_ascension_mode":true,"campfire_choices":[{"floor":7.0,"key":"REST"}],"neow_cost":"PERCENT_DAMAGE","seed_source_timestamp":0,"circlet_count":0,"master_deck":["AscendersBane","Strike_R","Strike_R","Strike_R+1","Strike_R","Defend_R","Defend_R+1","Defend_R","Defend_R","Bash","True Grit","Whirlwind+1","Flame Barrier","Evolve","Metallicize"],"special_seed":0,"relics":["Burning Blood","Shovel","Calipers","Dream Catcher","Tiny Chest","Strawberry"],"potions_floor_usage":[],"damage_taken":[{"damage":2.0,"enemies":"2 Louse","floor":1.0,"turns":3.0},{"damage":20.0,"enemies":"Gremlin Nob","floor":6.0,"turns":4.0},{"damage":25.0,"enemies":"3 Sentries","floor":8.0,"turns":10.0},{"damage":4.0,"enemies":"Small Slimes","floor":11.0,"turns":2.0},{"damage":35,"enemies":"Lagavulin","floor":12,"turns":8}],"seed_played":"2748558236576563300","potions_obtained":[],"is_trial":false,"path_per_floor":["M","?","$","?","?","E","R","E","T","$","M","E"],"character_chosen":"IRONCLAD","items_purchased":["Whirlwind","Block Potion","Metallicize"],"campfire_rested":1,"item_purchase_floors":[3,3,10],"current_hp_per_floor":[54,49,49,26,26,12,34,15,22,22,24,0],"gold":26,"neow_bonus":"ONE_RARE_RELIC","is_prod":false,"is_daily":false,"chose_seed":false,"campfire_upgraded":0,"win_rate":0,"timestamp":1548582392,"path_taken":["M","?","$","?","?","E","R","E","T","$","?","E"],"build_version":"2019-01-23","purchased_purges":1,"victory":false,"max_hp_per_floor":[75,75,75,75,75,75,75,75,82,82,82,82],"card_choices":[{"not_picked":["Twin Strike","Perfected Strike"],"picked":"True Grit","floor":1.0},{"not_picked":["Clash","Pommel Strike","Warcry"],"picked":"SKIP","floor":6.0},{"not_picked":["Shockwave","Infernal Blade"],"picked":"Flame Barrier","floor":7.0},{"not_picked":["Twin Strike","Sever Soul"],"picked":"Evolve","floor":8.0},{"not_picked":["Flex","Fire Breathing","Seeing Red"],"picked":"SKIP","floor":11.0}],"player_experience":944339,"relics_obtained":[{"floor":6.0,"key":"Dream Catcher"},{"floor":8.0,"key":"Tiny Chest"},{"floor":9.0,"key":"Strawberry"}],"event_choices":[{"damage_healed":0.0,"max_hp_gain":0.0,"max_hp_loss":0.0,"gold_gain":0.0,"event_name":"Scrap Ooze","player_choice":"Success","floor":2.0,"gold_loss":0.0,"damage_taken":5.0,"relics_obtained":["Calipers"]},{"damage_healed":0.0,"max_hp_gain":0.0,"max_hp_loss":0.0,"gold_gain":0.0,"event_name":"Shining Light","player_choice":"Entered Light","floor":4.0,"gold_loss":0.0,"damage_taken":23.0,"cards_upgraded":["Defend_R","Strike_R"]},{"damage_healed":0.0,"max_hp_gain":0.0,"max_hp_loss":0.0,"gold_gain":0.0,"event_name":"Upgrade Shrine","player_choice":"Upgraded","floor":5.0,"gold_loss":0.0,"damage_taken":0.0,"cards_upgraded":["Whirlwind"]}],"is_beta":false,"boss_relics":[],"items_purged_floors":[10],"is_endless":false,"potions_floor_spawned":[],"killed_by":"Lagavulin","ascension_level":19}