{"gold_per_floor":[116,129,139,154,164,164,182,182,205,239,254,254,7,21,21,98,98,109,109,124,154,166,166,199,3,3,3,28,28],"floor_reached":29,"playtime":1059,"items_purged":["Writhe"],"score":534,"play_id":"034b97c4-62d9-41c0-b2f6-38b6a255cd6a","local_time":"20181027004635","is_ascension_mode":true,"campfire_choices":[{"data":"Noxious Fumes","floor":6.0,"key":"SMITH"},{"data":"Terror","floor":8.0,"key":"SMITH"},{"floor":12.0,"key":"REST"},{"data":"Discovery","floor":15.0,"key":"SMITH"},{"floor":23.0,"key":"REST"},{"floor":27.0,"key":"REST"}],"neow_cost":"PERCENT_DAMAGE","seed_source_timestamp":1323575621067798,"circlet_count":0,"master_deck":["Defend_G","Defend_G","Defend_G","Defend_G","Defend_G+1","Strike_G","Strike_G","Strike_G","Strike_G","Strike_G","Survivor","Neutralize","AscendersBane","Discovery+1","Flash of Steel","Terror+1","Escape Plan+1","Dagger Spray","Noxious Fumes+1","Masterful Stab","Infinite Blades","Crippling Poison","Die Die Die","Slice","Adrenaline","Escape Plan","Cloak And Dagger","Malaise"],"special_seed":0,"relics":["Ring of the Snake","Strawberry","Mercury Hourglass","Membership Card","WristBlade","Potion Belt","Red Mask","War Paint","Vajra","Bottled Flame","Ninja Scroll"],"potions_floor_usage":[28,28],"damage_taken":[{"damage":0.0,"enemies":"2 Louse","floor":1.0,"turns":3.0},{"damage":3.0,"enemies":"Small Slimes","floor":2.0,"turns":4.0},{"damage":1.0,"enemies":"Cultist","floor":3.0,"turns":3.0},{"damage":11.0,"enemies":"3 Louse","floor":4.0,"turns":4.0},{"damage":3.0,"enemies":"Looter","floor":5.0,"turns":4.0},{"damage":4.0,"enemies":"2 Fungi Beasts","floor":7.0,"turns":3.0},{"damage":16.0,"enemies":"3 Sentries","floor":10.0,"turns":8.0},{"damage":3.0,"enemies":"Large Slime","floor":11.0,"turns":5.0},{"damage":1.0,"enemies":"Red Slaver","floor":14.0,"turns":3.0},{"damage":10.0,"enemies":"Hexaghost","floor":16.0,"turns":8.0},{"damage":12.0,"enemies":"Shell Parasite","floor":18.0,"turns":5.0},{"damage":14.0,"enemies":"Chosen","floor":20.0,"turns":4.0},{"damage":10.0,"enemies":"Masked Bandits","floor":21.0,"turns":3.0},{"damage":10.0,"enemies":"3 Cultists","floor":22.0,"turns":5.0},{"damage":21.0,"enemies":"Gremlin Leader","floor":24.0,"turns":5.0},{"damage":29,"enemies":"Book of Stabbing","floor":28,"turns":4},{"damage":12,"enemies":"Shelled Parasite and Fungi","floor":29,"turns":1}],"seed_played":"-6067557902471930509","potions_obtained":[{"floor":1.0,"key":"SkillPotion"},{"floor":5.0,"key":"AttackPotion"},{"floor":7.0,"key":"Dexterity Potion"},{"floor":10.0,"key":"SkillPotion"},{"floor":20.0,"key":"Fire Potion"},{"floor":21.0,"key":"Weak Potion"},{"floor":24.0,"key":"Weak Potion"}],"is_trial":false,"path_per_floor":["M","M","M","M","M","R","M","R","T","E","M","R","$","M","R","B",null,"M","?","M","?","M","R","E","$","T","R","E"],"character_chosen":"THE_SILENT","items_purchased":["Membership Card","Block Potion","Vajra","Escape Plan","Cloak And Dagger","Block Potion"],"campfire_rested":3,"item_purchase_floors":[13,13,25,25,25,25],"current_hp_per_floor":[44,41,40,29,26,26,22,22,29,13,10,31,31,30,30,20,60,48,48,34,24,14,35,14,14,14,35,6,0],"gold":28,"neow_bonus":"RANDOM_COLORLESS_2","is_prod":false,"is_daily":false,"chose_seed":false,"campfire_upgraded":3,"win_rate":0,"timestamp":1540593995,"path_taken":["M","M","M","M","M","R","M","R","T","E","M","R","$","M","R","BOSS","M","?","M","?","M","R","E","$","T","R","E","M"],"build_version":"2018-10-25v2","purchased_purges":1,"victory":false,"max_hp_per_floor":[66,66,66,66,66,66,66,66,73,73,73,73,73,73,73,73,73,73,73,73,73,73,73,73,73,73,73,73,73],"card_choices":[{"not_picked":["PiercingWail","Poisoned Stab"],"picked":"Terror","floor":1.0},{"not_picked":["Slice","Flying Knee"],"picked":"Escape Plan","floor":2.0},{"not_picked":["Dodge and Roll","Underhanded Strike"],"picked":"Dagger Spray","floor":3.0},{"not_picked":["Blur","Reflex","Terror"],"picked":"SKIP","floor":4.0},{"not_picked":["Deadly Poison","Bane"],"picked":"Noxious Fumes","floor":5.0},{"not_picked":["Prepared","Riddle With Holes"],"picked":"Masterful Stab","floor":7.0},{"not_picked":["Bane","Tactician","Masterful Stab"],"picked":"SKIP","floor":10.0},{"not_picked":["A Thousand Cuts","Bane"],"picked":"Infinite Blades","floor":11.0},{"not_picked":["Riddle With Holes","Deadly Poison"],"picked":"Crippling Poison","floor":14.0},{"not_picked":["Grand Finale","Doppelganger"],"picked":"Die Die Die","floor":16.0},{"not_picked":["Prepared","PiercingWail+1"],"picked":"Slice","floor":18.0},{"not_picked":["Underhanded Strike","Poisoned Stab","Dodge and Roll"],"picked":"SKIP","floor":20.0},{"not_picked":["Distraction","Skewer","Deadly Poison"],"picked":"SKIP","floor":22.0},{"not_picked":["Dagger Spray","Blade Dance"],"picked":"Adrenaline","floor":24.0},{"not_picked":["Backflip","Acrobatics"],"picked":"Malaise","floor":28}],"player_experience":863893,"relics_obtained":[{"floor":9.0,"key":"Strawberry"},{"floor":10.0,"key":"Mercury Hourglass"},{"floor":21.0,"key":"Red Mask"},{"floor":24.0,"key":"War Paint"},{"floor":26.0,"key":"Bottled Flame"},{"floor":28,"key":"Ninja Scroll"}],"event_choices":[{"damage_healed":0.0,"max_hp_gain":0.0,"max_hp_loss":0.0,"gold_gain":0.0,"event_name":"The Mausoleum","player_choice":"Opened","floor":19.0,"gold_loss":0.0,"damage_taken":0.0,"relics_obtained":["Potion Belt"],"cards_obtained":["Writhe"]},{"damage_healed":0.0,"max_hp_gain":0.0,"max_hp_loss":0.0,"gold_gain":0.0,"event_name":"Masked Bandits","player_choice":"Fought Bandits","floor":21.0,"gold_loss":0.0,"damage_taken":0.0}],"is_beta":false,"boss_relics":[{"not_picked":["Runic Dome","Cursed Key"],"picked":"WristBlade"}],"items_purged_floors":[25],"is_endless":false,"potions_floor_spawned":[1,5,7,10,20,21,24],"killed_by":"Shelled Parasite and Fungi","ascension_level":20}