{"gold_per_floor":[115,39,39,39,53,79,44,44,44,74,89,89,118,118,118,218,218,229,241,88,103,119,119,119],"floor_reached":24,"playtime":1136,"items_purged":["Pain"],"score":237,"play_id":"e0f07528-ceaf-4eb5-9e53-bd438e0ad57c","local_time":"20190217143307","is_ascension_mode":true,"campfire_choices":[{"data":"Zap","floor":8.0,"key":"SMITH"},{"floor":15.0,"key":"REST"},{"floor":23,"key":"REST"}],"neow_cost":"NONE","seed_source_timestamp":0,"circlet_count":0,"master_deck":["Strike_B","Strike_B","Strike_B","Strike_B","Defend_B","Defend_B","Defend_B","Defend_B","Zap+1","Dualcast","Gash","Loop+1","Melter","Gash","Multi-Cast","Cold Snap","Consume","Thunder Strike","Chaos","Static Discharge","Static Discharge","Ball Lightning"],"special_seed":0,"relics":["Cracked Core","NeowsBlessing","The Courier","Ornamental Fan","Pen Nib","Question Card","Odd Mushroom","WarpedTongs","Busted Crown"],"potions_floor_usage":[24],"damage_taken":[{"damage":0.0,"enemies":"Small Slimes","floor":1.0,"turns":1.0},{"damage":0.0,"enemies":"Cultist","floor":4.0,"turns":1.0},{"damage":0.0,"enemies":"2 Louse","floor":5.0,"turns":1.0},{"damage":40.0,"enemies":"3 Sentries","floor":6.0,"turns":6.0},{"damage":7.0,"enemies":"Gremlin Nob","floor":10.0,"turns":3.0},{"damage":6.0,"enemies":"Blue Slaver","floor":11.0,"turns":3.0},{"damage":20.0,"enemies":"The Mushroom Lair","floor":13.0,"turns":4.0},{"damage":23.0,"enemies":"Hexaghost","floor":16.0,"turns":9.0},{"damage":24.0,"enemies":"3 Byrds","floor":18.0,"turns":3.0},{"damage":0.0,"enemies":"Spheric Guardian","floor":19.0,"turns":1.0},{"damage":17,"enemies":"Centurion and Healer","floor":21,"turns":7},{"damage":30,"enemies":"Chosen and Byrds","floor":22,"turns":6},{"damage":33,"enemies":"Gremlin Leader","floor":24,"turns":2}],"seed_played":"-590063044340459594","potions_obtained":[{"floor":1.0,"key":"EntropicBrew"},{"floor":10.0,"key":"AttackPotion"},{"floor":13.0,"key":"LiquidBronze"},{"floor":16.0,"key":"GamblersBrew"},{"floor":21,"key":"Energy Potion"}],"is_trial":false,"path_per_floor":["M","$","?","M","M","E","?","R","T","E","M","T","?","?","R","B",null,"M","M","$","M","M","R","E"],"character_chosen":"DEFECT","items_purchased":["Loop","Static Discharge","Static Discharge"],"campfire_rested":2,"item_purchase_floors":[2,20,20],"current_hp_per_floor":[75,75,75,75,75,35,53,53,53,46,40,40,20,20,42,19,75,51,51,51,34,4,26,0],"gold":119,"neow_bonus":"THREE_ENEMY_KILL","is_prod":false,"is_daily":false,"chose_seed":false,"campfire_upgraded":1,"win_rate":0,"timestamp":1550374387,"path_taken":["M","$","?","M","?","E","?","R","T","E","M","?","?","?","R","BOSS","M","?","$","M","?","R","E"],"build_version":"2019-01-23","purchased_purges":1,"victory":false,"max_hp_per_floor":[75,75,75,75,75,75,75,75,75,75,75,75,75,75,75,75,75,75,75,75,75,75,75,75],"card_choices":[{"not_picked":["Sweeping Beam","Compile Driver"],"picked":"Gash","floor":1.0},{"not_picked":["Gash","Redo","Ball Lightning"],"picked":"SKIP","floor":4.0},{"not_picked":["Conserve Battery","Scrape"],"picked":"Melter","floor":5.0},{"not_picked":["Steam","Barrage"],"picked":"Gash","floor":6.0},{"not_picked":["Fusion","Compile Driver"],"picked":"Multi-Cast","floor":10.0},{"not_picked":["Lockon","Leap"],"picked":"Cold Snap","floor":11.0},{"not_picked":["Sunder","Turbo","Hello World"],"picked":"Consume","floor":13.0},{"not_picked":["Seek","All For One","Rainbow"],"picked":"Thunder Strike","floor":16.0},{"not_picked":["Recycle"],"picked":"Chaos","floor":18.0},{"not_picked":["Steam","Stack"],"picked":"SKIP","floor":19.0},{"not_picked":["BootSequence","Undo"],"picked":"SKIP","floor":21},{"not_picked":["Streamline+1"],"picked":"Ball Lightning","floor":22}],"player_experience":190575,"relics_obtained":[{"floor":6.0,"key":"The Courier"},{"floor":9.0,"key":"Ornamental Fan"},{"floor":10.0,"key":"Pen Nib"},{"floor":12.0,"key":"Question Card"},{"floor":13.0,"key":"Odd Mushroom"}],"event_choices":[{"damage_healed":0.0,"max_hp_gain":0.0,"max_hp_loss":0.0,"gold_gain":0.0,"event_name":"Upgrade Shrine","player_choice":"Upgraded","floor":3.0,"gold_loss":0.0,"damage_taken":0.0,"cards_upgraded":["Loop"]},{"damage_healed":18.0,"max_hp_gain":0.0,"max_hp_loss":0.0,"gold_gain":0.0,"event_name":"The Cleric","player_choice":"Healed","floor":7.0,"gold_loss":35.0,"damage_taken":0.0},{"damage_healed":0.0,"max_hp_gain":0.0,"max_hp_loss":0.0,"gold_gain":0.0,"event_name":"Mushrooms","player_choice":"Fought Mushrooms","floor":13.0,"gold_loss":0.0,"damage_taken":0.0},{"damage_healed":0.0,"max_hp_gain":0.0,"max_hp_loss":0.0,"gold_gain":0.0,"event_name":"Accursed Blacksmith","player_choice":"Rummage","floor":14.0,"gold_loss":0.0,"damage_taken":0.0,"relics_obtained":["WarpedTongs"],"cards_obtained":["Pain"]}],"is_beta":false,"boss_relics":[{"not_picked":["Coffee Dripper","Ectoplasm"],"picked":"Busted Crown"}],"items_purged_floors":[20],"is_endless":false,"potions_floor_spawned":[1,10,11,13,16,18,21],"killed_by":"Gremlin Leader","ascension_level":3}