{"gold_per_floor":[110,110,122,72,85,85,118,118,148,148,21,91,108,120,120,222,222,236,251,266,266,281,281,281,281,281,281,281,298,329,50,50,50],"floor_reached":33,"playtime":1421,"items_purged":["Strike_R","Strike_R"],"score":331,"play_id":"8b182fb0-bc66-469a-a481-b16da3ed6501","local_time":"20180810021809","is_ascension_mode":true,"campfire_choices":[{"data":"True Grit","floor":6,"key":"SMITH"},{"data":"Bash","floor":8,"key":"SMITH"},{"data":"Pommel Strike","floor":10,"key":"SMITH"},{"floor":15,"key":"REST"},{"floor":23,"key":"REST"},{"data":"Bludgeon","floor":25,"key":"SMITH"},{"data":"Clash","floor":28,"key":"SMITH"},{"floor":32,"key":"REST"}],"neow_cost":"","seed_source_timestamp":80384798295971,"circlet_count":0,"master_deck":["Strike_R","Strike_R","Defend_R","Defend_R","Defend_R","Defend_R","Bash+1","Pommel Strike+1","True Grit+1","Clash+1","Bludgeon+1","Cleave+1","Dropkick","Infernal Blade+1","Uppercut"],"relics":["Black Blood","Matryoshka","Self Forming Clay","Tiny Chest","Orichalcum","Question Card","Paper Frog","Toxic Egg 2","Red Mask","Membership Card"],"potions_floor_usage":[16,16,16,30,33],"damage_taken":[{"damage":11,"enemies":"2 Louse","floor":1,"turns":3},{"damage":1,"enemies":"Cultist","floor":3,"turns":3},{"damage":2,"enemies":"Small Slimes","floor":5,"turns":5},{"damage":38,"enemies":"3 Sentries","floor":7,"turns":14},{"damage":1,"enemies":"2 Fungi Beasts","floor":13,"turns":3},{"damage":28,"enemies":"Exordium Thugs","floor":14,"turns":6},{"damage":55,"enemies":"Hexaghost","floor":16,"turns":12},{"damage":22,"enemies":"3 Byrds","floor":18,"turns":7},{"damage":17,"enemies":"2 Thieves","floor":19,"turns":4},{"damage":34,"enemies":"Centurion and Healer","floor":20,"turns":8},{"damage":3,"enemies":"Snecko","floor":22,"turns":4},{"damage":54,"enemies":"Sentry and Sphere","floor":29,"turns":8},{"damage":22,"floor":30,"turns":5},{"damage":44,"enemies":"Champ","floor":33,"turns":6}],"seed_played":"-1080691071111867957","potions_obtained":[{"floor":5,"key":"Poison Potion"},{"floor":14,"key":"Weak Potion"},{"floor":20,"key":"Poison Potion"},{"floor":22,"key":"SpeedPotion"}],"is_trial":false,"path_per_floor":["M","?","M","?","M","R","E","R","T","R","$","T","M","M","R","B",null,"M","M","M","T","M","R","?","R","T","?","R","M","?","$","R"],"character_chosen":"IRONCLAD","items_purchased":["Fire Potion","Membership Card"],"campfire_rested":3,"item_purchase_floors":[11,31],"current_hp_per_floor":[67,72,77,77,81,81,49,49,49,49,49,49,54,32,57,8,66,54,47,23,23,30,55,83,83,83,67,67,23,11,11,38,0],"gold":50,"neow_bonus":"","is_prod":false,"is_daily":false,"chose_seed":false,"campfire_upgraded":5,"win_rate":0,"timestamp":1533881889,"path_taken":["M","?","?","?","?","R","E","R","T","R","?","?","M","M","R","BOSS","M","M","?","?","M","R","?","R","T","?","R","?","?","?","R","BOSS"],"build_version":"2018-08-09","purchased_purges":2,"victory":false,"max_hp_per_floor":[80,85,85,85,85,85,85,85,85,85,85,85,85,85,85,85,85,85,85,85,85,85,85,85,85,85,90,90,90,90,90,90,90],"card_choices":[{"not_picked":["Armaments","Pummel"],"picked":"Pommel Strike","floor":1},{"not_picked":["Warcry","Havoc","Thunderclap"],"picked":"SKIP","floor":3},{"not_picked":["Shrug It Off","Twin Strike"],"picked":"True Grit","floor":5},{"not_picked":["Flex","Bloodletting","Heavy Blade"],"picked":"SKIP","floor":7},{"not_picked":["Limit Break","Cleave","Wild Strike"],"picked":"Clash","floor":13},{"not_picked":["Shrug It Off","True Grit","Rampage","Second Wind"],"picked":"SKIP","floor":14},{"not_picked":["Juggernaut","Dark Embrace","Reaper"],"picked":"Bludgeon","floor":16},{"not_picked":["Disarm","Flex+1","Wild Strike","Combust"],"picked":"SKIP","floor":18},{"not_picked":["True Grit","Pommel Strike","Armaments+1"],"picked":"Cleave+1","floor":19},{"not_picked":["Headbutt","Hemokinesis","Twin Strike","Spot Weakness"],"picked":"SKIP","floor":20},{"not_picked":["Thunderclap+1","Perfected Strike","Armaments+1"],"picked":"Dropkick","floor":22},{"not_picked":["Rupture","Perfected Strike","Iron Wave"],"picked":"Infernal Blade+1","floor":29},{"not_picked":["Limit Break+1","Ghostly Armor+1","Rupture"],"picked":"Uppercut","floor":30}],"player_experience":182505,"relics_obtained":[{"floor":7,"key":"Matryoshka"},{"floor":9,"key":"Self Forming Clay"},{"floor":9,"key":"Tiny Chest"},{"floor":12,"key":"Orichalcum"},{"floor":12,"key":"Question Card"},{"floor":21,"key":"Paper Frog"},{"floor":26,"key":"Toxic Egg 2"},{"floor":30,"key":"Red Mask"}],"event_choices":[{"event_name":"Big Fish","player_choice":"Donut","floor":2,"damage_taken":0},{"event_name":"The Cleric","player_choice":"Card Removal","floor":4,"damage_taken":0},{"event_name":"The Library","player_choice":"Heal","floor":24,"damage_taken":0},{"event_name":"Forgotten Altar","player_choice":"Shed Blood","floor":27,"damage_taken":0},{"event_name":"Masked Bandits","player_choice":"Fought Bandits","floor":30,"damage_taken":0}],"is_beta":false,"boss_relics":[{"not_picked":["Tiny House","Sozu"],"picked":"Black Blood"}],"items_purged_floors":[11,31],"is_endless":false,"potions_floor_spawned":[5,14,20,22],"killed_by":"Champ","ascension_level":7}