{"gold_per_floor":[117,130,144,158,168,168,168,93,93,93,93,128,28,28,28,149,149,172,97,116,116,137,137,158,158,158,158,33,48,48,48,48,179,179,192,525,536,555,567,567,582,582,582,582,582],"floor_reached":45,"playtime":3744,"items_purged":["Strike_G","Strike_G","Strike_G"],"score":440,"play_id":"b75dfac0-e093-4d87-b443-a62298a8915c","local_time":"20180716033510","is_ascension_mode":false,"campfire_choices":[{"data":"Distraction","floor":6,"key":"SMITH"},{"data":"Deadly Poison","floor":10,"key":"SMITH"},{"floor":15,"key":"REST"},{"data":"Outmaneuver","floor":23,"key":"SMITH"},{"floor":25,"key":"REST"},{"floor":30,"key":"REST"},{"data":"Noxious Fumes","floor":32,"key":"SMITH"},{"data":"Burst","floor":40,"key":"SMITH"},{"data":"Poisoned Stab","floor":44,"key":"SMITH"}],"neow_cost":"NONE","seed_source_timestamp":121791534236489,"circlet_count":0,"master_deck":["Defend_G","Defend_G","Defend_G","Defend_G","Defend_G","Strike_G","Survivor","Neutralize+1","Endless Agony","PiercingWail","Deadly Poison+1","Distraction+1","Poisoned Stab+1","Slice","Bullet Time","Flying Knee","Blade Dance","Outmaneuver+1","Noxious Fumes+1","Blur+1","Ghostly","Ghostly","Ghostly","Ghostly","Ghostly","Burst+1","Acrobatics","Slice+1","Well Laid Plans","Predator"],"relics":["Ring of the Snake","Bottled Lightning","Mercury Hourglass","White Beast Statue","Gremlin Horn","Velvet Choker","Shuriken"],"potions_floor_usage":[16,20,20,20,20,22,24,24,29,29,33,38,38,39,39,41],"damage_taken":[{"damage":0,"enemies":"Cultist","floor":1,"turns":5},{"damage":0,"enemies":"Small Slimes","floor":2,"turns":3},{"damage":0,"enemies":"Jaw Worm","floor":3,"turns":7},{"damage":0,"enemies":"Looter","floor":4,"turns":4},{"damage":2,"enemies":"Exordium Wildlife","floor":5,"turns":5},{"damage":17,"enemies":"Lagavulin","floor":12,"turns":7},{"damage":33,"enemies":"The Guardian","floor":16,"turns":9},{"damage":0,"enemies":"Chosen","floor":18,"turns":4},{"damage":0,"enemies":"Spheric Guardian","floor":20,"turns":3},{"damage":14,"enemies":"Centurion and Healer","floor":22,"turns":9},{"damage":28,"enemies":"Slaver and Parasite","floor":24,"turns":10},{"damage":25,"enemies":"Snecko","floor":29,"turns":6},{"damage":26,"enemies":"Automaton","floor":33,"turns":12},{"damage":1,"enemies":"Flame Bruiser 1 Orb","floor":35,"turns":6},{"damage":3,"enemies":"3 Darklings","floor":37,"turns":5},{"damage":4,"enemies":"Maw","floor":38,"turns":11},{"damage":14,"enemies":"Transient","floor":39,"turns":5},{"damage":0,"enemies":"Flame Bruiser 2 Orb","floor":41,"turns":6},{"damage":18,"enemies":"Spire Growth","floor":45,"turns":6}],"seed_played":"-2227065795415282659","potions_obtained":[{"floor":1,"key":"AttackPotion"},{"floor":2,"key":"Weak Potion"},{"floor":16,"key":"FearPotion"},{"floor":18,"key":"EntropicBrew"},{"floor":20,"key":"Strength Potion"},{"floor":22,"key":"Weak Potion"},{"floor":24,"key":"SkillPotion"},{"floor":29,"key":"SpeedPotion"},{"floor":33,"key":"Fire Potion"},{"floor":35,"key":"FearPotion"},{"floor":38,"key":"SkillPotion"},{"floor":39,"key":"EssenceOfSteel"},{"floor":41,"key":"AttackPotion"}],"is_trial":false,"path_per_floor":["M","M","M","M","M","R","?","$","T","R","$","E","$","?","R","B",null,"M","?","M","?","M","R","M","R","T","?","$","M","R","?","R","B",null,"M","?","M","M","M","R","M","?","T","R"],"character_chosen":"THE_SILENT","items_purchased":[],"campfire_rested":3,"item_purchase_floors":[],"current_hp_per_floor":[70,70,70,70,68,68,73,73,73,73,73,56,56,38,60,27,75,75,75,75,68,54,54,26,48,48,48,48,23,45,37,37,11,37,36,36,33,29,15,15,15,15,15,15,0],"gold":582,"neow_bonus":"UPGRADE_CARD","is_prod":false,"is_daily":false,"chose_seed":false,"campfire_upgraded":6,"win_rate":0.0,"timestamp":1531726510,"path_taken":["M","?","?","M","M","R","?","$","T","R","?","E","$","?","R","BOSS","M","?","M","?","M","R","M","R","T","?","$","?","R","?","R","BOSS","M","?","M","M","M","R","?","?","T","R","?"],"build_version":"2018-07-12","purchased_purges":3,"victory":false,"max_hp_per_floor":[70,70,70,70,70,70,75,75,75,75,75,75,75,75,75,75,75,75,75,75,75,75,75,75,75,75,75,75,75,75,37,37,37,37,37,37,37,37,37,37,37,37,37,37,37],"card_choices":[{"not_picked":["Heel Hook","Flying Knee"],"picked":"Endless Agony","floor":1},{"not_picked":["Flying Knee","Outmaneuver"],"picked":"PiercingWail","floor":2},{"not_picked":["Poisoned Stab","Dodge and Roll"],"picked":"Deadly Poison","floor":3},{"not_picked":["Dagger Spray","Backflip"],"picked":"Distraction","floor":4},{"not_picked":["Flechettes","Prepared"],"picked":"Poisoned Stab","floor":5},{"not_picked":["Reflex","Tools of the Trade"],"picked":"Slice","floor":12},{"not_picked":["Phantasmal Killer","Tools of the Trade"],"picked":"Bullet Time","floor":16},{"not_picked":["Calculated Gamble","Leg Sweep+1"],"picked":"Flying Knee","floor":18},{"not_picked":["Malaise","Dodge and Roll"],"picked":"Blade Dance","floor":20},{"not_picked":["Dagger Spray","Quick Slash"],"picked":"Outmaneuver","floor":22},{"not_picked":["Caltrops","Slice"],"picked":"Noxious Fumes","floor":24},{"not_picked":["Underhanded Strike","Dodge and Roll"],"picked":"Blur+1","floor":29},{"not_picked":["Tactician","Unload"],"picked":"Burst","floor":33},{"not_picked":["Deflect","Sucker Punch"],"picked":"Acrobatics","floor":35},{"not_picked":["Dodge and Roll+1","Reflex"],"picked":"Slice+1","floor":37},{"not_picked":["Underhanded Strike","Dagger Throw+1"],"picked":"Well Laid Plans","floor":38},{"not_picked":["Sucker Punch","Deflect","Terror"],"picked":"SKIP","floor":39},{"not_picked":["After Image","Slice"],"picked":"Predator","floor":41}],"player_experience":28041,"relics_obtained":[{"floor":9,"key":"Bottled Lightning"},{"floor":12,"key":"Mercury Hourglass"},{"floor":26,"key":"Gremlin Horn"},{"floor":43,"key":"Shuriken"}],"event_choices":[{"event_name":"Big Fish","player_choice":"Donut","floor":7,"damage_taken":0},{"event_name":"Golden Idol","player_choice":"Take Damage","floor":14,"damage_taken":0},{"event_name":"Beggar","player_choice":"Gave Gold","floor":19,"damage_taken":0},{"event_name":"Wheel of Change","player_choice":"Damage","floor":21,"damage_taken":0},{"event_name":"The Mausoleum","player_choice":"No","floor":27,"damage_taken":0},{"event_name":"Ghosts","player_choice":"Became a Ghost","floor":31,"damage_taken":0},{"event_name":"The Moai Head","player_choice":"Gave Idol","floor":36,"damage_taken":0},{"event_name":"The Woman in Blue","player_choice":"Bought 0 Potions","floor":42,"damage_taken":0}],"boss_relics":[{"not_picked":["Cursed Key","Runic Dome"],"picked":"White Beast Statue"},{"not_picked":["Lizard Tail","Astrolabe"],"picked":"Velvet Choker"}],"items_purged_floors":[8,13,28],"is_endless":false,"potions_floor_spawned":[1,2,16,18,20,22,24,29,33,35,37,38,39,41],"killed_by":"Spire Growth","ascension_level":0}