{"gold_per_floor":[119,139,104,121,134,134,59,69,69,69,85,235,235,248,248,323,373,392,392,404,404,46,78,78,78],"floor_reached":25,"playtime":1121,"items_purged":["Strike_G","Doubt"],"score":415,"play_id":"1599470c-b36d-4bc4-91d5-c3c0e7568150","local_time":"20181014115845","is_ascension_mode":true,"campfire_choices":[{"data":"Bouncing Flask","floor":6.0,"key":"SMITH"},{"data":"Neutralize","floor":10.0,"key":"SMITH"},{"data":"Dagger Throw","floor":13.0,"key":"SMITH"},{"data":"Footwork","floor":15.0,"key":"SMITH"},{"floor":24,"key":"REST"}],"neow_cost":"NONE","seed_source_timestamp":0,"circlet_count":0,"master_deck":["Defend_G","Defend_G","Defend_G","Defend_G","Defend_G","Strike_G","Strike_G","Strike_G","Strike_G","Survivor+1","Neutralize+1","AscendersBane","Night Terror","Dagger Throw+1","Bouncing Flask+1","Backflip","Prepared","Dagger Throw","Deflect","Footwork+1","Glass Knife","Noxious Fumes"],"special_seed":0,"relics":["Ring of the Snake","Orichalcum","Tiny House","PreservedInsect","Bag of Marbles"],"potions_floor_usage":[],"damage_taken":[{"damage":6.0,"enemies":"Small Slimes","floor":1.0,"turns":4.0},{"damage":8.0,"enemies":"Cultist","floor":2.0,"turns":4.0},{"damage":1.0,"enemies":"Jaw Worm","floor":4.0,"turns":3.0},{"damage":6.0,"enemies":"Looter","floor":5.0,"turns":3.0},{"damage":8.0,"enemies":"Exordium Thugs","floor":8.0,"turns":5.0},{"damage":3.0,"enemies":"3 Louse","floor":11.0,"turns":4.0},{"damage":5.0,"enemies":"Blue Slaver","floor":14.0,"turns":3.0},{"damage":48.0,"enemies":"Slime Boss","floor":16.0,"turns":19.0},{"damage":8.0,"enemies":"Chosen","floor":18.0,"turns":5.0},{"damage":14.0,"enemies":"Shell Parasite","floor":20.0,"turns":6.0},{"damage":25,"enemies":"Gremlin Leader","floor":23,"turns":9},{"damage":39,"enemies":"3 Cultists","floor":25,"turns":4}],"seed_played":"5390960327085226669","potions_obtained":[{"floor":5.0,"key":"Regen Potion"},{"floor":11.0,"key":"Explosive Potion"},{"floor":14.0,"key":"Dexterity Potion"},{"floor":16.0,"key":"Swift Potion"},{"floor":17.0,"key":"Weak Potion"},{"floor":23,"key":"Strength Potion"}],"is_trial":false,"path_per_floor":["M","M","?","M","M","R","$","M","T","R","M","?","R","M","R","B",null,"M","?","M","?","$","E","R"],"character_chosen":"THE_SILENT","items_purchased":["PreservedInsect","Noxious Fumes"],"campfire_rested":1,"item_purchase_floors":[22,22],"current_hp_per_floor":[53,45,61,60,54,54,54,61,61,61,58,58,58,53,53,5,56,48,48,34,34,34,9,30,0],"gold":78,"neow_bonus":"ONE_RANDOM_RARE_CARD","is_prod":false,"is_daily":false,"chose_seed":false,"campfire_upgraded":4,"win_rate":0,"timestamp":1539511125,"path_taken":["M","M","?","M","M","R","?","M","T","R","M","?","R","M","R","BOSS","M","?","M","?","?","E","R","M"],"build_version":"2018-10-11","purchased_purges":2,"victory":false,"max_hp_per_floor":[66,66,66,66,66,66,66,66,66,66,66,66,66,66,66,66,71,71,71,71,71,71,71,71,71],"card_choices":[{"not_picked":["Quick Slash","Dodge and Roll"],"picked":"Dagger Throw","floor":1.0},{"not_picked":["Eviscerate","Caltrops"],"picked":"Bouncing Flask","floor":2.0},{"not_picked":["Heel Hook","Predator"],"picked":"Backflip","floor":4.0},{"not_picked":["All Out Attack","PiercingWail"],"picked":"Prepared","floor":5.0},{"not_picked":["Reflex","Blur"],"picked":"Dagger Throw","floor":8.0},{"not_picked":["Slice","Dagger Spray"],"picked":"Deflect","floor":11.0},{"not_picked":["Distraction","Dagger Throw"],"picked":"Footwork","floor":14.0},{"not_picked":["Phantasmal Killer","Unload"],"picked":"Glass Knife","floor":16.0},{"not_picked":["Deflect","Eviscerate","Infinite Blades"],"picked":"SKIP","floor":18.0},{"not_picked":["Skewer","Deflect","Underhanded Strike"],"picked":"SKIP","floor":20.0},{"not_picked":["Skewer","Dagger Spray","Riddle With Holes"],"picked":"SKIP","floor":23}],"player_experience":827821,"relics_obtained":[{"floor":9.0,"key":"Orichalcum"},{"floor":23,"key":"Bag of Marbles"}],"event_choices":[{"event_name":"The Cleric","player_choice":"Healed","floor":3.0,"damage_taken":0.0},{"event_name":"Liars Game","player_choice":"agreed","floor":12.0,"damage_taken":0.0},{"event_name":"Cursed Tome","player_choice":"Ignored","floor":19.0,"damage_taken":0.0},{"event_name":"FaceTrader","player_choice":"Leave","floor":21.0,"damage_taken":0.0}],"is_beta":false,"boss_relics":[{"not_picked":["Lizard Tail","Sozu"],"picked":"Tiny House"}],"items_purged_floors":[7,22],"is_endless":false,"potions_floor_spawned":[5,11,14,16,23],"killed_by":"3 Cultists","ascension_level":19}