{"gold_per_floor":[119,119,129,140,154,154,173,205,205,205,16,16,91,107,107,202,202,221,128,128,43,43,43,57,57,57,57,21,41,41,53,53,148,198,218,229,78,126,145,145,106,106,106,206,206,224,224,224,224,224],"floor_reached":50,"playtime":10826,"items_purged":["Well Laid Plans"],"score":551,"play_id":"3929145a-2dde-4a8b-9464-e9ba5af4c95a","local_time":"20181111223122","is_ascension_mode":true,"campfire_choices":[{"data":"Neutralize","floor":6.0,"key":"SMITH"},{"data":"Sucker Punch","floor":10.0,"key":"SMITH"},{"floor":15.0,"key":"REST"},{"data":"Tools of the Trade","floor":23.0,"key":"SMITH"},{"data":"Flying Knee","floor":25.0,"key":"SMITH"},{"floor":30.0,"key":"REST"},{"floor":32.0,"key":"REST"},{"floor":40.0,"key":"REST"},{"floor":42.0,"key":"REST"},{"data":"Skewer","floor":49.0,"key":"SMITH"}],"neow_cost":"NONE","seed_source_timestamp":1192095799630824,"circlet_count":0,"master_deck":["Defend_G","Defend_G","Defend_G","Strike_G","Strike_G","Survivor","Neutralize+1","Flying Knee+1","Sucker Punch+1","Cloak And Dagger+1","Quick Slash","Quick Slash","Tactician+1","Heel Hook","Tools of the Trade+1","Wraith Form v2+1","Reflex+1","Deflect+1","Prepared+1","Reflex+1","Backflip+1","Slice+1","Terror+1","Dagger Throw","Predator+1","Well Laid Plans+1","Backflip+1","Choke","Underhanded Strike","Skewer+1","Flechettes+1","Blind+1","Writhe"],"special_seed":0,"relics":["Runic Dome","Centennial Puzzle","Toxic Egg 2","Happy Flower","Astrolabe","MutagenicStrength","Mummified Hand","Boot","Nilry\u0027s Codex","Tiny House","Unceasing Top","Shovel","Du-Vu Doll"],"potions_floor_usage":[50,50,50],"damage_taken":[{"damage":0.0,"enemies":"Jaw Worm","floor":1.0,"turns":4.0},{"damage":8.0,"enemies":"Small Slimes","floor":3.0,"turns":3.0},{"damage":0.0,"enemies":"2 Louse","floor":4.0,"turns":2.0},{"damage":3.0,"enemies":"Looter","floor":5.0,"turns":4.0},{"damage":0.0,"enemies":"2 Fungi Beasts","floor":7.0,"turns":4.0},{"damage":2.0,"enemies":"Lagavulin","floor":8.0,"turns":4.0},{"damage":7.0,"enemies":"Exordium Wildlife","floor":14.0,"turns":4.0},{"damage":31.0,"enemies":"The Guardian","floor":16.0,"turns":16.0},{"damage":33.0,"enemies":"3 Byrds","floor":18.0,"turns":5.0},{"damage":0.0,"enemies":"2 Thieves","floor":24.0,"turns":4.0},{"damage":12.0,"enemies":"Chosen and Byrds","floor":29.0,"turns":5.0},{"damage":0.0,"enemies":"Snake Plant","floor":31.0,"turns":3.0},{"damage":4.0,"enemies":"Automaton","floor":33.0,"turns":9.0},{"damage":18.0,"enemies":"3 Darklings","floor":35.0,"turns":4.0},{"damage":1.0,"enemies":"Orb Walker","floor":36.0,"turns":3.0},{"damage":12.0,"enemies":"2 Orb Walkers","floor":38.0,"turns":4.0},{"damage":35.0,"enemies":"4 Shapes","floor":39.0,"turns":5.0},{"damage":0.0,"enemies":"Mind Bloom Boss Battle","floor":44.0,"turns":4.0},{"damage":2.0,"enemies":"Jaw Worm Horde","floor":46.0,"turns":2.0},{"damage":76,"enemies":"Time Eater","floor":50,"turns":9}],"seed_played":"8078603219102074424","potions_obtained":[{"floor":3.0,"key":"SpeedPotion"},{"floor":4.0,"key":"Fire Potion"},{"floor":7.0,"key":"FearPotion"},{"floor":29.0,"key":"Fire Potion"},{"floor":34.0,"key":"PowerPotion"},{"floor":35.0,"key":"AttackPotion"},{"floor":36.0,"key":"EssenceOfSteel"},{"floor":38.0,"key":"Poison Potion"}],"is_trial":false,"path_per_floor":["M","?","M","M","M","R","M","E","T","R","$","?","?","M","R","B",null,"M","$","?","?","?","R","M","R","T","?","$","M","R","M","R","B",null,"M","M","$","?","M","R","$","R","T","?","?","M","?","?","R","B"],"character_chosen":"THE_SILENT","items_purchased":["Happy Flower","Tactician+1","Reflex+1","Backflip+1","Terror+1","Choke","Skewer"],"campfire_rested":5,"item_purchase_floors":[11,11,19,19,28,37,41],"current_hp_per_floor":[70,70,62,62,59,59,59,57,57,57,57,50,39,32,53,22,70,37,37,37,37,37,37,37,37,37,21,21,9,30,30,51,47,75,57,56,56,44,9,31,31,53,53,53,53,51,51,70,70,0],"gold":224,"neow_bonus":"BOSS_RELIC","is_prod":false,"is_daily":false,"chose_seed":false,"campfire_upgraded":5,"win_rate":0,"timestamp":1541993482,"path_taken":["M","?","M","M","M","R","M","E","T","R","$","?","?","M","R","BOSS","M","$","?","?","?","R","?","R","T","?","?","M","R","M","R","BOSS","M","M","$","?","M","R","$","R","T","?","?","?","?","?","R","BOSS"],"build_version":"2018-11-08","purchased_purges":1,"victory":false,"max_hp_per_floor":[70,70,70,70,70,70,70,70,70,70,70,70,70,70,70,70,70,70,70,70,70,70,70,70,70,70,70,70,70,70,70,70,70,75,75,75,75,75,75,75,75,75,75,75,75,75,75,75,75,75],"card_choices":[{"not_picked":["Acrobatics","Underhanded Strike"],"picked":"Flying Knee","floor":1.0},{"not_picked":["Concentrate","Deflect"],"picked":"Well Laid Plans","floor":3.0},{"not_picked":["Cloak And Dagger","Catalyst"],"picked":"Sucker Punch","floor":4.0},{"not_picked":["Adrenaline","Reflex"],"picked":"Cloak And Dagger","floor":5.0},{"not_picked":["Flechettes","Backflip"],"picked":"Quick Slash","floor":7.0},{"not_picked":["Eviscerate","Calculated Gamble"],"picked":"Quick Slash","floor":8.0},{"not_picked":["Bouncing Flask+1","Backstab"],"picked":"Heel Hook","floor":14.0},{"not_picked":["Glass Knife","Bullet Time+1"],"picked":"Tools of the Trade","floor":16.0},{"not_picked":["PiercingWail+1","Flying Knee"],"picked":"Prepared+1","floor":18.0},{"not_picked":["Blade Dance+1","Cloak And Dagger+1"],"picked":"Slice+1","floor":24.0},{"not_picked":["PiercingWail+1","Bane","Prepared+1"],"picked":"SKIP","floor":29.0},{"not_picked":["Blur+1","Reflex+1"],"picked":"Dagger Throw","floor":31.0},{"not_picked":["Accuracy+1","PiercingWail+1"],"picked":"Predator+1","floor":34.0},{"not_picked":["Backflip+1","Deflect+1"],"picked":"Well Laid Plans+1","floor":35.0},{"not_picked":["Flying Knee+1","Outmaneuver+1"],"picked":"Backflip+1","floor":36.0},{"not_picked":["Quick Slash","Poisoned Stab"],"picked":"Underhanded Strike","floor":38.0},{"not_picked":["Masterful Stab+1","Dodge and Roll+1","Calculated Gamble+1"],"picked":"SKIP","floor":39.0},{"not_picked":["Acrobatics+1","PiercingWail+1"],"picked":"Flechettes+1","floor":44.0},{"not_picked":["Deep Breath+1","Swift Strike"],"picked":"Blind+1","floor":45.0},{"not_picked":["Slice+1","Storm of Steel+1","Quick Slash"],"picked":"SKIP","floor":46.0}],"player_experience":217865,"relics_obtained":[{"floor":8.0,"key":"Centennial Puzzle"},{"floor":9.0,"key":"Toxic Egg 2"},{"floor":26.0,"key":"Boot"},{"floor":27.0,"key":"Nilry\u0027s Codex"},{"floor":38.0,"key":"Unceasing Top"},{"floor":43.0,"key":"Shovel"},{"floor":44.0,"key":"Du-Vu Doll"}],"event_choices":[{"damage_healed":0.0,"max_hp_gain":0.0,"max_hp_loss":0.0,"gold_gain":0.0,"event_name":"The Cleric","player_choice":"Leave","floor":2.0,"gold_loss":0.0,"damage_taken":0.0},{"cards_removed":["Strike_G"],"damage_healed":0.0,"max_hp_gain":0.0,"max_hp_loss":0.0,"gold_gain":0.0,"event_name":"Golden Wing","player_choice":"Card Removal","floor":12.0,"gold_loss":0.0,"damage_taken":7.0},{"damage_healed":0.0,"max_hp_gain":0.0,"max_hp_loss":0.0,"gold_gain":75.0,"event_name":"World of Goop","player_choice":"Gather Gold","floor":13.0,"gold_loss":0.0,"damage_taken":11.0},{"damage_healed":0.0,"max_hp_gain":0.0,"max_hp_loss":0.0,"gold_gain":0.0,"event_name":"Drug Dealer","player_choice":"Inject Mutagens","floor":20.0,"gold_loss":0.0,"damage_taken":0.0,"relics_obtained":["MutagenicStrength"]},{"damage_healed":0.0,"max_hp_gain":0.0,"max_hp_loss":0.0,"gold_gain":0.0,"event_name":"Addict","player_choice":"Obtained Relic","floor":21.0,"gold_loss":85.0,"damage_taken":0.0,"relics_obtained":["Mummified Hand"]},{"damage_healed":0.0,"max_hp_gain":0.0,"max_hp_loss":0.0,"gold_gain":0.0,"event_name":"Ghosts","player_choice":"Ignored","floor":22.0,"gold_loss":0.0,"damage_taken":0.0},{"damage_healed":0.0,"max_hp_gain":0.0,"max_hp_loss":0.0,"gold_gain":0.0,"event_name":"Cursed Tome","player_choice":"Obtained Book","floor":27.0,"gold_loss":0.0,"damage_taken":16.0},{"damage_healed":0.0,"max_hp_gain":0.0,"max_hp_loss":0.0,"gold_gain":0.0,"event_name":"Mysterious Sphere","player_choice":"Fight","floor":38.0,"gold_loss":0.0,"damage_taken":0.0},{"damage_healed":0.0,"max_hp_gain":0.0,"max_hp_loss":0.0,"gold_gain":0.0,"event_name":"MindBloom","player_choice":"Fight","floor":44.0,"gold_loss":0.0,"damage_taken":0.0},{"damage_healed":0.0,"max_hp_gain":0.0,"max_hp_loss":0.0,"gold_gain":0.0,"event_name":"SensoryStone","player_choice":"Memory 1","floor":45.0,"gold_loss":0.0,"damage_taken":0.0},{"cards_removed":["Defend_G"],"damage_healed":0.0,"max_hp_gain":0.0,"max_hp_loss":0.0,"gold_gain":0.0,"event_name":"Falling","player_choice":"Removed Skill","floor":47.0,"gold_loss":0.0,"damage_taken":0.0},{"damage_healed":19.0,"max_hp_gain":0.0,"max_hp_loss":0.0,"gold_gain":0.0,"event_name":"Winding Halls","player_choice":"Writhe","floor":48.0,"gold_loss":0.0,"damage_taken":0.0,"cards_obtained":["Writhe"]}],"is_beta":false,"boss_relics":[{"not_picked":["Runic Pyramid","Coffee Dripper"],"picked":"Astrolabe"},{"not_picked":["Calling Bell","Pandora\u0027s Box"],"picked":"Tiny House"}],"items_purged_floors":[37],"is_endless":false,"potions_floor_spawned":[3,4,7,29,35,36,38],"killed_by":"Time Eater","ascension_level":4}