{"gold_per_floor":[211,231,231,244,263,263,36,36,60,73,73,104,60,92,92,92],"floor_reached":16,"playtime":561,"items_purged":[],"score":220,"play_id":"f28bba02-65c1-4126-b0ee-008fb79f43de","local_time":"20181214115201","is_ascension_mode":true,"campfire_choices":[{"data":"Defragment","floor":6,"key":"SMITH"},{"data":"Zap","floor":11,"key":"SMITH"},{"floor":15,"key":"REST"}],"neow_cost":"NONE","seed_source_timestamp":150830551098892,"circlet_count":0,"master_deck":["AscendersBane","Strike_B","Strike_B","Strike_B","Strike_B","Defend_B","Defend_B","Defend_B","Zap+1","Dualcast","Steam","Conserve Battery","Glacier","Defragment+1","Melter"],"relics":["Cracked Core","OrangePellets","Centennial Puzzle","Happy Flower","Bottled Lightning"],"potions_floor_usage":[12,12],"damage_taken":[{"damage":2,"enemies":"Jaw Worm","floor":1,"turns":5},{"damage":2,"enemies":"2 Louse","floor":2,"turns":3},{"damage":0,"enemies":"Small Slimes","floor":4,"turns":3},{"damage":8,"enemies":"3 Louse","floor":5,"turns":5},{"damage":7,"enemies":"Exordium Thugs","floor":10,"turns":4},{"damage":25,"enemies":"Gremlin Nob","floor":12,"turns":4},{"damage":17,"enemies":"3 Sentries","floor":14,"turns":9},{"damage":27,"enemies":"Hexaghost","floor":16,"turns":11}],"seed_played":"8827253359475224586","potions_obtained":[{"floor":2,"key":"LiquidBronze"},{"floor":5,"key":"SneckoOil"},{"floor":10,"key":"EssenceOfSteel"}],"is_trial":false,"path_per_floor":["M","M","?","M","M","R","$","?","T","M","R","E","?","E","R","B"],"character_chosen":"DEFECT","items_purchased":["OrangePellets"],"campfire_rested":1,"item_purchase_floors":[7],"current_hp_per_floor":[62,60,65,65,57,57,57,50,50,43,43,18,18,1,23,0],"gold":92,"neow_bonus":"HUNDRED_GOLD","is_prod":false,"is_daily":false,"chose_seed":false,"campfire_upgraded":2,"win_rate":0,"timestamp":1544784721,"path_taken":["M","M","?","M","M","R","$","?","T","M","R","E","?","E","R","BOSS"],"build_version":"2018-12-13","purchased_purges":0,"victory":false,"max_hp_per_floor":[71,71,76,76,76,76,76,76,76,76,76,76,76,76,76,76],"card_choices":[{"not_picked":["Cold Snap","Storm"],"picked":"Steam","floor":1},{"not_picked":["Stack","Compile Driver"],"picked":"Conserve Battery","floor":2},{"not_picked":["Coolheaded","Hello World"],"picked":"Glacier","floor":4},{"not_picked":["Consume","Cold Snap"],"picked":"Defragment","floor":5},{"not_picked":["Hello World","Steam Power","Genetic Algorithm"],"picked":"SKIP","floor":10},{"not_picked":["Stack","Streamline"],"picked":"Melter","floor":12},{"not_picked":["Consume","Darkness","Steam"],"picked":"SKIP","floor":14}],"player_experience":895465,"relics_obtained":[{"floor":9,"key":"Centennial Puzzle"},{"floor":12,"key":"Happy Flower"},{"floor":14,"key":"Bottled Lightning"}],"event_choices":[{"damage_healed":0,"gold_gain":0,"player_choice":"Donut","damage_taken":0,"max_hp_gain":5,"max_hp_loss":0,"event_name":"Big Fish","floor":3,"gold_loss":0},{"cards_removed":["Defend_B"],"damage_healed":0,"gold_gain":0,"player_choice":"Card Removal","damage_taken":7,"max_hp_gain":0,"max_hp_loss":0,"event_name":"Golden Wing","floor":8,"gold_loss":0},{"damage_healed":0,"gold_gain":0,"player_choice":"Left Gold","damage_taken":0,"max_hp_gain":0,"max_hp_loss":0,"event_name":"World of Goop","floor":13,"gold_loss":44}],"is_beta":false,"boss_relics":[],"items_purged_floors":[],"is_endless":false,"potions_floor_spawned":[2,5,10],"killed_by":"Hexaghost","ascension_level":20}