{"gold_per_floor":[113,113,127,138,138,138,138,138,138,163,178,194,208,224,224,323,323,334,259,259,279,194,219,169,183,183,196,206,206,206,225,225,225],"floor_reached":33,"playtime":1599,"items_purged":["Strike_R","Defend_R"],"score":339,"play_id":"9b1cc513-b6b6-4814-ace8-15be92d04f91","local_time":"20180808200740","is_ascension_mode":true,"campfire_choices":[{"data":"Dropkick","floor":6,"key":"SMITH"},{"data":"Uppercut","floor":8,"key":"SMITH"},{"floor":15,"key":"REST"},{"data":"Defend_R","floor":30,"key":"SMITH"},{"data":"Defend_R","floor":32,"key":"SMITH"}],"neow_cost":"NONE","seed_source_timestamp":8672275927593,"circlet_count":0,"master_deck":["Strike_R","Strike_R+1","Defend_R+1","Defend_R+1","Defend_R","Bash+1","Uppercut+1","Dropkick+1","Battle Trance+1"],"relics":["Burning Blood","NeowsBlessing","Matryoshka","Torii","Coffee Dripper","Smiling Mask","Question Card","Meat on the Bone","Gremlin Horn","Bag of Preparation"],"potions_floor_usage":[16,16,25,33],"damage_taken":[{"damage":0,"enemies":"Jaw Worm","floor":1,"turns":1},{"damage":0,"enemies":"Small Slimes","floor":3,"turns":1},{"damage":0,"enemies":"Cultist","floor":4,"turns":1},{"damage":24,"enemies":"Gremlin Nob","floor":10,"turns":4},{"damage":10,"enemies":"Large Slime","floor":11,"turns":5},{"damage":8,"enemies":"3 Louse","floor":12,"turns":3},{"damage":30,"enemies":"Exordium Thugs","floor":13,"turns":5},{"damage":1,"enemies":"2 Fungi Beasts","floor":14,"turns":3},{"damage":38,"enemies":"Slime Boss","floor":16,"turns":9},{"damage":2,"enemies":"Shell Parasite","floor":18,"turns":6},{"damage":14,"enemies":"Spheric Guardian","floor":21,"turns":5},{"damage":28,"enemies":"Book of Stabbing","floor":23,"turns":7},{"damage":13,"enemies":"Snake Plant","floor":25,"turns":3},{"damage":19,"enemies":"Sentry and Sphere","floor":27,"turns":5},{"damage":27,"enemies":"Centurion and Healer","floor":28,"turns":4},{"damage":0,"enemies":"Cultist and Chosen","floor":31,"turns":5},{"damage":53,"enemies":"Collector","floor":33,"turns":9}],"seed_played":"-6366472842631660564","potions_obtained":[{"floor":1,"key":"GamblersBrew"},{"floor":3,"key":"GamblersBrew"},{"floor":10,"key":"SpeedPotion"},{"floor":14,"key":"AttackPotion"},{"floor":18,"key":"Ancient Potion"},{"floor":23,"key":"SkillPotion"}],"is_trial":false,"path_per_floor":["M","?","M","M","?","R","?","R","T","E","M","M","M","M","R","B",null,"M","$","?","M","?","E","$","M","T","M","M","?","R","M","R"],"character_chosen":"IRONCLAD","items_purchased":[],"campfire_rested":1,"item_purchase_floors":[],"current_hp_per_floor":[80,64,70,76,76,76,76,76,76,58,54,52,28,33,57,25,66,70,70,70,62,62,40,40,45,45,44,35,35,35,53,53,0],"gold":225,"neow_bonus":"THREE_ENEMY_KILL","is_prod":false,"is_daily":false,"chose_seed":false,"campfire_upgraded":4,"win_rate":0,"timestamp":1533773260,"path_taken":["M","?","?","M","?","R","?","R","T","E","M","M","M","M","R","BOSS","M","$","?","?","?","E","$","?","T","M","M","?","R","M","R","BOSS"],"build_version":"2018-08-02","purchased_purges":2,"victory":false,"max_hp_per_floor":[80,80,80,80,80,80,80,80,80,80,80,80,80,80,80,80,80,80,80,80,80,80,80,80,80,80,80,80,80,80,80,80,80],"card_choices":[{"not_picked":["Seeing Red","Sever Soul","Body Slam"],"picked":"SKIP","floor":1},{"not_picked":["Fire Breathing","Flame Barrier"],"picked":"Uppercut","floor":3},{"not_picked":["Wild Strike","Havoc"],"picked":"Dropkick","floor":4},{"not_picked":["Twin Strike","Clash","Exhume"],"picked":"SKIP","floor":10},{"not_picked":["Clothesline","Bloodletting","Dual Wield"],"picked":"SKIP","floor":11},{"not_picked":["Flex","Bloodletting","Body Slam"],"picked":"SKIP","floor":12},{"not_picked":["Anger","Rampage","Twin Strike"],"picked":"SKIP","floor":13},{"not_picked":["Sentinel","Power Through","Intimidate"],"picked":"SKIP","floor":14},{"not_picked":["Flex","Body Slam+1","Shrug It Off"],"picked":"SKIP","floor":18},{"not_picked":["Armaments","Iron Wave","Sword Boomerang"],"picked":"SKIP","floor":21},{"not_picked":["Thunderclap","Dual Wield+1","Whirlwind+1"],"picked":"Battle Trance+1","floor":23},{"not_picked":["Clothesline","Impervious","Clash","Power Through"],"picked":"SKIP","floor":25},{"not_picked":["Flex","Warcry","Body Slam","Sever Soul+1"],"picked":"SKIP","floor":27},{"not_picked":["Pommel Strike+1","Perfected Strike+1","Wild Strike","Intimidate"],"picked":"SKIP","floor":28},{"not_picked":["Clothesline+1","Body Slam","Armaments","Warcry"],"picked":"SKIP","floor":31}],"player_experience":168665,"relics_obtained":[{"floor":9,"key":"Matryoshka"},{"floor":10,"key":"Torii"},{"floor":23,"key":"Meat on the Bone"},{"floor":26,"key":"Gremlin Horn"},{"floor":26,"key":"Bag of Preparation"}],"event_choices":[{"event_name":"Shining Light","player_choice":"Entered Light","floor":2,"damage_taken":0},{"event_name":"Living Wall","player_choice":"Forget","floor":5,"damage_taken":0},{"event_name":"Liars Game","player_choice":"disagreed","floor":7,"damage_taken":0},{"event_name":"The Mausoleum","player_choice":"Yes","floor":20,"damage_taken":0},{"event_name":"Addict","player_choice":"Obtained Relic","floor":22,"damage_taken":0},{"event_name":"Wheel of Change","player_choice":"Card Removal","floor":29,"damage_taken":0}],"is_beta":false,"boss_relics":[{"not_picked":["Snecko Eye","Calling Bell"],"picked":"Coffee Dripper"}],"items_purged_floors":[19,24],"is_endless":false,"potions_floor_spawned":[1,3,10,14,18,23],"killed_by":"Collector","ascension_level":5}