{"gold_per_floor":[118,118,118,128,144,178,178,178,204,216,216,228,228],"floor_reached":13,"playtime":512,"items_purged":[],"score":98,"play_id":"03dbf8a1-2a5f-4788-9287-476019c334a3","local_time":"20190315191935","is_ascension_mode":true,"campfire_choices":[{"floor":8,"key":"REST"}],"neow_cost":"NONE","seed_source_timestamp":5603930897781,"circlet_count":0,"master_deck":["Strike_R","Strike_R","Strike_R","Strike_R","Defend_R","Defend_R","Defend_R","Defend_R","Bash","Pommel Strike","Infernal Blade","Feed"],"relics":["Burning Blood","NeowsBlessing","Juzu Bracelet","Potion Belt","Ginger"],"potions_floor_usage":[6,13,13],"damage_taken":[{"damage":0,"enemies":"2 Louse","floor":1,"turns":1},{"damage":0,"enemies":"Cultist","floor":4,"turns":1},{"damage":0,"enemies":"Jaw Worm","floor":5,"turns":1},{"damage":55,"enemies":"3 Sentries","floor":6,"turns":10},{"damage":24,"enemies":"Blue Slaver","floor":10,"turns":4},{"damage":16,"enemies":"Exordium Wildlife","floor":12,"turns":3},{"damage":50,"enemies":"Lagavulin","floor":13,"turns":5}],"seed_played":"-420361772911905719","potions_obtained":[{"floor":4,"key":"BloodPotion"},{"floor":6,"key":"SteroidPotion"},{"floor":10,"key":"SpeedPotion"}],"is_trial":false,"path_per_floor":["M","$","?","M","M","E","?","R","T","M","?","M","E"],"character_chosen":"IRONCLAD","items_purchased":[],"campfire_rested":1,"item_purchase_floors":[],"current_hp_per_floor":[80,80,80,80,80,39,39,63,63,45,42,32,0],"gold":228,"neow_bonus":"THREE_ENEMY_KILL","is_prod":false,"is_daily":false,"chose_seed":false,"campfire_upgraded":0,"win_rate":0,"timestamp":1552637975,"path_taken":["M","$","?","?","M","E","?","R","T","M","?","M","E"],"build_version":"2019-01-23","purchased_purges":0,"victory":false,"max_hp_per_floor":[80,80,80,80,80,80,80,80,80,80,80,80,80],"card_choices":[{"not_picked":["Flex","True Grit","Sever Soul"],"picked":"SKIP","floor":1},{"not_picked":["Sword Boomerang","Twin Strike","Second Wind"],"picked":"SKIP","floor":4},{"not_picked":["True Grit","Flame Barrier"],"picked":"Pommel Strike","floor":5},{"not_picked":["Metallicize","Power Through","Wild Strike"],"picked":"SKIP","floor":6},{"not_picked":["Sever Soul","Heavy Blade"],"picked":"Infernal Blade","floor":10},{"not_picked":["Cleave","Havoc"],"picked":"Feed","floor":12}],"player_experience":222453,"relics_obtained":[{"floor":6,"key":"Juzu Bracelet"},{"floor":9,"key":"Potion Belt"}],"event_choices":[{"cards_removed":["Strike_R"],"damage_healed":0,"gold_gain":0,"player_choice":"Card Removal","damage_taken":0,"max_hp_gain":0,"max_hp_loss":0,"event_name":"Wheel of Change","floor":3,"gold_loss":0},{"damage_healed":0,"gold_gain":0,"player_choice":"Ignored","damage_taken":0,"max_hp_gain":0,"max_hp_loss":0,"event_name":"Shining Light","floor":7,"gold_loss":0},{"damage_healed":0,"gold_gain":0,"player_choice":"Success","damage_taken":3,"relics_obtained":["Ginger"],"max_hp_gain":0,"max_hp_loss":0,"event_name":"Scrap Ooze","floor":11,"gold_loss":0}],"is_beta":false,"boss_relics":[],"items_purged_floors":[],"is_endless":false,"potions_floor_spawned":[4,6,10],"killed_by":"Lagavulin","ascension_level":3}