{"gold_per_floor":[116,41,52,66,83,83,109,121,159,171,208,220,261,289,301,313],"floor_reached":16,"playtime":574,"items_purged":["Strike_R"],"score":234,"play_id":"6afb7142-8c85-407a-af90-05dc8ebb379f","local_time":"20190120224014","is_ascension_mode":true,"campfire_choices":[{"data":"Twin Strike","floor":6.0,"key":"SMITH"},{"data":"Carnage","floor":15.0,"key":"SMITH"}],"neow_cost":"NONE","seed_source_timestamp":963088441713917,"circlet_count":0,"master_deck":["AscendersBane","Strike_R","Strike_R","Strike_R","Defend_R","Defend_R","Defend_R","Defend_R","Bash","Dark Embrace","Twin Strike+1","Whirlwind","Warcry","Battle Trance","Carnage+1","True Grit","Havoc"],"special_seed":0,"relics":["Burning Blood","MawBank","PreservedInsect","Orichalcum","Dream Catcher"],"potions_floor_usage":[16],"damage_taken":[{"damage":7.0,"enemies":"Cultist","floor":1.0,"turns":4.0},{"damage":12.0,"enemies":"Jaw Worm","floor":3.0,"turns":4.0},{"damage":14.0,"enemies":"Small Slimes","floor":4.0,"turns":5.0},{"damage":10.0,"enemies":"2 Fungi Beasts","floor":5.0,"turns":3.0},{"damage":35.0,"enemies":"3 Sentries","floor":7.0,"turns":6.0},{"damage":5.0,"enemies":"Lagavulin","floor":11.0,"turns":6.0},{"damage":13.0,"enemies":"3 Sentries","floor":13.0,"turns":5.0},{"damage":8.0,"enemies":"Large Slime","floor":14.0,"turns":6.0},{"damage":51,"enemies":"The Guardian","floor":16,"turns":8}],"seed_played":"1770995468803067429","potions_obtained":[{"floor":7.0,"key":"SkillPotion"},{"floor":11.0,"key":"Energy Potion"},{"floor":13.0,"key":"FairyPotion"}],"is_trial":false,"path_per_floor":["M","$","M","M","M","R","E","?","T","?","E","?","E","M","R","B"],"character_chosen":"IRONCLAD","items_purchased":[],"campfire_rested":0,"item_purchase_floors":[],"current_hp_per_floor":[67,67,61,53,49,49,20,20,20,45,46,46,39,37,37,0],"gold":313,"neow_bonus":"ONE_RANDOM_RARE_CARD","is_prod":false,"is_daily":false,"chose_seed":false,"campfire_upgraded":2,"win_rate":0,"timestamp":1548020414,"path_taken":["M","$","?","M","M","R","E","?","T","?","E","?","E","M","R","BOSS"],"build_version":"2019-01-17v2","purchased_purges":1,"victory":false,"max_hp_per_floor":[75,75,75,75,75,75,75,75,75,75,75,75,75,75,75,75],"card_choices":[{"not_picked":["Shrug It Off","Iron Wave"],"picked":"Twin Strike","floor":1.0},{"not_picked":["Sentinel","Havoc"],"picked":"Whirlwind","floor":3.0},{"not_picked":["Anger","Clothesline"],"picked":"Warcry","floor":4.0},{"not_picked":["Fire Breathing","Clothesline"],"picked":"Battle Trance","floor":5.0},{"not_picked":["Pommel Strike","Body Slam","Headbutt"],"picked":"SKIP","floor":7.0},{"not_picked":["Blood for Blood","Cleave"],"picked":"Carnage","floor":11.0},{"not_picked":["Heavy Blade","Exhume"],"picked":"True Grit","floor":13.0},{"not_picked":["Metallicize","Combust"],"picked":"Havoc","floor":14.0}],"player_experience":916886,"relics_obtained":[{"floor":7.0,"key":"MawBank"},{"floor":9.0,"key":"PreservedInsect"},{"floor":11.0,"key":"Orichalcum"},{"floor":13.0,"key":"Dream Catcher"}],"event_choices":[{"cards_removed":["Strike_R"],"damage_healed":0.0,"max_hp_gain":0.0,"max_hp_loss":0.0,"gold_gain":0.0,"event_name":"Living Wall","player_choice":"Forget","floor":8.0,"gold_loss":0.0,"damage_taken":0.0},{"damage_healed":25.0,"max_hp_gain":0.0,"max_hp_loss":0.0,"gold_gain":0.0,"event_name":"Big Fish","player_choice":"Banana","floor":10.0,"gold_loss":0.0,"damage_taken":0.0},{"damage_healed":0.0,"max_hp_gain":0.0,"max_hp_loss":0.0,"gold_gain":0.0,"event_name":"Scrap Ooze","player_choice":"Fled","floor":12.0,"gold_loss":0.0,"damage_taken":0.0}],"is_beta":false,"boss_relics":[],"items_purged_floors":[2],"is_endless":false,"potions_floor_spawned":[7,11,13],"killed_by":"The Guardian","ascension_level":19}