{"gold_per_floor":[110,128,53,53,128,143,174,174,221,221,233,267,267,11,11,85,85,85,85,85,85,85,85,85,85,85,85,85,85,85,85,85,85],"floor_reached":33,"playtime":857,"items_purged":["Strike_R"],"score":586,"play_id":"5788b3ea-04f6-47a9-8009-49bd83216fc6","local_time":"20190127230653","is_ascension_mode":true,"campfire_choices":[{"floor":8.0,"key":"REST"},{"data":"Cleave","floor":10.0,"key":"SMITH"},{"data":"Flame Barrier","floor":13.0,"key":"SMITH"},{"data":"Bash","floor":15.0,"key":"SMITH"},{"data":"Bludgeon","floor":23.0,"key":"SMITH"},{"data":"Metallicize","floor":25.0,"key":"SMITH"},{"data":"Rampage","floor":27.0,"key":"SMITH"},{"floor":32.0,"key":"REST"}],"neow_cost":"NONE","seed_source_timestamp":0,"circlet_count":0,"master_deck":["AscendersBane","Strike_R","Strike_R","Strike_R","Strike_R","Defend_R","Defend_R","Defend_R","Defend_R","Bash+1","Wild Strike+1","Havoc+1","Flame Barrier+1","Cleave+1","Rampage+1","Metallicize","Metallicize+1","Bludgeon+1","Headbutt+1","Thunderclap","Disarm"],"special_seed":0,"relics":["Burning Blood","NeowsBlessing","Vajra","Boot","Happy Flower","Lee\u0027s Waffle","Ectoplasm","Paper Frog","Pear","Omamori"],"potions_floor_usage":[],"damage_taken":[{"damage":0.0,"enemies":"Small Slimes","floor":1.0,"turns":1.0},{"damage":0.0,"enemies":"Jaw Worm","floor":2.0,"turns":1.0},{"damage":0.0,"enemies":"Cultist","floor":6.0,"turns":1.0},{"damage":49.0,"enemies":"Lagavulin","floor":7.0,"turns":8.0},{"damage":11.0,"enemies":"Exordium Thugs","floor":11.0,"turns":3.0},{"damage":11.0,"enemies":"Gremlin Nob","floor":12.0,"turns":3.0},{"damage":30.0,"enemies":"The Guardian","floor":16.0,"turns":14.0},{"damage":15.0,"enemies":"Shell Parasite","floor":18.0,"turns":4.0},{"damage":21.0,"enemies":"Spheric Guardian","floor":20.0,"turns":4.0},{"damage":11.0,"enemies":"Snecko","floor":22.0,"turns":6.0},{"damage":26.0,"enemies":"Book of Stabbing","floor":24.0,"turns":4.0},{"damage":9.0,"enemies":"Centurion and Healer","floor":28.0,"turns":4.0},{"damage":27.0,"enemies":"Slavers","floor":30.0,"turns":5.0},{"damage":12.0,"enemies":"Snake Plant","floor":31.0,"turns":3.0},{"damage":56,"enemies":"Collector","floor":33,"turns":6}],"seed_played":"5608885367658273651","potions_obtained":[{"floor":1.0,"key":"Poison Potion"},{"floor":2.0,"key":"BloodPotion"},{"floor":7.0,"key":"GamblersBrew"},{"floor":16.0,"key":"Poison Potion"},{"floor":18.0,"key":"Strength Potion"},{"floor":20.0,"key":"Swift Potion"},{"floor":24.0,"key":"Strength Potion"}],"is_trial":false,"path_per_floor":["M","M","$","?","?","M","E","R","T","R","M","E","R","$","R","B",null,"M","?","M","?","M","R","E","R","T","R","M","?","E","M","R","B"],"character_chosen":"IRONCLAD","items_purchased":["Lee\u0027s Waffle","Metallicize"],"campfire_rested":2,"item_purchase_floors":[14,14],"current_hp_per_floor":[74,75,75,52,41,47,11,33,33,33,28,23,23,82,82,58,76,67,82,67,67,62,62,42,42,52,52,49,49,28,22,49,0],"gold":85,"neow_bonus":"THREE_ENEMY_KILL","is_prod":false,"is_daily":false,"chose_seed":false,"campfire_upgraded":6,"win_rate":0,"timestamp":1548626813,"path_taken":["M","M","$","?","?","M","E","R","T","R","M","E","R","$","R","BOSS","M","?","M","?","M","R","E","R","T","R","M","?","E","?","R","BOSS"],"build_version":"2019-01-23","purchased_purges":1,"victory":false,"max_hp_per_floor":[75,75,75,75,75,75,75,75,75,75,75,75,75,82,82,82,82,82,82,82,82,82,82,82,82,92,92,92,92,92,92,92,92],"card_choices":[{"not_picked":["Sentinel","Heavy Blade"],"picked":"Wild Strike","floor":1.0},{"not_picked":["Power Through","Body Slam"],"picked":"Havoc","floor":2.0},{"not_picked":["Hemokinesis","Corruption"],"picked":"Flame Barrier","floor":6.0},{"not_picked":["Dual Wield","Fire Breathing"],"picked":"Cleave","floor":7.0},{"not_picked":["Heavy Blade","Clash"],"picked":"Rampage","floor":11.0},{"not_picked":["Headbutt","Cleave"],"picked":"Metallicize","floor":12.0},{"not_picked":["Fiend Fire","Exhume"],"picked":"Bludgeon","floor":16.0},{"not_picked":["Flex","Cleave","Burning Pact"],"picked":"SKIP","floor":18.0},{"not_picked":["Iron Wave+1","Flex"],"picked":"Headbutt","floor":20.0},{"not_picked":["Shrug It Off","Pummel","Sever Soul"],"picked":"SKIP","floor":22.0},{"not_picked":["Anger","Sword Boomerang","Body Slam"],"picked":"SKIP","floor":24.0},{"not_picked":["Pommel Strike","Clash"],"picked":"Thunderclap","floor":28.0},{"not_picked":["Anger+1","Combust","Whirlwind"],"picked":"SKIP","floor":30.0},{"not_picked":["Thunderclap","Anger"],"picked":"Disarm","floor":31.0}],"player_experience":953567,"relics_obtained":[{"floor":7.0,"key":"Vajra"},{"floor":9.0,"key":"Boot"},{"floor":12.0,"key":"Happy Flower"},{"floor":24.0,"key":"Paper Frog"},{"floor":26.0,"key":"Pear"},{"floor":30.0,"key":"Omamori"}],"event_choices":[{"damage_healed":0.0,"max_hp_gain":0.0,"max_hp_loss":0.0,"gold_gain":0.0,"event_name":"Shining Light","player_choice":"Entered Light","floor":4.0,"gold_loss":0.0,"damage_taken":23.0,"cards_upgraded":["Wild Strike","Havoc"]},{"damage_healed":0.0,"max_hp_gain":0.0,"max_hp_loss":0.0,"gold_gain":75.0,"event_name":"World of Goop","player_choice":"Gather Gold","floor":5.0,"gold_loss":0.0,"damage_taken":11.0},{"damage_healed":16.0,"max_hp_gain":0.0,"max_hp_loss":0.0,"gold_gain":0.0,"event_name":"The Library","player_choice":"Heal","floor":19.0,"gold_loss":0.0,"damage_taken":0.0},{"damage_healed":0.0,"max_hp_gain":0.0,"max_hp_loss":0.0,"gold_gain":50.0,"event_name":"Nest","player_choice":"Stole From Cult","floor":21.0,"gold_loss":0.0,"damage_taken":0.0},{"damage_healed":0.0,"max_hp_gain":0.0,"max_hp_loss":0.0,"gold_gain":0.0,"event_name":"Accursed Blacksmith","player_choice":"Forge","floor":29.0,"gold_loss":0.0,"damage_taken":0.0,"cards_upgraded":["Headbutt"]}],"is_beta":false,"boss_relics":[{"not_picked":["Black Star","Fusion Hammer"],"picked":"Ectoplasm"}],"items_purged_floors":[3],"is_endless":false,"potions_floor_spawned":[1,2,7,16,18,20,24],"killed_by":"Collector","ascension_level":20}