{"gold_per_floor":[117,127,302,65,95,128,128,213,213,268,268,318,60,118,118,268,268,313,273,283,321,361,451,14,68,68,68,105,118,118,118,118,118],"floor_reached":33,"playtime":1737,"items_purged":["Doubt"],"score":380,"play_id":"9e0eeeeb-8bf0-4402-b2b3-e12bd6419b6e","local_time":"20190219000618","is_ascension_mode":true,"campfire_choices":[{"data":"HandOfGreed","floor":7,"key":"SMITH"},{"floor":15,"key":"REST"},{"data":"Terror","floor":27,"key":"SMITH"},{"data":"Blade Dance","floor":30,"key":"SMITH"},{"data":"Cloak And Dagger","floor":32,"key":"SMITH"}],"neow_cost":"NONE","seed_source_timestamp":271796118664205,"circlet_count":0,"master_deck":["Defend_G","Defend_G","Defend_G","Strike_G","Strike_G","Strike_G","Survivor","Neutralize","PiercingWail","Slice","Dagger Throw","HandOfGreed+1","Terror+1","Finisher","Masterful Stab","Backstab","Blade Dance+1","Cloak And Dagger+1","Glass Knife","Acrobatics+1","Predator+1","Skewer+1","Escape Plan","Endless Agony"],"relics":["Ring of the Snake","Potion Belt","Mango","Letter Opener","Odd Mushroom","Dream Catcher","Bronze Scales","Bottled Lightning","Shovel","Astrolabe","Tiny Chest","Chemical X","Frozen Egg 2","Pear","Singing Bowl"],"potions_floor_usage":[20,22,23,23,29],"damage_taken":[{"damage":0,"enemies":"2 Louse","floor":1,"turns":3},{"damage":2,"enemies":"Jaw Worm","floor":2,"turns":6},{"damage":0,"enemies":"Small Slimes","floor":5,"turns":3},{"damage":21,"enemies":"Gremlin Nob","floor":6,"turns":4},{"damage":13,"enemies":"3 Sentries","floor":8,"turns":9},{"damage":13,"enemies":"The Mushroom Lair","floor":10,"turns":5},{"damage":11,"enemies":"Lagavulin","floor":12,"turns":5},{"damage":0,"enemies":"Gremlin Nob","floor":14,"turns":2},{"damage":30,"enemies":"Slime Boss","floor":16,"turns":12},{"damage":5,"enemies":"3 Byrds","floor":18,"turns":3},{"damage":0,"enemies":"Shell Parasite","floor":20,"turns":1},{"damage":7,"enemies":"Snecko","floor":21,"turns":3},{"damage":0,"enemies":"Centurion and Healer","floor":22,"turns":6},{"damage":19,"enemies":"Gremlin Leader","floor":23,"turns":6},{"damage":3,"enemies":"Book of Stabbing","floor":25,"turns":3},{"damage":0,"enemies":"Cultist and Chosen","floor":28,"turns":3},{"damage":0,"enemies":"Snake Plant","floor":29,"turns":2},{"damage":109,"enemies":"Automaton","floor":33,"turns":8}],"seed_played":"-5847743650361649716","potions_obtained":[{"floor":6,"key":"Ancient Potion"},{"floor":10,"key":"FairyPotion"},{"floor":16,"key":"Block Potion"},{"floor":19,"key":"Fire Potion"},{"floor":19,"key":"Explosive Potion"},{"floor":21,"key":"Fire Potion"},{"floor":23,"key":"FearPotion"},{"floor":25,"key":"Regen Potion"}],"is_trial":false,"path_per_floor":["M","M","?","$","M","E","R","E","T","?","?","E","$","E","R","B",null,"M","?","M","M","M","E","$","E","T","R","M","M","R","?","R","B"],"character_chosen":"THE_SILENT","items_purchased":["HandOfGreed","Bottled Lightning","Chemical X","Frozen Egg 2"],"campfire_rested":1,"item_purchase_floors":[4,13,24,24],"current_hp_per_floor":[70,68,68,68,68,47,47,48,48,35,17,6,6,6,31,1,84,79,79,79,72,72,53,53,60,60,60,62,69,69,69,69,0],"gold":118,"neow_bonus":"TRANSFORM_CARD","is_prod":false,"is_daily":false,"chose_seed":false,"campfire_upgraded":4,"win_rate":0,"timestamp":1550531178,"path_taken":["M","M","?","?","M","E","R","E","T","?","?","E","$","E","R","BOSS","M","?","?","M","M","E","$","E","T","R","?","M","R","?","R","BOSS"],"build_version":"2019-01-23","purchased_purges":1,"victory":false,"max_hp_per_floor":[70,70,70,70,70,70,70,84,84,84,84,84,84,84,84,84,84,84,84,84,84,84,84,84,94,94,94,96,98,98,98,98,98],"card_choices":[{"not_picked":["Dagger Throw","PiercingWail"],"picked":"Slice","floor":1},{"not_picked":["Flying Knee","Prepared"],"picked":"Dagger Throw","floor":2},{"not_picked":["Riddle With Holes","Underhanded Strike"],"picked":"Terror","floor":5},{"not_picked":["Outmaneuver","Noxious Fumes"],"picked":"Finisher","floor":6},{"not_picked":["Outmaneuver","Bane"],"picked":"Masterful Stab","floor":8},{"not_picked":["Flying Knee","Deadly Poison"],"picked":"Backstab","floor":10},{"not_picked":["Doppelganger","Dagger Spray"],"picked":"Blade Dance","floor":12},{"not_picked":["Catalyst","Finisher"],"picked":"Cloak And Dagger","floor":14},{"not_picked":["Die Die Die","Envenom"],"picked":"Glass Knife","floor":16},{"not_picked":["Flying Knee+1","Deadly Poison","Cloak And Dagger"],"picked":"SKIP","floor":18},{"not_picked":["Dodge and Roll+1","Dagger Spray","Eviscerate+1"],"picked":"SKIP","floor":20},{"not_picked":["Acrobatics","PiercingWail","Blade Dance"],"picked":"SKIP","floor":21},{"not_picked":["Catalyst","Riddle With Holes+1"],"picked":"Escape Plan","floor":22},{"not_picked":["Dagger Spray","All Out Attack","Deadly Poison"],"picked":"SKIP","floor":23},{"not_picked":["Quick Slash+1","Dodge and Roll"],"picked":"Endless Agony","floor":25},{"not_picked":["Underhanded Strike","Poisoned Stab","Heel Hook+1"],"picked":"Singing Bowl","floor":28},{"not_picked":["Reflex+1","Prepared","Doppelganger"],"picked":"Singing Bowl","floor":29}],"player_experience":1104586,"relics_obtained":[{"floor":6,"key":"Potion Belt"},{"floor":8,"key":"Mango"},{"floor":9,"key":"Letter Opener"},{"floor":10,"key":"Odd Mushroom"},{"floor":12,"key":"Bronze Scales"},{"floor":14,"key":"Shovel"},{"floor":23,"key":"Tiny Chest"},{"floor":25,"key":"Pear"},{"floor":26,"key":"Singing Bowl"}],"event_choices":[{"damage_healed":0,"gold_gain":175,"player_choice":"AGREE","damage_taken":0,"max_hp_gain":0,"max_hp_loss":0,"event_name":"Liars Game","floor":3,"gold_loss":0,"cards_obtained":["Doubt"]},{"damage_healed":0,"gold_gain":0,"player_choice":"Fought Mushrooms","damage_taken":0,"max_hp_gain":0,"max_hp_loss":0,"event_name":"Mushrooms","floor":10,"gold_loss":0},{"damage_healed":0,"gold_gain":0,"player_choice":"Success","damage_taken":18,"relics_obtained":["Dream Catcher"],"max_hp_gain":0,"max_hp_loss":0,"event_name":"Scrap Ooze","floor":11,"gold_loss":0},{"damage_healed":0,"gold_gain":0,"player_choice":"Bought 3 Potions","damage_taken":0,"max_hp_gain":0,"max_hp_loss":0,"event_name":"The Woman in Blue","floor":19,"gold_loss":0},{"damage_healed":0,"gold_gain":0,"player_choice":"Ignored","damage_taken":0,"max_hp_gain":0,"max_hp_loss":0,"event_name":"Ghosts","floor":31,"gold_loss":0}],"is_beta":false,"boss_relics":[{"not_picked":["Coffee Dripper","Ring of the Serpent"],"picked":"Astrolabe"}],"items_purged_floors":[4],"is_endless":false,"potions_floor_spawned":[6,10,16,21,23,25],"killed_by":"Automaton","ascension_level":1}