{"gold_per_floor":[10,110,121,132,151,181,197,211,257,273,273,307,307,332,332,332],"floor_reached":16,"playtime":603,"items_purged":[],"score":130,"play_id":"b0f35b98-11d6-45b2-b11e-6f278eacccfd","local_time":"20190219220311","is_ascension_mode":true,"campfire_choices":[{"floor":11,"key":"REST"},{"data":"A Thousand Cuts","floor":13,"key":"SMITH"},{"data":"Blade Dance","floor":15,"key":"SMITH"}],"neow_cost":"NO_GOLD","seed_source_timestamp":351949230834871,"circlet_count":0,"master_deck":["Defend_G","Defend_G","Defend_G","Defend_G","Defend_G","Strike_G","Strike_G","Strike_G","Strike_G","Strike_G","Survivor","Neutralize","A Thousand Cuts+1","Slice","Blade Dance+1","Cloak And Dagger","Backstab","Escape Plan"],"relics":["Ring of the Snake","Calipers","PreservedInsect","Pen Nib","Sundial"],"potions_floor_usage":[6,6],"damage_taken":[{"damage":2,"enemies":"Cultist","floor":1,"turns":6},{"damage":3,"enemies":"2 Louse","floor":3,"turns":3},{"damage":1,"enemies":"Jaw Worm","floor":4,"turns":5},{"damage":2,"enemies":"2 Fungi Beasts","floor":5,"turns":3},{"damage":45,"enemies":"Lagavulin","floor":6,"turns":8},{"damage":13,"enemies":"Exordium Wildlife","floor":7,"turns":9},{"damage":8,"enemies":"Blue Slaver","floor":8,"turns":3},{"damage":2,"enemies":"3 Louse","floor":10,"turns":4},{"damage":9,"enemies":"3 Sentries","floor":12,"turns":5},{"damage":10,"enemies":"Lagavulin","floor":14,"turns":5},{"damage":13,"enemies":"Slime Boss","floor":16,"turns":7}],"seed_played":"-867152302671741920","potions_obtained":[{"floor":1,"key":"Fire Potion"},{"floor":4,"key":"Regen Potion"},{"floor":7,"key":"Dexterity Potion"}],"is_trial":false,"path_per_floor":["M","?","M","M","M","E","M","M","T","M","R","E","R","E","R","B"],"character_chosen":"THE_SILENT","items_purchased":[],"campfire_rested":1,"item_purchase_floors":[],"current_hp_per_floor":[68,68,65,64,62,31,18,10,10,8,29,20,20,10,10,0],"gold":332,"neow_bonus":"THREE_RARE_CARDS","is_prod":false,"is_daily":false,"chose_seed":false,"campfire_upgraded":2,"win_rate":0,"timestamp":1550610191,"path_taken":["M","?","M","?","M","E","M","M","T","M","R","E","R","E","R","BOSS"],"build_version":"2019-01-23","purchased_purges":0,"victory":false,"max_hp_per_floor":[70,70,70,70,70,70,70,70,70,70,70,70,70,70,70,70],"card_choices":[{"not_picked":["Doppelganger","After Image"],"picked":"A Thousand Cuts","floor":0},{"not_picked":["Calculated Gamble","Heel Hook"],"picked":"Slice","floor":1},{"not_picked":["Dash","Dodge and Roll"],"picked":"Blade Dance","floor":3},{"not_picked":["Dagger Spray","Underhanded Strike","Eviscerate"],"picked":"SKIP","floor":4},{"not_picked":["Slice","Noxious Fumes","Deflect"],"picked":"SKIP","floor":5},{"not_picked":["Skewer","Tools of the Trade"],"picked":"Cloak And Dagger","floor":6},{"not_picked":["Reflex","Bane"],"picked":"Backstab","floor":7},{"not_picked":["Dodge and Roll","Bane"],"picked":"Escape Plan","floor":8},{"not_picked":["Dagger Throw","Flying Knee","Bane"],"picked":"SKIP","floor":10},{"not_picked":["Skewer","Slice","Calculated Gamble"],"picked":"SKIP","floor":12},{"not_picked":["Dodge and Roll","Deadly Poison","Sucker Punch"],"picked":"SKIP","floor":14}],"player_experience":1117038,"relics_obtained":[{"floor":6,"key":"Calipers"},{"floor":9,"key":"PreservedInsect"},{"floor":12,"key":"Pen Nib"},{"floor":14,"key":"Sundial"}],"event_choices":[{"damage_healed":0,"gold_gain":100,"player_choice":"Gold","damage_taken":0,"max_hp_gain":0,"max_hp_loss":0,"event_name":"Wheel of Change","floor":2,"gold_loss":0}],"is_beta":false,"boss_relics":[],"items_purged_floors":[],"is_endless":false,"potions_floor_spawned":[1,4,7],"killed_by":"Slime Boss","ascension_level":1}