{"gold_per_floor":[213,39,54,229,229,229,270,345,426,96,112,135,148,181,181,310,373,388,48,48,48],"floor_reached":21,"playtime":1436,"items_purged":["Doubt"],"score":287,"play_id":"a3707f3e-1c43-4146-932d-a4f6c90289dd","local_time":"20190205005923","is_ascension_mode":true,"campfire_choices":[{"floor":6.0,"key":"REST"},{"floor":15.0,"key":"REST"}],"neow_cost":"NONE","seed_source_timestamp":0,"circlet_count":0,"master_deck":["Strike_R","Strike_R","Strike_R","Strike_R+1","Strike_R","Defend_R","Defend_R","Defend_R","Defend_R","Bash","Infernal Blade","The Bomb","Uppercut","Iron Wave","Cleave","Cleave","Offering","Shrug It Off","Dropkick","True Grit","Flash of Steel"],"special_seed":0,"relics":["Burning Blood","Golden Idol","Bag of Marbles","Gremlin Horn","Bottled Flame","Mango","Tiny House","Strange Spoon"],"potions_floor_usage":[],"damage_taken":[{"damage":6.0,"enemies":"Cultist","floor":1.0,"turns":3.0},{"damage":12.0,"enemies":"2 Louse","floor":3.0,"turns":3.0},{"damage":25.0,"enemies":"Lagavulin","floor":7.0,"turns":6.0},{"damage":9.0,"enemies":"Jaw Worm","floor":11.0,"turns":2.0},{"damage":6.0,"enemies":"Large Slime","floor":12.0,"turns":4.0},{"damage":9.0,"enemies":"Blue Slaver","floor":13.0,"turns":3.0},{"damage":22.0,"enemies":"3 Sentries","floor":14.0,"turns":6.0},{"damage":39,"enemies":"Slime Boss","floor":16,"turns":8},{"damage":42,"enemies":"Shell Parasite","floor":18,"turns":5},{"damage":20,"enemies":"Spheric Guardian","floor":21,"turns":4}],"seed_played":"1728673796294153606","potions_obtained":[{"floor":1.0,"key":"Fire Potion"},{"floor":11.0,"key":"LiquidBronze"},{"floor":12.0,"key":"Dexterity Potion"},{"floor":13.0,"key":"Swift Potion"}],"is_trial":false,"path_per_floor":["M","$","M","?","?","R","E","?","T","$","M","M","M","E","R","B",null,"M","$","?","M"],"character_chosen":"IRONCLAD","items_purchased":["The Bomb","Bottled Flame","True Grit","Strange Spoon","Flash of Steel"],"campfire_rested":2,"item_purchase_floors":[2,10,19,19,19],"current_hp_per_floor":[72,72,66,66,46,70,51,40,40,40,37,37,34,32,60,27,82,46,46,46,26],"gold":48,"neow_bonus":"HUNDRED_GOLD","is_prod":false,"is_daily":false,"chose_seed":false,"campfire_upgraded":0,"win_rate":0,"timestamp":1549346363,"path_taken":["M","$","?","?","?","R","E","?","T","$","M","M","?","E","R","BOSS","M","$","?","M"],"build_version":"2019-01-23","purchased_purges":1,"victory":false,"max_hp_per_floor":[80,80,80,80,80,80,80,80,80,80,80,80,80,94,94,94,99,99,99,99,99],"card_choices":[{"not_picked":["Havoc","Flex"],"picked":"Infernal Blade","floor":1.0},{"not_picked":["Searing Blow","Warcry"],"picked":"Uppercut","floor":3.0},{"not_picked":["Sever Soul","Metallicize"],"picked":"Iron Wave","floor":7.0},{"not_picked":["Anger","Clash","Perfected Strike"],"picked":"SKIP","floor":11.0},{"not_picked":["Anger","Juggernaut"],"picked":"Cleave","floor":12.0},{"not_picked":["Flex","Thunderclap"],"picked":"Cleave","floor":13.0},{"not_picked":["True Grit","Dual Wield","Juggernaut"],"picked":"SKIP","floor":14.0},{"not_picked":["Exhume","Impervious"],"picked":"Offering","floor":16},{"not_picked":["Pommel Strike","Dual Wield"],"picked":"Shrug It Off","floor":17},{"not_picked":["Havoc","True Grit"],"picked":"Dropkick","floor":18}],"player_experience":363605,"relics_obtained":[{"floor":7.0,"key":"Bag of Marbles"},{"floor":9.0,"key":"Gremlin Horn"},{"floor":14.0,"key":"Mango"}],"event_choices":[{"damage_healed":0.0,"max_hp_gain":0.0,"max_hp_loss":0.0,"gold_gain":175.0,"event_name":"Liars Game","player_choice":"AGREE","floor":4.0,"gold_loss":0.0,"damage_taken":0.0,"cards_obtained":["Doubt"]},{"damage_healed":0.0,"max_hp_gain":0.0,"max_hp_loss":0.0,"gold_gain":0.0,"event_name":"Golden Idol","player_choice":"Take Damage","floor":5.0,"gold_loss":0.0,"damage_taken":20.0,"relics_obtained":["Golden Idol"]},{"damage_healed":0.0,"max_hp_gain":0.0,"max_hp_loss":0.0,"gold_gain":75.0,"event_name":"World of Goop","player_choice":"Gather Gold","floor":8.0,"gold_loss":0.0,"damage_taken":11.0},{"damage_healed":0,"gold_gain":0,"player_choice":"Ignored","damage_taken":0,"max_hp_gain":0,"max_hp_loss":0,"event_name":"Vampires","floor":20,"gold_loss":0}],"is_beta":false,"boss_relics":[{"not_picked":["Coffee Dripper","Orrery"],"picked":"Tiny House"}],"items_purged_floors":[10],"is_endless":false,"potions_floor_spawned":[1,11,12,13],"killed_by":"Spheric Guardian","ascension_level":8}