{"gold_per_floor":[113,83,38,38,53,53,68,84,84,94,94,120,120,137,137,237,237,255,265,282,295,345,379,379,121,121,121,151,75,75,85,85,187,187,197,0,12,62,62,94,94,121,121,24,24,43,143,163,163,163],"floor_reached":50,"playtime":5791,"items_purged":["Pain"],"score":593,"play_id":"95f7defc-8fe5-4cfc-ae4e-db684ede294b","local_time":"20190315205844","is_ascension_mode":true,"campfire_choices":[{"data":"Zap","floor":6.0,"key":"SMITH"},{"data":"Dualcast","floor":11.0,"key":"SMITH"},{"data":"Streamline","floor":13.0,"key":"SMITH"},{"data":"Hologram","floor":15.0,"key":"SMITH"},{"floor":24.0,"key":"REST"},{"data":"Auto Shields","floor":27.0,"key":"SMITH"},{"data":"Tempest","floor":30.0,"key":"SMITH"},{"data":"Reinforced Body","floor":32.0,"key":"SMITH"},{"floor":41.0,"key":"REST"},{"data":"1","floor":45.0,"key":"LIFT"},{"floor":49.0,"key":"REST"}],"neow_cost":"NONE","seed_source_timestamp":0,"circlet_count":0,"master_deck":["Strike_B","Strike_B","Strike_B","Strike_B","Defend_B","Defend_B","Defend_B","Defend_B","Zap+1","Dualcast+1","Self Repair","Conserve Battery","Auto Shields+1","FTL","Reinforced Body+1","Streamline+1","Hologram+1","Electrodynamics","Static Discharge+1","Ball Lightning","Undo+1","Turbo","Hologram","Rebound","Tempest+1","Redo","Seek","Bandage Up","Static Discharge","Hologram+1"],"special_seed":0,"relics":["Cracked Core","Lantern","WarpedTongs","Gremlin Horn","Du-Vu Doll","Black Star","Smiling Mask","Ancient Tea Set","Lee\u0027s Waffle","Omamori","Potion Belt","Cables","Sozu","Red Mask","Girya","Juzu Bracelet","Pen Nib","Torii","Question Card"],"potions_floor_usage":[],"damage_taken":[{"damage":0.0,"enemies":"Small Slimes","floor":1.0,"turns":2.0},{"damage":5.0,"enemies":"Cultist","floor":5.0,"turns":3.0},{"damage":5.0,"enemies":"Jaw Worm","floor":7.0,"turns":4.0},{"damage":14.0,"enemies":"Exordium Thugs","floor":8.0,"turns":5.0},{"damage":8.0,"enemies":"3 Louse","floor":10.0,"turns":3.0},{"damage":17.0,"enemies":"Gremlin Nob","floor":12.0,"turns":5.0},{"damage":3.0,"enemies":"Blue Slaver","floor":14.0,"turns":2.0},{"damage":32.0,"enemies":"Hexaghost","floor":16.0,"turns":11.0},{"damage":19.0,"enemies":"3 Byrds","floor":18.0,"turns":5.0},{"damage":8.0,"enemies":"2 Thieves","floor":19.0,"turns":4.0},{"damage":12.0,"enemies":"Snake Plant","floor":20.0,"turns":6.0},{"damage":4.0,"enemies":"Centurion and Healer","floor":21.0,"turns":7.0},{"damage":34.0,"enemies":"Book of Stabbing","floor":23.0,"turns":8.0},{"damage":0.0,"enemies":"Gremlin Leader","floor":28.0,"turns":7.0},{"damage":0.0,"enemies":"Cultist and Chosen","floor":31.0,"turns":4.0},{"damage":60.0,"enemies":"Automaton","floor":33.0,"turns":11.0},{"damage":38.0,"enemies":"3 Darklings","floor":35.0,"turns":6.0},{"damage":0.0,"enemies":"3 Shapes","floor":37.0,"turns":3.0},{"damage":29.0,"enemies":"2 Orb Walkers","floor":38.0,"turns":3.0},{"damage":51.0,"enemies":"Nemesis","floor":40.0,"turns":9.0},{"damage":6.0,"enemies":"Reptomancer","floor":42.0,"turns":6.0},{"damage":11.0,"enemies":"Sphere and 2 Shapes","floor":46.0,"turns":3.0},{"damage":8.0,"enemies":"Maw","floor":48.0,"turns":8.0},{"damage":86,"enemies":"Awakened One","floor":50,"turns":11}],"seed_played":"-2314701254817717480","potions_obtained":[{"floor":1.0,"key":"Weak Potion"},{"floor":2.0,"key":"Poison Potion"},{"floor":8.0,"key":"SpeedPotion"},{"floor":14.0,"key":"Block Potion"},{"floor":16.0,"key":"FocusPotion"},{"floor":19.0,"key":"SkillPotion"},{"floor":21.0,"key":"EssenceOfSteel"},{"floor":28.0,"key":"Ancient Potion"}],"is_trial":false,"path_per_floor":["M","?","$","?","M","R","M","M","T","M","R","E","R","M","R","B",null,"M","M","M","M","?","E","R","$","T","R","E","$","R","M","R","B",null,"M","?","M","?","?","E","R","E","T","$","R","M","?","M","R","B"],"character_chosen":"DEFECT","items_purchased":["Conserve Battery","Lee\u0027s Waffle","Tempest","Bandage Up"],"campfire_rested":3,"item_purchase_floors":[3,25,29,44],"current_hp_per_floor":[75,75,75,75,75,75,75,68,68,67,67,57,57,61,61,29,75,63,62,50,56,56,22,44,82,82,82,82,82,82,82,82,22,82,51,51,51,22,72,28,49,50,50,50,50,50,50,53,72,0],"gold":163,"neow_bonus":"RANDOM_COMMON_RELIC","is_prod":false,"is_daily":false,"chose_seed":false,"campfire_upgraded":7,"win_rate":0,"timestamp":1552683524,"path_taken":["M","?","$","?","M","R","M","?","T","M","R","E","R","M","R","BOSS","M","?","M","M","?","E","R","?","T","R","E","$","R","M","R","BOSS","M","?","M","?","?","E","R","E","T","?","R","M","?","M","R","BOSS"],"build_version":"2019-01-23","purchased_purges":1,"victory":false,"max_hp_per_floor":[75,75,75,75,75,75,75,75,75,75,75,75,75,75,75,75,75,75,75,75,75,75,75,75,82,82,82,82,82,82,82,82,82,82,82,82,82,82,72,72,72,72,72,72,72,72,72,72,72,72],"card_choices":[{"not_picked":["Aggregate","Cold Snap"],"picked":"Self Repair","floor":1.0},{"not_picked":["Turbo","Gash"],"picked":"Auto Shields","floor":5.0},{"not_picked":["Recycle","Go for the Eyes"],"picked":"FTL","floor":7.0},{"not_picked":["Auto Shields","Leap"],"picked":"Reinforced Body","floor":8.0},{"not_picked":["Conserve Battery","Coolheaded","Static Discharge"],"picked":"SKIP","floor":10.0},{"not_picked":["Chill","Ball Lightning"],"picked":"Streamline","floor":12.0},{"not_picked":["Blizzard","Turbo"],"picked":"Hologram","floor":14.0},{"not_picked":["Amplify","Multi-Cast"],"picked":"Electrodynamics","floor":16.0},{"not_picked":["Rebound","Coolheaded"],"picked":"Static Discharge+1","floor":18.0},{"not_picked":["Coolheaded","Turbo"],"picked":"Ball Lightning","floor":19.0},{"not_picked":["Skim","Leap"],"picked":"Undo+1","floor":20.0},{"not_picked":["Ball Lightning","Rebound"],"picked":"Turbo","floor":21.0},{"not_picked":["Electrodynamics","Compile Driver+1"],"picked":"Hologram","floor":23.0},{"not_picked":["Ball Lightning+1","Self Repair+1"],"picked":"Rebound","floor":28.0},{"not_picked":["Compile Driver","Beam Cell","Gash"],"picked":"SKIP","floor":31.0},{"not_picked":["Ball Lightning","Stack+1","Barrage"],"picked":"SKIP","floor":35.0},{"not_picked":["Blizzard","Reprogram"],"picked":"Redo","floor":37.0},{"not_picked":["Recycle","Heatsinks+1"],"picked":"Seek","floor":40.0},{"not_picked":["Leap","Turbo+1","Ball Lightning"],"picked":"SKIP","floor":42.0},{"not_picked":["Compile Driver","Coolheaded+1","Rip and Tear"],"picked":"Static Discharge","floor":46.0},{"not_picked":["Scrape","Heatsinks+1","Ball Lightning"],"picked":"Hologram+1","floor":48.0}],"player_experience":183562,"relics_obtained":[{"floor":9.0,"key":"Gremlin Horn"},{"floor":12.0,"key":"Du-Vu Doll"},{"floor":23.0,"key":"Smiling Mask"},{"floor":23.0,"key":"Ancient Tea Set"},{"floor":26.0,"key":"Omamori"},{"floor":28.0,"key":"Potion Belt"},{"floor":28.0,"key":"Cables"},{"floor":38.0,"key":"Girya"},{"floor":40.0,"key":"Juzu Bracelet"},{"floor":40.0,"key":"Pen Nib"},{"floor":42.0,"key":"Torii"},{"floor":42.0,"key":"Question Card"}],"event_choices":[{"damage_healed":0.0,"max_hp_gain":0.0,"max_hp_loss":0.0,"gold_gain":0.0,"event_name":"The Woman in Blue","player_choice":"Bought 2 Potions","floor":2.0,"gold_loss":0.0,"damage_taken":0.0},{"damage_healed":0.0,"max_hp_gain":0.0,"max_hp_loss":0.0,"gold_gain":0.0,"event_name":"Accursed Blacksmith","player_choice":"Rummage","floor":4.0,"gold_loss":0.0,"damage_taken":0.0,"relics_obtained":["WarpedTongs"],"cards_obtained":["Pain"]},{"damage_healed":0.0,"max_hp_gain":0.0,"max_hp_loss":0.0,"gold_gain":100.0,"event_name":"The Joust","player_choice":"Bet on Murderer","floor":22.0,"gold_loss":50.0,"damage_taken":0.0},{"damage_healed":0.0,"max_hp_gain":0.0,"max_hp_loss":0.0,"gold_gain":0.0,"event_name":"Tomb of Lord Red Mask","player_choice":"Paid","floor":36.0,"gold_loss":197.0,"damage_taken":0.0,"relics_obtained":["Red Mask"]},{"damage_healed":0.0,"max_hp_gain":0.0,"max_hp_loss":0.0,"gold_gain":0.0,"event_name":"Mysterious Sphere","player_choice":"Fight","floor":38.0,"gold_loss":0.0,"damage_taken":0.0},{"damage_healed":72.0,"max_hp_gain":0.0,"max_hp_loss":10.0,"gold_gain":0.0,"event_name":"The Moai Head","player_choice":"Heal","floor":39.0,"gold_loss":0.0,"damage_taken":0.0},{"damage_healed":0.0,"max_hp_gain":0.0,"max_hp_loss":0.0,"gold_gain":100.0,"event_name":"Golden Shrine","player_choice":"Pray","floor":47.0,"gold_loss":0.0,"damage_taken":0.0}],"is_beta":false,"boss_relics":[{"not_picked":["Orrery","Runic Dome"],"picked":"Black Star"},{"not_picked":["Philosopher\u0027s Stone","Astrolabe"],"picked":"Sozu"}],"items_purged_floors":[25],"is_endless":false,"potions_floor_spawned":[1,8,14,16,19,21,28,38,42,46],"killed_by":"Awakened One","ascension_level":1}