{"gold_per_floor":[210,226,245,24,24,24,36,63,141,141],"floor_reached":10,"playtime":867,"items_purged":[],"score":88,"play_id":"6e64ebce-24eb-452a-a9d5-604d21bdebd2","local_time":"20190313143814","is_ascension_mode":true,"campfire_choices":[{"data":"Thinking Ahead","floor":6,"key":"SMITH"}],"neow_cost":"NONE","seed_source_timestamp":303975119706553,"circlet_count":0,"master_deck":["Defend_G","Defend_G+1","Defend_G","Defend_G","Defend_G","Strike_G","Strike_G","Strike_G","Strike_G+1","Strike_G","Survivor","Neutralize","Blade Dance","Infinite Blades","Acrobatics","Well Laid Plans","Thinking Ahead+1","Leg Sweep","Riddle With Holes"],"relics":["Ring of the Snake","Pocketwatch","Question Card"],"potions_floor_usage":[7],"damage_taken":[{"damage":1,"enemies":"Cultist","floor":1,"turns":3},{"damage":5,"enemies":"Small Slimes","floor":2,"turns":4},{"damage":0,"enemies":"2 Louse","floor":3,"turns":4},{"damage":14,"enemies":"Lots of Slimes","floor":7,"turns":5},{"damage":28,"enemies":"3 Sentries","floor":8,"turns":11},{"damage":3,"enemies":"Red Slaver","floor":10,"turns":4}],"seed_played":"-73919097630564517","potions_obtained":[{"floor":2,"key":"Poison Potion"}],"is_trial":false,"path_per_floor":["M","M","M","$","?","R","M","E","T","M"],"character_chosen":"THE_SILENT","items_purchased":["Well Laid Plans","Thinking Ahead"],"campfire_rested":0,"item_purchase_floors":[4,4],"current_hp_per_floor":[62,57,57,57,43,43,29,1,1,0],"gold":141,"neow_bonus":"HUNDRED_GOLD","is_prod":false,"is_daily":false,"chose_seed":false,"campfire_upgraded":1,"win_rate":0,"timestamp":1552484294,"path_taken":["M","M","?","$","?","R","M","E","T","M"],"build_version":"2019-01-23","purchased_purges":0,"victory":false,"max_hp_per_floor":[70,70,70,70,70,70,70,70,70,70],"card_choices":[{"not_picked":["Dodge and Roll","Catalyst"],"picked":"Blade Dance","floor":1},{"not_picked":["Caltrops","Prepared"],"picked":"Infinite Blades","floor":2},{"not_picked":["Setup","Storm of Steel"],"picked":"Acrobatics","floor":3},{"not_picked":["Underhanded Strike","Poisoned Stab"],"picked":"Leg Sweep","floor":7},{"not_picked":["Outmaneuver","Flying Knee"],"picked":"Riddle With Holes","floor":8}],"player_experience":478233,"relics_obtained":[{"floor":8,"key":"Pocketwatch"},{"floor":9,"key":"Question Card"}],"event_choices":[{"damage_healed":0,"gold_gain":0,"player_choice":"Entered Light","damage_taken":14,"max_hp_gain":0,"max_hp_loss":0,"event_name":"Shining Light","floor":5,"gold_loss":0,"cards_upgraded":["Strike_G","Defend_G"]}],"is_beta":false,"boss_relics":[],"items_purged_floors":[],"is_endless":false,"potions_floor_spawned":[2],"killed_by":"Red Slaver","ascension_level":6}