{"gold_per_floor":[119,119,119,135,135,135,165,165,220,141,141,153,166,191,191,291,291,304,317,336,9,9,9,9,39,62,82,82,94,119,129,129,231,281,295,295,310,320,320,354,354,379,391,403,450,482,494,416,428,440,452,464,19,51,51],"floor_reached":56,"playtime":7607,"items_purged":["Strike_G"],"score":2006,"play_id":"3a767d47-d43f-4c53-a4fb-dd71dd4774fe","local_time":"20190220210700","is_ascension_mode":true,"campfire_choices":[{"data":"Neutralize","floor":6.0,"key":"SMITH"},{"data":"Dash","floor":8.0,"key":"SMITH"},{"data":"Footwork","floor":11.0,"key":"SMITH"},{"data":"Infinite Blades","floor":15.0,"key":"SMITH"},{"floor":23.0,"key":"REST"},{"data":"Blade Dance","floor":28.0,"key":"SMITH"},{"data":"A Thousand Cuts","floor":32.0,"key":"SMITH"},{"floor":41,"key":"REST"},{"floor":44,"key":"RECALL"},{"data":"Cloak And Dagger","floor":49,"key":"SMITH"},{"data":"Well Laid Plans","floor":52,"key":"SMITH"}],"neow_cost":"NONE","seed_source_timestamp":0,"circlet_count":0,"master_deck":["AscendersBane","Defend_G+1","Defend_G+1","Defend_G+1","Defend_G+1","Defend_G+1","Strike_G+1","Strike_G+1","Strike_G+1","Survivor","Neutralize+1","Dash+1","Flying Knee","Footwork+1","Deflect","Infinite Blades+1","Adrenaline+1","Leg Sweep","Backstab","Blade Dance+1","Dodge and Roll+1","Footwork+1","Backflip+1","A Thousand Cuts+1","Dagger Spray","Cloak And Dagger+1","Discovery","Endless Agony+1","Adrenaline+1","Well Laid Plans+1","Footwork+1"],"special_seed":0,"relics":["Ring of the Snake","NeowsBlessing","Happy Flower","Potion Belt","Oddly Smooth Stone","Dead Branch","WristBlade","Shuriken","Juzu Bracelet","PreservedInsect","Art of War","Tiny House","Molten Egg 2","MawBank","Ancient Tea Set","OrangePellets","Mummified Hand","Snake Skull"],"potions_floor_usage":[55,55,55,55],"damage_taken":[{"damage":0.0,"enemies":"Small Slimes","floor":1.0,"turns":1.0},{"damage":0.0,"enemies":"2 Louse","floor":4.0,"turns":1.0},{"damage":0.0,"enemies":"Lagavulin","floor":7.0,"turns":1.0},{"damage":4.0,"enemies":"Cultist","floor":12.0,"turns":3.0},{"damage":0.0,"enemies":"Exordium Wildlife","floor":13.0,"turns":5.0},{"damage":12.0,"enemies":"3 Sentries","floor":14.0,"turns":13.0},{"damage":2.0,"enemies":"Slime Boss","floor":16.0,"turns":11.0},{"damage":0.0,"enemies":"Shell Parasite","floor":18.0,"turns":5.0},{"damage":0.0,"enemies":"Spheric Guardian","floor":19.0,"turns":2.0},{"damage":18.0,"enemies":"Snecko","floor":20.0,"turns":4.0},{"damage":0.0,"enemies":"Book of Stabbing","floor":25.0,"turns":5.0},{"damage":0.0,"enemies":"Snake Plant","floor":27.0,"turns":5.0},{"damage":4.0,"enemies":"Centurion and Healer","floor":29.0,"turns":2.0},{"damage":0.0,"enemies":"Gremlin Leader","floor":30.0,"turns":3.0},{"damage":0.0,"enemies":"Snecko","floor":31.0,"turns":3.0},{"damage":0.0,"enemies":"Collector","floor":33.0,"turns":7.0},{"damage":1.0,"enemies":"3 Darklings","floor":35.0,"turns":5.0},{"damage":0.0,"enemies":"3 Shapes","floor":37.0,"turns":5.0},{"damage":0,"enemies":"Maw","floor":38,"turns":7},{"damage":17,"enemies":"Nemesis","floor":40,"turns":7},{"damage":10,"enemies":"Reptomancer","floor":42,"turns":3},{"damage":24,"enemies":"Nemesis","floor":45,"turns":5},{"damage":3,"enemies":"3 Darklings","floor":46,"turns":3},{"damage":10,"enemies":"Donu and Deca","floor":50,"turns":7},{"damage":0,"enemies":"Shield and Spear","floor":54,"turns":3},{"damage":23,"enemies":"The Heart","floor":55,"turns":9}],"seed_played":"2804192506373421418","potions_obtained":[{"floor":1.0,"key":"Dexterity Potion"},{"floor":4.0,"key":"Poison Potion"},{"floor":7.0,"key":"LiquidBronze"},{"floor":20.0,"key":"Regen Potion"},{"floor":33.0,"key":"Fire Potion"},{"floor":34.0,"key":"Regen Potion"}],"is_trial":false,"path_per_floor":["M","?","$","M","?","R","E","R","T","$","R","M","M","E","R","B",null,"M","M","M","$","?","R","?","E","T","M","R","M","E","M","R","B",null,"M","?","M","M","?","E","R","E","T","R","E","M","?","?","R","B",null,"R","$","E","B",null],"character_chosen":"THE_SILENT","items_purchased":["Footwork","Shuriken","OrangePellets","Mummified Hand"],"campfire_rested":2,"item_purchase_floors":[10,21,53,53],"current_hp_per_floor":[63,56,56,56,56,56,56,56,56,56,56,52,52,40,40,38,62,62,62,44,44,44,65,65,65,65,65,65,61,61,61,61,61,73,72,72,72,72,72,55,75,65,65,65,41,38,75,75,75,65,73,73,73,73,75],"gold":51,"neow_bonus":"THREE_ENEMY_KILL","is_prod":false,"is_daily":false,"chose_seed":false,"campfire_upgraded":8,"win_rate":0,"timestamp":1550714820,"path_taken":["M","?","$","M","?","R","E","R","T","$","R","M","M","E","R","BOSS","M","?","M","$","?","R","?","E","T","M","R","M","E","M","R","BOSS","M","?","M","M","?","E","R","E","T","R","E","M","?","?","R","BOSS","R","$","E","BOSS"],"build_version":"2019-01-23","purchased_purges":1,"victory":true,"max_hp_per_floor":[70,70,70,70,70,70,70,70,70,70,70,70,70,70,70,70,70,70,70,70,70,70,70,70,70,70,70,70,70,70,70,70,70,75,75,75,75,75,75,75,75,75,75,75,75,75,75,75,75,75,75,75,75,75,75],"card_choices":[{"not_picked":["Outmaneuver","Underhanded Strike"],"picked":"Escape Plan","floor":1.0},{"not_picked":["Skewer","Eviscerate"],"picked":"Dash","floor":4.0},{"not_picked":["Dagger Throw","PiercingWail"],"picked":"Flying Knee","floor":7.0},{"not_picked":["Outmaneuver","Distraction","Night Terror"],"picked":"SKIP","floor":12.0},{"not_picked":["Quick Slash","Underhanded Strike"],"picked":"Deflect","floor":13.0},{"not_picked":["Blur","Noxious Fumes"],"picked":"Infinite Blades","floor":14.0},{"not_picked":["A Thousand Cuts","Doppelganger"],"picked":"Adrenaline","floor":16.0},{"not_picked":["Underhanded Strike+1","Terror+1"],"picked":"Leg Sweep","floor":18.0},{"not_picked":["Blade Dance","Infinite Blades+1"],"picked":"Backstab","floor":19.0},{"not_picked":["Bouncing Flask","Noxious Fumes"],"picked":"Blade Dance","floor":20.0},{"not_picked":["Deadly Poison","Outmaneuver"],"picked":"Dodge and Roll+1","floor":25.0},{"not_picked":["Deadly Poison","Bane+1","Riddle With Holes"],"picked":"SKIP","floor":27.0},{"not_picked":["Quick Slash","Finisher+1"],"picked":"Footwork","floor":29.0},{"not_picked":["Crippling Poison","Underhanded Strike"],"picked":"Backflip+1","floor":30.0},{"not_picked":["Footwork","Masterful Stab"],"picked":"A Thousand Cuts","floor":31.0},{"not_picked":["Acrobatics","Prepared"],"picked":"Dagger Spray","floor":34.0},{"not_picked":["Noxious Fumes+1","Underhanded Strike"],"picked":"Cloak And Dagger","floor":35.0},{"not_picked":["PanicButton","Good Instincts"],"picked":"Discovery","floor":36.0},{"not_picked":["Masterful Stab+1","Slice+1"],"picked":"Endless Agony+1","floor":37},{"not_picked":["Crippling Poison+1","Distraction","Sucker Punch+1"],"picked":"SKIP","floor":38},{"not_picked":["Outmaneuver+1","Flechettes+1","Crippling Poison+1"],"picked":"SKIP","floor":40},{"not_picked":["Burst","Setup+1","Tactician+1"],"picked":"SKIP","floor":42},{"not_picked":["Heel Hook+1","Slice+1"],"picked":"Well Laid Plans","floor":45},{"not_picked":["Deflect+1","Sucker Punch+1","Outmaneuver"],"picked":"SKIP","floor":46},{"not_picked":["Outmaneuver+1","Dodge and Roll"],"picked":"Footwork+1","floor":54}],"player_experience":523467,"relics_obtained":[{"floor":7.0,"key":"Potion Belt"},{"floor":9.0,"key":"Oddly Smooth Stone"},{"floor":14.0,"key":"Dead Branch"},{"floor":25.0,"key":"Juzu Bracelet"},{"floor":26.0,"key":"PreservedInsect"},{"floor":30.0,"key":"Art of War"},{"floor":40,"key":"Molten Egg 2"},{"floor":42,"key":"MawBank"},{"floor":45,"key":"Ancient Tea Set"},{"floor":54,"key":"Snake Skull"}],"event_choices":[{"cards_removed":["Strike_G"],"damage_healed":0.0,"max_hp_gain":0.0,"max_hp_loss":0.0,"gold_gain":0.0,"event_name":"Golden Wing","player_choice":"Card Removal","floor":2.0,"gold_loss":0.0,"damage_taken":7.0},{"cards_removed":["Escape Plan"],"damage_healed":0.0,"max_hp_gain":0.0,"max_hp_loss":0.0,"gold_gain":0.0,"event_name":"WeMeetAgain","player_choice":"Gave Card","floor":5.0,"gold_loss":0.0,"damage_taken":0.0,"relics_obtained":["Happy Flower"]},{"damage_healed":0.0,"max_hp_gain":0.0,"max_hp_loss":0.0,"gold_gain":0.0,"event_name":"Ghosts","player_choice":"Ignored","floor":22.0,"gold_loss":0.0,"damage_taken":0.0},{"damage_healed":0.0,"max_hp_gain":0.0,"max_hp_loss":0.0,"gold_gain":0.0,"event_name":"Back to Basics","player_choice":"Simplicity","floor":24.0,"gold_loss":0.0,"damage_taken":0.0,"cards_upgraded":["Defend_G","Defend_G","Defend_G","Defend_G","Defend_G","Strike_G","Strike_G","Strike_G"]},{"damage_healed":0.0,"max_hp_gain":0.0,"max_hp_loss":0.0,"gold_gain":0.0,"event_name":"SensoryStone","player_choice":"Memory 1","floor":36.0,"gold_loss":0.0,"damage_taken":0.0},{"damage_healed":0,"gold_gain":0,"player_choice":"Copied","damage_taken":0,"max_hp_gain":0,"max_hp_loss":0,"event_name":"Duplicator","floor":39,"gold_loss":0,"cards_obtained":["Adrenaline"]},{"damage_healed":37,"gold_gain":0,"player_choice":"Heal","damage_taken":0,"max_hp_gain":0,"max_hp_loss":0,"event_name":"MindBloom","floor":47,"gold_loss":0,"cards_obtained":["Doubt"]},{"cards_removed":["Doubt"],"damage_healed":0,"gold_gain":0,"player_choice":"Upgrade and Remove","damage_taken":0,"max_hp_gain":0,"max_hp_loss":0,"event_name":"Designer","floor":48,"gold_loss":90,"cards_upgraded":["Footwork"]}],"is_beta":false,"boss_relics":[{"not_picked":["Cursed Key","HoveringKite"],"picked":"WristBlade"},{"not_picked":["Coffee Dripper","Runic Pyramid"],"picked":"Tiny House"}],"items_purged_floors":[21],"is_endless":false,"potions_floor_spawned":[1,4,7,20,29,33,35,38,46],"ascension_level":11}