{"gold_per_floor":[118,128,145,145,27,27,37,67,91,107,107,72,104,104,104,183,183,200,216,196,211,228,228,263,277,277,293,293,322,322,322,322,397,397,416,416,432,445,445],"floor_reached":39,"playtime":1427,"items_purged":["Strike_B"],"score":916,"play_id":"98aca556-b83a-4197-8bde-fa2928cd39c8","local_time":"20190201010407","is_ascension_mode":true,"campfire_choices":[{"data":"Zap","floor":6.0,"key":"SMITH"},{"data":"Tempest","floor":11.0,"key":"SMITH"},{"data":"Melter","floor":15.0,"key":"SMITH"},{"data":"Loop","floor":23.0,"key":"SMITH"},{"data":"Defragment","floor":28.0,"key":"SMITH"},{"data":"Sweeping Beam","floor":30.0,"key":"SMITH"},{"data":"Glacier","floor":32.0,"key":"SMITH"}],"neow_cost":"NONE","seed_source_timestamp":0,"circlet_count":0,"master_deck":["AscendersBane","Strike_B","Strike_B","Strike_B","Defend_B+1","Defend_B","Defend_B","Defend_B","Zap+1","Dualcast+1","Steam","Sweeping Beam+1","Electrodynamics+1","Chill","Melter+1","Tempest+1","Self Repair","Echo Form","Turbo","Stack+1","Loop+1","Leap+1","Defragment+1","Glacier+1","Buffer","Glacier"],"special_seed":0,"relics":["Cracked Core","NeowsBlessing","Bronze Scales","Lantern","Oddly Smooth Stone","Sozu","Torii","The Courier","Unceasing Top","White Beast Statue"],"potions_floor_usage":[],"damage_taken":[{"damage":0.0,"enemies":"Cultist","floor":1.0,"turns":1.0},{"damage":0.0,"enemies":"2 Louse","floor":2.0,"turns":1.0},{"damage":0.0,"enemies":"Jaw Worm","floor":3.0,"turns":1.0},{"damage":4.0,"enemies":"Red Slaver","floor":7.0,"turns":3.0},{"damage":1.0,"enemies":"Gremlin Nob","floor":8.0,"turns":3.0},{"damage":1.0,"enemies":"Lots of Slimes","floor":10.0,"turns":2.0},{"damage":21.0,"enemies":"Lagavulin","floor":13.0,"turns":5.0},{"damage":25.0,"enemies":"The Guardian","floor":16.0,"turns":9.0},{"damage":0.0,"enemies":"Spheric Guardian","floor":18.0,"turns":2.0},{"damage":4.0,"enemies":"Chosen","floor":19.0,"turns":3.0},{"damage":26.0,"enemies":"Snecko","floor":21.0,"turns":5.0},{"damage":2.0,"enemies":"Snake Plant","floor":22.0,"turns":3.0},{"damage":18.0,"enemies":"Book of Stabbing","floor":24.0,"turns":5.0},{"damage":28.0,"enemies":"Chosen and Byrds","floor":25.0,"turns":4.0},{"damage":2.0,"enemies":"Shelled Parasite and Fungi","floor":27.0,"turns":4.0},{"damage":0.0,"enemies":"Gremlin Leader","floor":29.0,"turns":4.0},{"damage":42.0,"enemies":"Collector","floor":33.0,"turns":11.0},{"damage":19.0,"enemies":"Orb Walker","floor":35.0,"turns":4.0},{"damage":0.0,"enemies":"3 Darklings","floor":37.0,"turns":4.0},{"damage":1.0,"enemies":"4 Shapes","floor":38.0,"turns":3.0},{"damage":47,"enemies":"2 Orb Walkers","floor":39,"turns":3}],"seed_played":"1206252759623166039","potions_obtained":[{"floor":2.0,"key":"SpeedPotion"},{"floor":3.0,"key":"PowerPotion"},{"floor":10.0,"key":"Regen Potion"},{"floor":16.0,"key":"Ancient Potion"}],"is_trial":false,"path_per_floor":["M","M","M","?","$","R","M","E","T","M","R","?","E","?","R","B",null,"M","M","?","M","M","R","E","M","T","M","R","E","R","?","R","B",null,"M","?","M","M","?"],"character_chosen":"DEFECT","items_purchased":["Scrape"],"campfire_rested":0,"item_purchase_floors":[5],"current_hp_per_floor":[64,64,64,43,43,43,39,38,38,37,37,54,47,47,47,29,61,71,71,71,59,64,64,60,39,39,44,44,51,51,51,51,16,57,38,38,45,44,0],"gold":445,"neow_bonus":"THREE_ENEMY_KILL","is_prod":false,"is_daily":false,"chose_seed":false,"campfire_upgraded":7,"win_rate":0,"timestamp":1548979447,"path_taken":["M","M","M","?","$","R","M","E","T","M","R","?","E","?","R","BOSS","M","M","?","?","M","R","E","?","T","M","R","E","R","?","R","BOSS","M","?","M","M","?"],"build_version":"2019-01-23","purchased_purges":1,"victory":false,"max_hp_per_floor":[71,71,71,71,71,71,71,71,71,71,71,71,71,71,71,71,71,71,71,71,71,71,71,71,71,71,71,71,71,71,71,71,71,71,71,71,71,71,71],"card_choices":[{"not_picked":["Rebound","Hologram"],"picked":"Steam","floor":1.0},{"not_picked":["Leap","Reprogram"],"picked":"Sweeping Beam","floor":2.0},{"not_picked":["Steam","Coolheaded"],"picked":"Electrodynamics","floor":3.0},{"not_picked":["Double Energy","Darkness"],"picked":"Chill","floor":7.0},{"not_picked":["Fission","Streamline"],"picked":"Melter","floor":8.0},{"not_picked":["Beam Cell","Streamline"],"picked":"Tempest","floor":10.0},{"not_picked":["Consume","Stack"],"picked":"Self Repair","floor":13.0},{"not_picked":["Rainbow","Reboot"],"picked":"Echo Form","floor":16.0},{"not_picked":["Beam Cell","Ball Lightning"],"picked":"Turbo","floor":18.0},{"not_picked":["Beam Cell","Compile Driver"],"picked":"Stack+1","floor":19.0},{"not_picked":["Beam Cell","Aggregate"],"picked":"Loop","floor":21.0},{"not_picked":["Static Discharge","Gash"],"picked":"Leap+1","floor":22.0},{"not_picked":["Chill","Genetic Algorithm"],"picked":"Defragment","floor":24.0},{"not_picked":["Rebound","Steam"],"picked":"Glacier","floor":25.0},{"not_picked":["Gash","Beam Cell+1","Cold Snap"],"picked":"SKIP","floor":27.0},{"not_picked":["Ball Lightning","Amplify","Compile Driver"],"picked":"SKIP","floor":29.0},{"not_picked":["Biased Cognition","Electrodynamics"],"picked":"Buffer","floor":33.0},{"not_picked":["Loop","Steam Power"],"picked":"Glacier","floor":35.0},{"not_picked":["Rebound","Sweeping Beam+1","Steam Power"],"picked":"SKIP","floor":37.0},{"not_picked":["Blizzard","Loop","Turbo"],"picked":"SKIP","floor":38.0}],"player_experience":980817,"relics_obtained":[{"floor":8.0,"key":"Bronze Scales"},{"floor":9.0,"key":"Lantern"},{"floor":13.0,"key":"Oddly Smooth Stone"},{"floor":24.0,"key":"Torii"},{"floor":26.0,"key":"The Courier"},{"floor":29.0,"key":"Unceasing Top"}],"event_choices":[{"damage_healed":0.0,"max_hp_gain":0.0,"max_hp_loss":0.0,"gold_gain":0.0,"event_name":"Shining Light","player_choice":"Entered Light","floor":4.0,"gold_loss":0.0,"damage_taken":21.0,"cards_upgraded":["Defend_B","Electrodynamics"]},{"damage_healed":17.0,"max_hp_gain":0.0,"max_hp_loss":0.0,"gold_gain":0.0,"event_name":"The Cleric","player_choice":"Healed","floor":12.0,"gold_loss":35.0,"damage_taken":0.0},{"damage_healed":0.0,"max_hp_gain":0.0,"max_hp_loss":0.0,"gold_gain":0.0,"event_name":"Living Wall","player_choice":"Grow","floor":14.0,"gold_loss":0.0,"damage_taken":0.0,"cards_upgraded":["Dualcast"]},{"damage_healed":0.0,"max_hp_gain":0.0,"max_hp_loss":0.0,"gold_gain":0.0,"event_name":"The Woman in Blue","player_choice":"Bought 1 Potion","floor":20.0,"gold_loss":0.0,"damage_taken":0.0},{"damage_healed":0.0,"max_hp_gain":0.0,"max_hp_loss":0.0,"gold_gain":0.0,"event_name":"Ghosts","player_choice":"Ignored","floor":31.0,"gold_loss":0.0,"damage_taken":0.0},{"cards_removed":["Scrape"],"damage_healed":0.0,"max_hp_gain":0.0,"max_hp_loss":0.0,"gold_gain":0.0,"event_name":"Falling","player_choice":"Removed Attack","floor":36.0,"gold_loss":0.0,"damage_taken":0.0},{"damage_healed":0,"gold_gain":0,"player_choice":"Fight","damage_taken":0,"max_hp_gain":0,"max_hp_loss":0,"event_name":"Mysterious Sphere","floor":39,"gold_loss":0}],"is_beta":false,"boss_relics":[{"not_picked":["Runic Dome","Philosopher\u0027s Stone"],"picked":"Sozu"},{"not_picked":["Tiny House","Fusion Hammer"],"picked":"White Beast Statue"}],"items_purged_floors":[5],"is_endless":false,"potions_floor_spawned":[2,3,10,16,19,21,22,24,25,35,37,38],"killed_by":"2 Orb Walkers","ascension_level":20}