{"gold_per_floor":[115,128,141,24,24,24,55,55,78,78,78,78,23,53,53,53],"floor_reached":16,"playtime":365,"items_purged":["Strike_B"],"score":212,"play_id":"663ebea6-3062-4f5a-90c2-691143a3ce6c","local_time":"20190312122259","is_ascension_mode":true,"campfire_choices":[{"data":"Hologram","floor":6.0,"key":"SMITH"},{"data":"Ball Lightning","floor":12,"key":"SMITH"},{"data":"Zap","floor":15,"key":"SMITH"}],"neow_cost":"NONE","seed_source_timestamp":1200170572047120,"circlet_count":0,"master_deck":["AscendersBane","Strike_B+1","Strike_B+1","Defend_B","Defend_B","Defend_B","Defend_B","Zap+1","Dualcast","Ball Lightning+1","Turbo","Hologram+1","FTL","BootSequence","BootSequence"],"special_seed":0,"relics":["Cracked Core","Bronze Scales","Art of War","Vajra"],"potions_floor_usage":[7,14,16],"damage_taken":[{"damage":7.0,"enemies":"2 Louse","floor":1.0,"turns":3.0},{"damage":10.0,"enemies":"Small Slimes","floor":2.0,"turns":3.0},{"damage":1.0,"enemies":"Cultist","floor":3.0,"turns":3.0},{"damage":39,"enemies":"Gremlin Nob","floor":7,"turns":4},{"damage":10,"enemies":"3 Sentries","floor":14,"turns":6},{"damage":19,"enemies":"The Guardian","floor":16,"turns":5}],"seed_played":"-9048868570626871318","potions_obtained":[{"floor":3.0,"key":"Regen Potion"},{"floor":7,"key":"GamblersBrew"}],"is_trial":false,"path_per_floor":["M","M","M","$","?","R","E","?","T","?","?","R","$","E","R","B"],"character_chosen":"DEFECT","items_purchased":["FTL","Block Potion"],"campfire_rested":0,"item_purchase_floors":[4,13],"current_hp_per_floor":[64,54,53,53,30,30,3,3,3,3,29,29,29,19,19,0],"gold":53,"neow_bonus":"TEN_PERCENT_HP_BONUS","is_prod":false,"is_daily":false,"chose_seed":false,"campfire_upgraded":3,"win_rate":0,"timestamp":1552389779,"path_taken":["M","M","M","$","?","R","E","?","T","?","?","R","?","E","R","BOSS"],"build_version":"2019-01-23","purchased_purges":1,"victory":false,"max_hp_per_floor":[78,78,78,78,78,78,78,78,78,78,78,78,78,78,78,78],"card_choices":[{"not_picked":["Cold Snap","Storm"],"picked":"Ball Lightning","floor":1.0},{"not_picked":["Go for the Eyes","Consume"],"picked":"Turbo","floor":2.0},{"not_picked":["Steam","Steam Power"],"picked":"Hologram","floor":3.0},{"not_picked":["Go for the Eyes","Biased Cognition"],"picked":"BootSequence","floor":7},{"not_picked":["Stack","Coolheaded"],"picked":"BootSequence","floor":14}],"player_experience":1183660,"relics_obtained":[{"floor":7,"key":"Bronze Scales"},{"floor":9,"key":"Art of War"},{"floor":14,"key":"Vajra"}],"event_choices":[{"damage_healed":0.0,"max_hp_gain":0.0,"max_hp_loss":0.0,"gold_gain":0.0,"event_name":"Shining Light","player_choice":"Entered Light","floor":5.0,"gold_loss":0.0,"damage_taken":23.0,"cards_upgraded":["Strike_B","Strike_B"]},{"damage_healed":0,"gold_gain":0,"player_choice":"Ignored","damage_taken":0,"max_hp_gain":0,"max_hp_loss":0,"event_name":"Liars Game","floor":8,"gold_loss":0},{"cards_removed":["Strike_B"],"damage_healed":0,"gold_gain":0,"player_choice":"Forget","damage_taken":0,"max_hp_gain":0,"max_hp_loss":0,"event_name":"Living Wall","floor":10,"gold_loss":0},{"damage_healed":26,"gold_gain":0,"player_choice":"Banana","damage_taken":0,"max_hp_gain":0,"max_hp_loss":0,"event_name":"Big Fish","floor":11,"gold_loss":0}],"is_beta":false,"boss_relics":[],"items_purged_floors":[4],"is_endless":false,"potions_floor_spawned":[3,7],"killed_by":"The Guardian","ascension_level":20}