{"gold_per_floor":[113,12,25,100,113,113,123,123,123,123,135,164,47,47],"floor_reached":14,"playtime":552,"items_purged":[],"score":176,"play_id":"bab21e9b-9362-4692-8113-ec78a9986f13","local_time":"20181007103652","is_ascension_mode":true,"campfire_choices":[{"data":"Setup","floor":6.0,"key":"SMITH"},{"data":"Crippling Poison","floor":8.0,"key":"SMITH"},{"data":"Neutralize","floor":10.0,"key":"SMITH"}],"neow_cost":"NONE","seed_source_timestamp":733729174328739,"circlet_count":0,"master_deck":["Defend_G","Defend_G","Defend_G","Defend_G","Defend_G","Strike_G","Strike_G","Strike_G+1","Strike_G","Survivor","Neutralize+1","AscendersBane","Setup+1","Finisher+1","Crippling Poison+1","Backflip","Escape Plan","Prepared","Underhanded Strike","Finesse"],"special_seed":0,"relics":["Ring of the Snake","Whetstone","Question Card"],"potions_floor_usage":[],"damage_taken":[{"damage":0.0,"enemies":"2 Louse","floor":1.0,"turns":7.0},{"damage":5.0,"enemies":"Small Slimes","floor":3.0,"turns":4.0},{"damage":0.0,"enemies":"Cultist","floor":5.0,"turns":4.0},{"damage":1.0,"enemies":"2 Fungi Beasts","floor":7.0,"turns":4.0},{"damage":0.0,"enemies":"Exordium Wildlife","floor":11.0,"turns":3.0},{"damage":21.0,"enemies":"3 Sentries","floor":12.0,"turns":8.0},{"damage":10,"enemies":"Lagavulin","floor":14,"turns":7}],"seed_played":"8475489737161837358","potions_obtained":[{"floor":1.0,"key":"PowerPotion"},{"floor":3.0,"key":"Ancient Potion"}],"is_trial":false,"path_per_floor":["M","$","M","?","M","R","M","R","T","R","M","E","$"],"character_chosen":"THE_SILENT","items_purchased":["Crippling Poison","Backflip","Finesse"],"campfire_rested":0,"item_purchase_floors":[2,2,13],"current_hp_per_floor":[59,59,54,43,43,43,42,42,42,42,42,21,21,11],"gold":47,"neow_bonus":"TRANSFORM_CARD","is_prod":false,"is_daily":false,"chose_seed":false,"campfire_upgraded":3,"win_rate":0,"timestamp":1538901412,"path_taken":["M","$","M","?","M","R","M","R","T","R","M","E","$","E"],"build_version":"2018-10-04v2","purchased_purges":0,"victory":false,"max_hp_per_floor":[66,66,66,66,66,66,66,66,66,66,66,66,66,66],"card_choices":[{"not_picked":["Deflect","Bane"],"picked":"Finisher","floor":1.0},{"not_picked":["Dodge and Roll","Dagger Spray"],"picked":"Escape Plan","floor":3.0},{"not_picked":["Underhanded Strike","Deadly Poison"],"picked":"Prepared","floor":5.0},{"not_picked":["Caltrops","Dagger Spray"],"picked":"Underhanded Strike","floor":7.0},{"not_picked":["Quick Slash","Choke","Sucker Punch"],"picked":"SKIP","floor":11.0},{"not_picked":["Backflip","Outmaneuver","Dagger Spray"],"picked":"SKIP","floor":12.0}],"player_experience":811660,"relics_obtained":[{"floor":9.0,"key":"Whetstone"},{"floor":12.0,"key":"Question Card"}],"event_choices":[{"event_name":"World of Goop","player_choice":"Gather Gold","floor":4.0,"damage_taken":0.0}],"is_beta":false,"boss_relics":[],"items_purged_floors":[],"is_endless":false,"potions_floor_spawned":[1,3],"killed_by":"Lagavulin","ascension_level":19}