{"gold_per_floor":[119,131,206,222,222,222,235,248,248,248,275,287,317,333,333,410,410,424,434,484,484],"floor_reached":21,"playtime":717,"items_purged":[],"score":386,"play_id":"adad3401-09c0-4014-a39b-f19ae491460c","local_time":"20190227224952","is_ascension_mode":true,"campfire_choices":[{"data":"Zap","floor":6.0,"key":"SMITH"},{"data":"Dualcast","floor":10.0,"key":"SMITH"},{"data":"Ball Lightning","floor":15,"key":"SMITH"}],"neow_cost":"NONE","seed_source_timestamp":114176640101218,"circlet_count":0,"master_deck":["AscendersBane","Strike_B","Strike_B","Strike_B","Strike_B","Defend_B","Defend_B","Defend_B","Defend_B","Zap+1","Dualcast+1","White Noise","Conserve Battery","Compile Driver","Ball Lightning+1","Buffer","Fission"],"special_seed":0,"relics":["Cracked Core","Smiling Mask","Cables","Pear","Kunai","Nuclear Battery"],"potions_floor_usage":[11,11,16],"damage_taken":[{"damage":1.0,"enemies":"Cultist","floor":1.0,"turns":4.0},{"damage":9.0,"enemies":"Jaw Worm","floor":2.0,"turns":4.0},{"damage":10.0,"enemies":"Small Slimes","floor":4.0,"turns":4.0},{"damage":2.0,"enemies":"Looter","floor":7.0,"turns":3.0},{"damage":9.0,"enemies":"Red Slaver","floor":8.0,"turns":3.0},{"damage":4,"enemies":"Gremlin Nob","floor":11,"turns":3},{"damage":15,"enemies":"Large Slime","floor":12,"turns":4},{"damage":15,"enemies":"3 Sentries","floor":13,"turns":7},{"damage":0,"enemies":"Exordium Wildlife","floor":14,"turns":3},{"damage":24,"enemies":"The Guardian","floor":16,"turns":10},{"damage":28,"enemies":"2 Thieves","floor":18,"turns":4},{"damage":6,"enemies":"Chosen","floor":19,"turns":4},{"damage":41,"enemies":"3 Cultists","floor":21,"turns":4}],"seed_played":"-375210195102733392","potions_obtained":[{"floor":1.0,"key":"PowerPotion"},{"floor":4.0,"key":"AttackPotion"},{"floor":13,"key":"Ancient Potion"},{"floor":14,"key":"Swift Potion"}],"is_trial":false,"path_per_floor":["M","M","?","M","?","R","M","M","T","R","E","M","E","M","R","B",null,"M","M","?","M"],"character_chosen":"DEFECT","items_purchased":[],"campfire_rested":0,"item_purchase_floors":[],"current_hp_per_floor":[63,54,43,33,71,71,69,60,60,60,66,51,36,36,36,12,64,36,30,30,0],"gold":484,"neow_bonus":"RANDOM_COMMON_RELIC","is_prod":false,"is_daily":false,"chose_seed":false,"campfire_upgraded":3,"win_rate":0,"timestamp":1551304192,"path_taken":["M","?","?","M","?","R","M","?","T","R","E","M","E","M","R","BOSS","M","M","?","?"],"build_version":"2019-01-23","purchased_purges":0,"victory":false,"max_hp_per_floor":[71,71,71,71,71,71,71,71,71,71,81,81,81,81,81,81,81,81,81,81,81],"card_choices":[{"not_picked":["Static Discharge","Storm"],"picked":"Loop","floor":1.0},{"not_picked":["Compile Driver","Cold Snap"],"picked":"White Noise","floor":2.0},{"not_picked":["Gash","Compile Driver"],"picked":"Conserve Battery","floor":4.0},{"not_picked":["Undo","Redo"],"picked":"Compile Driver","floor":7.0},{"not_picked":["Streamline","White Noise"],"picked":"Ball Lightning","floor":8.0},{"not_picked":["Capacitor","Steam","Rebound"],"picked":"SKIP","floor":11},{"not_picked":["Lockon","Force Field","Steam"],"picked":"SKIP","floor":12},{"not_picked":["Streamline","Leap"],"picked":"Buffer","floor":13},{"not_picked":["Stack","Beam Cell","Steam"],"picked":"SKIP","floor":14},{"not_picked":["Multi-Cast","Core Surge"],"picked":"Fission","floor":16},{"not_picked":["Static Discharge+1","Gash","Beam Cell"],"picked":"SKIP","floor":18},{"not_picked":["Gash","Compile Driver+1","Storm"],"picked":"SKIP","floor":19}],"player_experience":1152233,"relics_obtained":[{"floor":9.0,"key":"Cables"},{"floor":11,"key":"Pear"},{"floor":13,"key":"Kunai"}],"event_choices":[{"damage_healed":0.0,"max_hp_gain":0.0,"max_hp_loss":0.0,"gold_gain":75.0,"event_name":"World of Goop","player_choice":"Gather Gold","floor":3.0,"gold_loss":0.0,"damage_taken":11.0},{"cards_removed":["Loop"],"damage_healed":38.0,"max_hp_gain":0.0,"max_hp_loss":0.0,"gold_gain":0.0,"event_name":"Bonfire Elementals","player_choice":"Offered Uncommon","floor":5.0,"gold_loss":0.0,"damage_taken":0.0},{"damage_healed":0,"gold_gain":100,"player_choice":"Bet on Murderer","damage_taken":0,"max_hp_gain":0,"max_hp_loss":0,"event_name":"The Joust","floor":20,"gold_loss":50}],"is_beta":false,"boss_relics":[{"not_picked":["White Beast Statue","Fusion Hammer"],"picked":"Nuclear Battery"}],"items_purged_floors":[],"is_endless":false,"potions_floor_spawned":[1,4,8,13,14],"killed_by":"3 Cultists","ascension_level":20}