{"gold_per_floor":[112,112,52,64,35,35,35,35,61,61,72,99,109,119,119,218,218,230,230,5,5,21,21,52,72,72,72,84,84,101,101,101,196,196,208,308,15,61,73,73,99,99,172,172,182,196,225,225,225,225],"floor_reached":51,"playtime":2502,"items_purged":["Skewer"],"score":1097,"play_id":"ba27546d-bde8-4faf-8a6d-3e06b06f2ced","local_time":"20190210151849","is_ascension_mode":true,"campfire_choices":[{"data":"Cloak And Dagger","floor":6.0,"key":"SMITH"},{"data":"Blade Dance","floor":8.0,"key":"SMITH"},{"data":"Envenom","floor":10.0,"key":"SMITH"},{"data":"Prepared","floor":15.0,"key":"SMITH"},{"data":"Malaise","floor":23.0,"key":"SMITH"},{"data":"Infinite Blades","floor":27.0,"key":"SMITH"},{"data":"Dash","floor":29.0,"key":"SMITH"},{"data":"Backflip","floor":32.0,"key":"SMITH"},{"data":"Noxious Fumes","floor":40.0,"key":"SMITH"},{"data":"Doppelganger","floor":42.0,"key":"SMITH"},{"data":"Well Laid Plans","floor":44.0,"key":"SMITH"},{"data":"Infinite Blades","floor":49.0,"key":"SMITH"}],"neow_cost":"NONE","seed_source_timestamp":646830741075586,"circlet_count":0,"master_deck":["AscendersBane","Survivor","Neutralize","Blade Dance+1","Leg Sweep","Envenom+1","Corpse Explosion","A Thousand Cuts+1","Deadly Poison","Cloak And Dagger+1","Prepared+1","Dash+1","Dagger Throw","Deflect","Backflip+1","Infinite Blades+1","Malaise+1","Well Laid Plans+1","Backstab","Slice+1","Bouncing Flask+1","Masterful Stab+1","Doppelganger+1","Crippling Poison+1","Noxious Fumes+1","Backflip+1","Bane+1"],"special_seed":0,"relics":["Pandora\u0027s Box","Centennial Puzzle","Bronze Scales","Regal Pillow","WristBlade","Bag of Marbles","Blue Candle","Gremlin Horn","Pen Nib","Eternal Feather","Thread and Needle","Juzu Bracelet","StoneCalendar","Bag of Preparation","Paper Crane","Toxic Egg 2"],"potions_floor_usage":[50,50],"damage_taken":[{"damage":4.0,"enemies":"Small Slimes","floor":1.0,"turns":3.0},{"damage":4.0,"enemies":"Cultist","floor":4.0,"turns":3.0},{"damage":0.0,"enemies":"2 Louse","floor":11.0,"turns":2.0},{"damage":4.0,"enemies":"3 Sentries","floor":12.0,"turns":5.0},{"damage":2.0,"enemies":"Looter","floor":13.0,"turns":2.0},{"damage":10.0,"enemies":"Exordium Thugs","floor":14.0,"turns":2.0},{"damage":24.0,"enemies":"Hexaghost","floor":16.0,"turns":6.0},{"damage":14.0,"enemies":"3 Byrds","floor":18.0,"turns":2.0},{"damage":6.0,"enemies":"Chosen","floor":22.0,"turns":3.0},{"damage":22.0,"enemies":"Gremlin Leader","floor":24.0,"turns":4.0},{"damage":2.0,"enemies":"Snake Plant","floor":25.0,"turns":3.0},{"damage":6.0,"enemies":"Sentry and Sphere","floor":28.0,"turns":4.0},{"damage":4.0,"enemies":"Snecko","floor":30.0,"turns":3.0},{"damage":14.0,"enemies":"Champ","floor":33.0,"turns":7.0},{"damage":8.0,"enemies":"Orb Walker","floor":35.0,"turns":3.0},{"damage":0.0,"enemies":"Mind Bloom Boss Battle","floor":36.0,"turns":7.0},{"damage":28.0,"enemies":"2 Orb Walkers","floor":38.0,"turns":4.0},{"damage":5.0,"enemies":"3 Darklings","floor":39.0,"turns":3.0},{"damage":28.0,"enemies":"Nemesis","floor":41.0,"turns":7.0},{"damage":5.0,"enemies":"Jaw Worm Horde","floor":45.0,"turns":3.0},{"damage":0.0,"enemies":"Maw","floor":46.0,"turns":6.0},{"damage":1.0,"enemies":"Reptomancer","floor":47.0,"turns":5.0},{"damage":23,"enemies":"Donu and Deca","floor":50,"turns":6}],"seed_played":"-439924651542370115","potions_obtained":[{"floor":4.0,"key":"SteroidPotion"},{"floor":11.0,"key":"Block Potion"},{"floor":13.0,"key":"Regen Potion"},{"floor":25.0,"key":"AttackPotion"},{"floor":30.0,"key":"GhostInAJar"},{"floor":33.0,"key":"SpeedPotion"},{"floor":35.0,"key":"Regen Potion"},{"floor":36.0,"key":"FearPotion"},{"floor":47.0,"key":"Explosive Potion"}],"is_trial":false,"path_per_floor":["M","?","?","M","?","R","?","R","T","R","M","E","M","M","R","B",null,"M","?","$","?","M","R","E","M","T","R","M","R","M","T","R","B",null,"M","?","$","?","M","R","E","R","T","R","M","M","E","?","R","B",null],"character_chosen":"THE_SILENT","items_purchased":["Backstab","Bag of Marbles","Noxious Fumes","Juzu Bracelet"],"campfire_rested":0,"item_purchase_floors":[20,20,37,37],"current_hp_per_floor":[59,59,59,55,55,55,55,55,55,55,55,51,49,48,48,24,59,45,45,45,68,62,62,40,38,38,38,32,32,28,28,28,14,56,48,63,63,35,30,45,17,32,32,47,42,42,41,41,56,33],"gold":225,"neow_bonus":"BOSS_RELIC","is_prod":false,"is_daily":false,"chose_seed":false,"campfire_upgraded":12,"win_rate":0,"timestamp":1549808329,"path_taken":["M","?","?","?","?","R","?","R","T","R","M","E","?","M","R","BOSS","M","?","$","?","M","R","E","M","T","R","M","R","M","?","R","BOSS","M","?","$","?","M","R","E","R","T","R","M","M","E","?","R","BOSS"],"build_version":"2019-01-23","purchased_purges":1,"victory":true,"max_hp_per_floor":[70,70,70,70,70,70,70,70,70,70,70,70,70,70,70,70,70,70,70,70,70,70,70,70,70,70,70,70,70,70,70,70,70,70,70,70,70,70,70,70,70,70,70,70,70,70,70,70,70,70],"card_choices":[{"not_picked":["Deflect","Dodge and Roll"],"picked":"Cloak And Dagger","floor":1.0},{"not_picked":["Slice","Outmaneuver"],"picked":"Prepared","floor":4.0},{"not_picked":["Deadly Poison","Dagger Spray"],"picked":"Dagger Throw","floor":11.0},{"not_picked":["Dagger Spray","Underhanded Strike"],"picked":"Deflect","floor":12.0},{"not_picked":["Choke","Quick Slash"],"picked":"Backflip","floor":13.0},{"not_picked":["Blade Dance","Blur"],"picked":"Infinite Blades","floor":14.0},{"not_picked":["Tools of the Trade","A Thousand Cuts"],"picked":"Malaise","floor":16.0},{"not_picked":["Quick Slash","Outmaneuver"],"picked":"Well Laid Plans","floor":18.0},{"not_picked":["Sucker Punch","Expertise","PiercingWail"],"picked":"SKIP","floor":22.0},{"not_picked":["Dagger Spray","Endless Agony"],"picked":"Slice+1","floor":24.0},{"not_picked":["Dodge and Roll","Unload"],"picked":"Bouncing Flask+1","floor":25.0},{"not_picked":["Concentrate","Dagger Spray+1","Deadly Poison"],"picked":"SKIP","floor":28.0},{"not_picked":["Acrobatics","Bane"],"picked":"Masterful Stab+1","floor":30.0},{"not_picked":["Grand Finale","Unload"],"picked":"Doppelganger","floor":33.0},{"not_picked":["Sucker Punch+1","Distraction"],"picked":"Crippling Poison+1","floor":35.0},{"not_picked":["Deflect+1","Quick Slash"],"picked":"Backflip+1","floor":38.0},{"not_picked":["Dagger Spray+1","Concentrate+1","A Thousand Cuts"],"picked":"SKIP","floor":39.0},{"not_picked":["Outmaneuver+1","PiercingWail"],"picked":"Bane+1","floor":41.0},{"not_picked":["Quick Slash+1","Dagger Throw","Masterful Stab+1"],"picked":"SKIP","floor":45.0},{"not_picked":["Eviscerate+1","Bouncing Flask+1","Crippling Poison+1"],"picked":"SKIP","floor":46.0},{"not_picked":["Bane","Prepared","Outmaneuver+1"],"picked":"SKIP","floor":47.0}],"player_experience":1020089,"relics_obtained":[{"floor":9.0,"key":"Bronze Scales"},{"floor":12.0,"key":"Regal Pillow"},{"floor":24.0,"key":"Blue Candle"},{"floor":26.0,"key":"Gremlin Horn"},{"floor":31.0,"key":"Pen Nib"},{"floor":36.0,"key":"Thread and Needle"},{"floor":38.0,"key":"StoneCalendar"},{"floor":41.0,"key":"Bag of Preparation"},{"floor":43.0,"key":"Paper Crane"},{"floor":47.0,"key":"Toxic Egg 2"}],"event_choices":[{"damage_healed":0.0,"max_hp_gain":0.0,"max_hp_loss":0.0,"gold_gain":0.0,"event_name":"Living Wall","player_choice":"Grow","floor":2.0,"gold_loss":0.0,"damage_taken":0.0,"cards_upgraded":["A Thousand Cuts"]},{"damage_healed":0.0,"max_hp_gain":0.0,"max_hp_loss":0.0,"gold_gain":0.0,"event_name":"WeMeetAgain","player_choice":"Paid Gold","floor":3.0,"gold_loss":60.0,"damage_taken":0.0,"relics_obtained":["Centennial Puzzle"]},{"damage_healed":0.0,"max_hp_gain":0.0,"max_hp_loss":0.0,"gold_gain":0.0,"event_name":"World of Goop","player_choice":"Left Gold","floor":5.0,"gold_loss":29.0,"damage_taken":0.0},{"damage_healed":0.0,"max_hp_gain":0.0,"max_hp_loss":0.0,"gold_gain":0.0,"cards_transformed":["Concentrate"],"event_name":"Transmorgrifier","player_choice":"Transformed","floor":7.0,"gold_loss":0.0,"damage_taken":0.0,"cards_obtained":["Dash"]},{"cards_removed":["Tactician"],"damage_healed":0.0,"max_hp_gain":0.0,"max_hp_loss":0.0,"gold_gain":0.0,"event_name":"Back to Basics","player_choice":"Elegance","floor":19.0,"gold_loss":0.0,"damage_taken":0.0},{"damage_healed":23.0,"max_hp_gain":0.0,"max_hp_loss":0.0,"gold_gain":0.0,"event_name":"The Library","player_choice":"Heal","floor":21.0,"gold_loss":0.0,"damage_taken":0.0},{"damage_healed":0.0,"max_hp_gain":0.0,"max_hp_loss":0.0,"gold_gain":0.0,"event_name":"MindBloom","player_choice":"Fight","floor":36.0,"gold_loss":0.0,"damage_taken":0.0},{"damage_healed":0.0,"max_hp_gain":0.0,"max_hp_loss":0.0,"gold_gain":0.0,"event_name":"Mysterious Sphere","player_choice":"Fight","floor":38.0,"gold_loss":0.0,"damage_taken":0.0},{"cards_removed":["Infinite Blades"],"damage_healed":0.0,"max_hp_gain":0.0,"max_hp_loss":0.0,"gold_gain":0.0,"event_name":"Falling","player_choice":"Removed Power","floor":48.0,"gold_loss":0.0,"damage_taken":0.0}],"is_beta":false,"boss_relics":[{"not_picked":["Fusion Hammer","Astrolabe"],"picked":"WristBlade"},{"not_picked":["Snecko Eye","Lizard Tail"],"picked":"Eternal Feather"}],"items_purged_floors":[37],"is_endless":false,"potions_floor_spawned":[4,11,13,25,30,33,35,36,47],"ascension_level":10}