{"gold_per_floor":[20,20,36,186,186,186,221,221,294,309,329,341,366,380,380,454,454,469,130,141,156,166,166],"floor_reached":23,"playtime":813,"items_purged":["Strike_R"],"score":369,"play_id":"e6457e81-9b60-4727-9e90-c6995a2733a6","local_time":"20181119111556","is_ascension_mode":true,"campfire_choices":[{"data":"Dropkick","floor":6,"key":"SMITH"},{"data":"Wild Strike","floor":8,"key":"SMITH"},{"data":"Havoc","floor":15,"key":"SMITH"}],"neow_cost":"NO_GOLD","seed_source_timestamp":396171952354090,"circlet_count":0,"master_deck":["AscendersBane","Strike_R","Strike_R","Strike_R","Strike_R","Defend_R","Defend_R","Defend_R","Defend_R","Bash+1","Battle Trance","Dropkick+1","Wild Strike+1","Havoc+1","Clothesline","Demon Form","Inflame","Warcry+1","Mind Blast","Immolate","Pummel"],"relics":["Burning Blood","Du-Vu Doll","Ancient Tea Set","Meat on the Bone","Torii","White Beast Statue","Lantern"],"potions_floor_usage":[3,13,14,20,22,23,23],"damage_taken":[{"damage":0,"enemies":"Small Slimes","floor":1,"turns":3},{"damage":2,"enemies":"2 Louse","floor":3,"turns":3},{"damage":35,"enemies":"Lagavulin","floor":7,"turns":5},{"damage":0,"enemies":"Cultist","floor":10,"turns":1},{"damage":0,"enemies":"2 Fungi Beasts","floor":11,"turns":2},{"damage":11,"enemies":"Blue Slaver","floor":12,"turns":3},{"damage":6,"enemies":"Gremlin Nob","floor":13,"turns":3},{"damage":1,"enemies":"Large Slime","floor":14,"turns":5},{"damage":7,"enemies":"Hexaghost","floor":16,"turns":7},{"damage":33,"enemies":"Spheric Guardian","floor":18,"turns":4},{"damage":1,"enemies":"Chosen","floor":20,"turns":3},{"damage":25,"enemies":"Snake Plant","floor":21,"turns":3},{"damage":28,"enemies":"Sentry and Sphere","floor":22,"turns":4},{"damage":50,"enemies":"Slavers","floor":23,"turns":5}],"seed_played":"-1972855840923998455","potions_obtained":[{"floor":1,"key":"Energy Potion"},{"floor":7,"key":"Poison Potion"},{"floor":10,"key":"SpeedPotion"},{"floor":12,"key":"Block Potion"},{"floor":14,"key":"Poison Potion"},{"floor":18,"key":"Energy Potion"},{"floor":20,"key":"Dexterity Potion"},{"floor":22,"key":"Regen Potion"}],"is_trial":false,"path_per_floor":["M","?","M","?","?","R","E","R","T","M","M","M","E","M","R","B",null,"M","$","M","M","M","E"],"character_chosen":"IRONCLAD","items_purchased":["Lantern","Mind Blast"],"campfire_rested":0,"item_purchase_floors":[19,19],"current_hp_per_floor":[74,74,75,75,75,75,46,46,46,52,58,53,53,58,58,57,71,44,44,49,42,32,0],"gold":166,"neow_bonus":"ONE_RARE_RELIC","is_prod":false,"is_daily":false,"chose_seed":false,"campfire_upgraded":3,"win_rate":0,"timestamp":1542622556,"path_taken":["M","?","M","?","?","R","E","R","T","M","?","M","E","M","R","BOSS","M","$","M","M","M","E"],"build_version":"2018-11-15","purchased_purges":1,"victory":false,"max_hp_per_floor":[75,75,75,75,75,75,75,75,75,75,75,75,75,75,75,75,75,75,75,75,75,75,75],"card_choices":[{"not_picked":["Shockwave","Cleave"],"picked":"Battle Trance","floor":1},{"not_picked":["Thunderclap","Cleave"],"picked":"Dropkick","floor":3},{"not_picked":["Sword Boomerang","Flex"],"picked":"Wild Strike","floor":7},{"not_picked":["Clash","Berserk","Intimidate"],"picked":"SKIP","floor":10},{"not_picked":["Sword Boomerang","Carnage"],"picked":"Havoc","floor":11},{"not_picked":["Pummel","Clash"],"picked":"Clothesline","floor":12},{"not_picked":["Twin Strike","Pommel Strike"],"picked":"Demon Form","floor":13},{"not_picked":["Disarm","Thunderclap"],"picked":"Inflame","floor":14},{"not_picked":["Inflame","Wild Strike"],"picked":"Warcry+1","floor":18},{"not_picked":["Intimidate","Wild Strike","Burning Pact"],"picked":"SKIP","floor":20},{"not_picked":["Perfected Strike","Clothesline"],"picked":"Immolate","floor":21},{"not_picked":["Shrug It Off","Clothesline"],"picked":"Pummel","floor":22}],"player_experience":872448,"relics_obtained":[{"floor":7,"key":"Ancient Tea Set"},{"floor":9,"key":"Meat on the Bone"},{"floor":13,"key":"Torii"}],"event_choices":[{"damage_healed":0,"gold_gain":0,"player_choice":"Grow","damage_taken":0,"max_hp_gain":0,"max_hp_loss":0,"event_name":"Living Wall","floor":2,"gold_loss":0,"cards_upgraded":["Bash"]},{"damage_healed":0,"gold_gain":150,"player_choice":"AGREE","damage_taken":0,"max_hp_gain":0,"max_hp_loss":0,"event_name":"Liars Game","floor":4,"gold_loss":0,"cards_obtained":["Doubt"]},{"cards_removed":["Doubt"],"damage_healed":0,"gold_gain":0,"player_choice":"Purged","damage_taken":0,"max_hp_gain":0,"max_hp_loss":0,"event_name":"Purifier","floor":5,"gold_loss":0}],"is_beta":false,"boss_relics":[{"not_picked":["Black Blood","Calling Bell"],"picked":"White Beast Statue"}],"items_purged_floors":[19],"is_endless":false,"potions_floor_spawned":[1,7,10,12,14,18,20,21,22],"killed_by":"Slavers","ascension_level":16}