{"gold_per_floor":[99,20,20,20,20,20,20,20,20,20,20,0,0,0,0,0,0,0,0,0,0,0,0],"floor_reached":23,"playtime":1123,"items_purged":[],"score":382,"play_id":"5e4619af-7b4c-4aa5-80cf-134e4a14c734","local_time":"20180928235142","is_ascension_mode":true,"campfire_choices":[{"data":"Masterful Stab","floor":6.0,"key":"SMITH"},{"data":"Neutralize","floor":15,"key":"SMITH"}],"neow_cost":"NONE","seed_source_timestamp":3220436400104,"circlet_count":0,"master_deck":["Defend_G","Defend_G","Defend_G","Defend_G","Defend_G","Strike_G","Strike_G","Strike_G","Strike_G","Strike_G","Survivor","Neutralize+1","AscendersBane","Deadly Poison","Masterful Stab+1","Quick Slash","Doubt","Glass Knife","Crippling Poison","Backstab","Leg Sweep","A Thousand Cuts","Prepared"],"special_seed":0,"relics":["Ectoplasm","Meat on the Bone","Paper Crane","Singing Bowl","Strawberry","Runic Pyramid"],"potions_floor_usage":[7,11,18,18,21,21],"damage_taken":[{"damage":8.0,"enemies":"Cultist","floor":1.0,"turns":5.0},{"damage":0.0,"enemies":"2 Louse","floor":4.0,"turns":3.0},{"damage":27,"enemies":"Gremlin Nob","floor":7,"turns":5},{"damage":0,"enemies":"Small Slimes","floor":8,"turns":2},{"damage":6,"enemies":"3 Sentries","floor":11,"turns":6},{"damage":7,"enemies":"Looter","floor":12,"turns":3},{"damage":8,"enemies":"Lots of Slimes","floor":14,"turns":4},{"damage":33,"enemies":"Hexaghost","floor":16,"turns":14},{"damage":3,"enemies":"Spheric Guardian","floor":18,"turns":5},{"damage":6,"enemies":"3 Byrds","floor":19,"turns":6},{"damage":19,"enemies":"Sentry and Sphere","floor":21,"turns":6},{"damage":52,"enemies":"Gremlin Leader","floor":23,"turns":7}],"seed_played":"-8612490448702667648","potions_obtained":[{"floor":4.0,"key":"Ancient Potion"},{"floor":8,"key":"Fire Potion"},{"floor":14,"key":"Ancient Potion"},{"floor":16,"key":"Block Potion"},{"floor":18,"key":"SteroidPotion"},{"floor":19,"key":"Fire Potion"}],"is_trial":false,"path_per_floor":["M","$","?","M","?","R","E","M","T","$","E","M","T","M","R","B",null,"M","M","?","M","$"],"character_chosen":"THE_SILENT","items_purchased":["Masterful Stab"],"campfire_rested":0,"item_purchase_floors":[2],"current_hp_per_floor":[51,51,51,51,51,51,24,36,36,36,44,37,44,48,48,27,63,62,58,58,51,51,0],"gold":0,"neow_bonus":"BOSS_RELIC","is_prod":false,"is_daily":false,"chose_seed":false,"campfire_upgraded":2,"win_rate":0,"timestamp":1538171502,"path_taken":["M","?","?","M","?","R","E","M","T","?","E","M","?","M","R","BOSS","M","M","?","?","?","E"],"build_version":"2018-09-27","purchased_purges":0,"victory":false,"max_hp_per_floor":[66,66,66,66,66,66,66,66,66,66,68,68,75,75,75,75,75,77,79,79,79,79,79],"card_choices":[{"not_picked":["Acrobatics","Outmaneuver"],"picked":"Deadly Poison","floor":1.0},{"not_picked":["Slice","Deflect"],"picked":"Quick Slash","floor":4.0},{"not_picked":["Crippling Poison","Tactician"],"picked":"Glass Knife","floor":7},{"not_picked":["Calculated Gamble","Dodge and Roll"],"picked":"Crippling Poison","floor":8},{"not_picked":["PiercingWail","Slice","Blade Dance"],"picked":"Singing Bowl","floor":11},{"not_picked":["Setup","Underhanded Strike"],"picked":"Backstab","floor":12},{"not_picked":["Dagger Spray","Dagger Throw"],"picked":"Leg Sweep","floor":14},{"not_picked":["Storm of Steel","Venomology"],"picked":"A Thousand Cuts","floor":16},{"not_picked":["Dagger Spray","Flying Knee","Acrobatics"],"picked":"Singing Bowl","floor":18},{"not_picked":["Dodge and Roll","Dagger Spray+1","Sucker Punch"],"picked":"Singing Bowl","floor":19},{"not_picked":["Dodge and Roll","Bane"],"picked":"Prepared","floor":21}],"player_experience":778385,"relics_obtained":[{"floor":7,"key":"Meat on the Bone"},{"floor":9,"key":"Paper Crane"},{"floor":11,"key":"Singing Bowl"},{"floor":13,"key":"Strawberry"}],"event_choices":[{"event_name":"The Cleric","player_choice":"Leave","floor":3.0,"damage_taken":0.0},{"event_name":"Liars Game","player_choice":"agreed","floor":5.0,"damage_taken":0.0},{"event_name":"Beggar","player_choice":"Ignored","floor":20,"damage_taken":0}],"is_beta":false,"boss_relics":[{"not_picked":["Eternal Feather","Astrolabe"],"picked":"Runic Pyramid"}],"items_purged_floors":[],"is_endless":false,"potions_floor_spawned":[4,8,14,16,18,19],"killed_by":"Gremlin Leader","ascension_level":18}