{"gold_per_floor":[112,112,125,135,155,181,181,213,213,213,243,243,243,418,418,514,514,529,545,556,291,271,271,290,50,50,76,76,93,107,137,137,240,240,250,250,5,5,16,44,44,44,44,73,93,128,128,28,28,28,28,28,28,57,57],"floor_reached":56,"playtime":6798,"items_purged":["Doubt","Writhe"],"score":1644,"play_id":"1596ccea-8192-4439-869d-6789906716ba","local_time":"20190302014233","is_ascension_mode":true,"campfire_choices":[{"floor":7.0,"key":"REST"},{"floor":10.0,"key":"REST"},{"data":"Go for the Eyes","floor":15.0,"key":"SMITH"},{"floor":23.0,"key":"REST"},{"floor":28.0,"key":"REST"},{"floor":32.0,"key":"REST"},{"floor":41.0,"key":"REST"},{"floor":49.0,"key":"RECALL"},{"data":"Zap","floor":52.0,"key":"SMITH"}],"neow_cost":"NONE","seed_source_timestamp":1304915282869724,"circlet_count":0,"master_deck":["Strike_B","Strike_B","Strike_B+1","Defend_B","Defend_B","Defend_B","Defend_B","Zap+1","Dualcast","Sunder+1","Beam Cell+1","Go for the Eyes+1","Hologram","Beam Cell","Static Discharge+1","Echo Form+1","Creative AI+1","Sweeping Beam","Leap","BootSequence","Steam","Self Repair+1","Cold Snap","Static Discharge+1","Double Energy","Finesse","Compile Driver","Cold Snap+1","Defragment+1","Turbo+1"],"special_seed":0,"relics":["Cracked Core","NeowsBlessing","Oddly Smooth Stone","Potion Belt","Art of War","Frozen Egg 2","Black Star","ClockworkSouvenir","Kunai","Du-Vu Doll","Incense Burner","Strawberry","Emotion Chip","Lizard Tail","Lee\u0027s Waffle","Centennial Puzzle","Thread and Needle","Mummified Hand","Pantograph","Ancient Tea Set","Vajra","Lantern","Bronze Scales","Whetstone"],"potions_floor_usage":[55],"damage_taken":[{"damage":0.0,"enemies":"Small Slimes","floor":1.0,"turns":1.0},{"damage":0.0,"enemies":"Cultist","floor":3.0,"turns":1.0},{"damage":0.0,"enemies":"Jaw Worm","floor":4.0,"turns":1.0},{"damage":13.0,"enemies":"Large Slime","floor":5.0,"turns":6.0},{"damage":15.0,"enemies":"Gremlin Nob","floor":6.0,"turns":3.0},{"damage":27.0,"enemies":"3 Sentries","floor":8.0,"turns":6.0},{"damage":16.0,"enemies":"Gremlin Nob","floor":11.0,"turns":4.0},{"damage":48.0,"enemies":"Hexaghost","floor":16.0,"turns":4.0},{"damage":6.0,"enemies":"3 Byrds","floor":18.0,"turns":2.0},{"damage":11.0,"enemies":"Spheric Guardian","floor":19.0,"turns":3.0},{"damage":30.0,"enemies":"Snecko","floor":20.0,"turns":4.0},{"damage":5.0,"enemies":"Cultist and Chosen","floor":24.0,"turns":5.0},{"damage":14.0,"enemies":"Slavers","floor":27.0,"turns":6.0},{"damage":16.0,"enemies":"Snake Plant","floor":29.0,"turns":5.0},{"damage":5.0,"enemies":"Snecko","floor":30.0,"turns":5.0},{"damage":27.0,"enemies":"Book of Stabbing","floor":31.0,"turns":5.0},{"damage":54.0,"enemies":"Automaton","floor":33.0,"turns":9.0},{"damage":18.0,"enemies":"Orb Walker","floor":35.0,"turns":4.0},{"damage":13.0,"enemies":"3 Darklings","floor":39.0,"turns":6.0},{"damage":63.0,"enemies":"Nemesis","floor":40.0,"turns":11.0},{"damage":0.0,"enemies":"Reptomancer","floor":42.0,"turns":1.0},{"damage":21.0,"enemies":"Nemesis","floor":44.0,"turns":9.0},{"damage":0.0,"enemies":"Maw","floor":45.0,"turns":8.0},{"damage":16.0,"enemies":"Reptomancer","floor":46.0,"turns":7.0},{"damage":65.0,"enemies":"Time Eater","floor":50.0,"turns":9.0},{"damage":74,"enemies":"Shield and Spear","floor":54,"turns":6},{"damage":67,"enemies":"The Heart","floor":55,"turns":6}],"seed_played":"-5196229527372811884","potions_obtained":[{"floor":3.0,"key":"SteroidPotion"},{"floor":4.0,"key":"SpeedPotion"},{"floor":8.0,"key":"FairyPotion"},{"floor":11.0,"key":"EssenceOfSteel"},{"floor":18.0,"key":"Block Potion"},{"floor":19.0,"key":"GamblersBrew"},{"floor":22.0,"key":"SmokeBomb"},{"floor":24.0,"key":"Dexterity Potion"},{"floor":27.0,"key":"Energy Potion"},{"floor":33.0,"key":"LiquidBronze"},{"floor":35.0,"key":"Weak Potion"},{"floor":44.0,"key":"Swift Potion"},{"floor":45.0,"key":"Weak Potion"}],"is_trial":false,"path_per_floor":["M","?","M","M","M","E","R","E","T","R","E","?","?","?","R","B",null,"M","M","M","$","?","R","M","$","T","E","R","M","M","E","R","B",null,"M","?","$","?","M","E","R","E","T","E","M","E","?","$","R","B",null,"R","$","E","B",null],"character_chosen":"DEFECT","items_purchased":["ClockworkSouvenir","Kunai","Lee\u0027s Waffle","Compile Driver"],"campfire_rested":6,"item_purchase_floors":[21,25,37,37],"current_hp_per_floor":[68,68,68,68,55,40,62,35,35,57,41,41,66,66,66,18,61,55,44,14,14,14,36,31,31,31,17,39,43,38,28,52,8,64,56,56,89,89,76,23,49,49,49,38,48,42,64,64,64,34,75,75,75,11,49],"gold":57,"neow_bonus":"THREE_ENEMY_KILL","is_prod":false,"is_daily":false,"chose_seed":false,"campfire_upgraded":2,"win_rate":0,"timestamp":1551508953,"path_taken":["M","?","?","?","M","E","R","E","T","R","E","?","?","?","R","BOSS","M","M","M","$","?","R","?","$","T","E","R","M","M","E","R","BOSS","M","?","$","?","M","E","R","E","T","E","M","E","?","$","R","BOSS","R","$","E","BOSS"],"build_version":"2019-01-23","purchased_purges":2,"victory":true,"max_hp_per_floor":[75,75,75,75,75,75,75,75,75,75,75,75,75,75,75,75,75,75,75,75,75,75,75,75,75,75,75,75,75,75,82,82,82,82,82,82,89,89,89,89,89,89,89,89,89,89,89,89,89,89,89,89,89,89,89],"card_choices":[{"not_picked":["Cold Snap","Conserve Battery"],"picked":"Sunder","floor":1.0},{"not_picked":["Skim","Undo","Turbo"],"picked":"SKIP","floor":3.0},{"not_picked":["Doom and Gloom","Seek"],"picked":"Beam Cell","floor":4.0},{"not_picked":["Conserve Battery","Scrape"],"picked":"Go for the Eyes","floor":5.0},{"not_picked":["Streamline","Conserve Battery"],"picked":"Hologram","floor":6.0},{"not_picked":["Chill","Sweeping Beam"],"picked":"Beam Cell","floor":8.0},{"not_picked":["Multi-Cast","Sweeping Beam"],"picked":"Static Discharge","floor":11.0},{"not_picked":["Meteor Strike","Rainbow"],"picked":"Creative AI+1","floor":16.0},{"not_picked":["Stack","Rebound"],"picked":"Sweeping Beam","floor":18.0},{"not_picked":["Beam Cell+1","Rebound"],"picked":"Leap","floor":19.0},{"not_picked":["Chaos","Double Energy"],"picked":"BootSequence","floor":20.0},{"not_picked":["Go for the Eyes","Beam Cell"],"picked":"Steam","floor":24.0},{"not_picked":["Hologram","Steam"],"picked":"Self Repair+1","floor":27.0},{"not_picked":["Steam","Tempest"],"picked":"Cold Snap","floor":29.0},{"not_picked":["Glacier","Self Repair+1"],"picked":"Melter","floor":30.0},{"not_picked":["BootSequence","Reprogram"],"picked":"Static Discharge+1","floor":31.0},{"not_picked":["Beam Cell+1","Auto Shields+1"],"picked":"Double Energy","floor":35.0},{"not_picked":["Transmutation","Thinking Ahead"],"picked":"Finesse","floor":36.0},{"not_picked":["Redo","Beam Cell+1"],"picked":"Cold Snap+1","floor":39.0},{"not_picked":["Scrape+1","Lockon","Cold Snap"],"picked":"SKIP","floor":40.0},{"not_picked":["Streamline+1","Capacitor+1"],"picked":"Defragment+1","floor":44.0},{"not_picked":["Darkness","Hello World+1"],"picked":"Turbo+1","floor":45.0},{"not_picked":["Skim","Rebound+1","Conserve Battery"],"picked":"SKIP","floor":46.0},{"not_picked":["Lockon","Cold Snap+1","Force Field+1"],"picked":"SKIP","floor":54}],"player_experience":574689,"relics_obtained":[{"floor":6.0,"key":"Oddly Smooth Stone"},{"floor":8.0,"key":"Potion Belt"},{"floor":9.0,"key":"Art of War"},{"floor":11.0,"key":"Frozen Egg 2"},{"floor":27.0,"key":"Du-Vu Doll"},{"floor":27.0,"key":"Incense Burner"},{"floor":31.0,"key":"Strawberry"},{"floor":31.0,"key":"Emotion Chip"},{"floor":40.0,"key":"Centennial Puzzle"},{"floor":40.0,"key":"Thread and Needle"},{"floor":43.0,"key":"Mummified Hand"},{"floor":44.0,"key":"Pantograph"},{"floor":44.0,"key":"Ancient Tea Set"},{"floor":46.0,"key":"Vajra"},{"floor":46.0,"key":"Lantern"},{"floor":54,"key":"Bronze Scales"},{"floor":54,"key":"Whetstone"}],"event_choices":[{"damage_healed":0.0,"max_hp_gain":0.0,"max_hp_loss":0.0,"gold_gain":0.0,"event_name":"Accursed Blacksmith","player_choice":"Forge","floor":2.0,"gold_loss":0.0,"damage_taken":0.0,"cards_upgraded":["Sunder"]},{"damage_healed":0.0,"max_hp_gain":0.0,"max_hp_loss":0.0,"gold_gain":0.0,"cards_transformed":["Strike_B"],"event_name":"Living Wall","player_choice":"Change","floor":12.0,"gold_loss":0.0,"damage_taken":0.0,"cards_obtained":["Echo Form"]},{"damage_healed":25.0,"max_hp_gain":0.0,"max_hp_loss":0.0,"gold_gain":0.0,"event_name":"Big Fish","player_choice":"Banana","floor":13.0,"gold_loss":0.0,"damage_taken":0.0},{"damage_healed":0.0,"max_hp_gain":0.0,"max_hp_loss":0.0,"gold_gain":175.0,"event_name":"Liars Game","player_choice":"AGREE","floor":14.0,"gold_loss":0.0,"damage_taken":0.0,"cards_obtained":["Doubt"]},{"damage_healed":0.0,"max_hp_gain":0.0,"max_hp_loss":0.0,"gold_gain":0.0,"event_name":"The Woman in Blue","player_choice":"Bought 1 Potion","floor":22.0,"gold_loss":0.0,"damage_taken":0.0},{"damage_healed":0.0,"max_hp_gain":0.0,"max_hp_loss":0.0,"gold_gain":0.0,"event_name":"SensoryStone","player_choice":"Memory 1","floor":36.0,"gold_loss":0.0,"damage_taken":0.0},{"cards_removed":["Melter"],"damage_healed":0.0,"max_hp_gain":0.0,"max_hp_loss":0.0,"gold_gain":0.0,"event_name":"Falling","player_choice":"Removed Attack","floor":38.0,"gold_loss":0.0,"damage_taken":0.0},{"damage_healed":22.0,"max_hp_gain":0.0,"max_hp_loss":0.0,"gold_gain":0.0,"event_name":"Winding Halls","player_choice":"Writhe","floor":47.0,"gold_loss":0.0,"damage_taken":0.0,"cards_obtained":["Writhe"]}],"is_beta":false,"boss_relics":[{"not_picked":["Orrery","Busted Crown"],"picked":"Black Star"},{"not_picked":["Runic Dome","Tiny House"],"picked":"Lizard Tail"}],"items_purged_floors":[21,48],"is_endless":false,"potions_floor_spawned":[3,4,8,11,18,19,24,27,33,35,44,45],"ascension_level":8}