{"gold_per_floor":[368,518,538,538,549,549,606,606,606,617,94,94],"floor_reached":12,"playtime":423,"items_purged":["Doubt"],"score":133,"play_id":"70cb1d4f-9004-42d5-bcc2-d44673a7a1a2","local_time":"20190125221803","is_ascension_mode":true,"campfire_choices":[{"data":"Havoc","floor":6.0,"key":"SMITH"},{"data":"Wild Strike","floor":8.0,"key":"SMITH"}],"neow_cost":"TEN_PERCENT_HP_LOSS","seed_source_timestamp":1393947347250444,"circlet_count":0,"master_deck":["AscendersBane","Strike_R","Strike_R","Strike_R","Strike_R","Strike_R","Defend_R","Defend_R","Defend_R","Defend_R","Bash","Wild Strike+1","Anger","Havoc+1","Infernal Blade","Evolve"],"special_seed":0,"relics":["Burning Blood","Regal Pillow","Gremlin Horn","Kunai","Membership Card","Bottled Flame","Pen Nib"],"potions_floor_usage":[12],"damage_taken":[{"damage":6.0,"enemies":"2 Louse","floor":1.0,"turns":3.0},{"damage":3.0,"enemies":"Small Slimes","floor":3.0,"turns":3.0},{"damage":7.0,"enemies":"Cultist","floor":5.0,"turns":4.0},{"damage":50.0,"enemies":"3 Sentries","floor":7.0,"turns":10.0},{"damage":16.0,"enemies":"3 Louse","floor":10.0,"turns":3.0},{"damage":24,"enemies":"Gremlin Nob","floor":12,"turns":3}],"seed_played":"6043912471943589256","potions_obtained":[{"floor":1.0,"key":"Regen Potion"},{"floor":7.0,"key":"EssenceOfSteel"}],"is_trial":false,"path_per_floor":["M","?","M","?","M","R","?","R","T","M","$","E"],"character_chosen":"IRONCLAD","items_purchased":["Membership Card","Bottled Flame","Pen Nib","Evolve"],"campfire_rested":0,"item_purchase_floors":[11,11,11,11],"current_hp_per_floor":[68,68,68,63,62,62,33,33,33,23,23,0],"gold":94,"neow_bonus":"TWO_FIFTY_GOLD","is_prod":false,"is_daily":false,"chose_seed":false,"campfire_upgraded":2,"win_rate":0,"timestamp":1548451083,"path_taken":["M","?","M","?","M","R","?","R","T","M","$","E"],"build_version":"2019-01-23","purchased_purges":1,"victory":false,"max_hp_per_floor":[68,68,68,68,68,68,68,68,68,68,68,68],"card_choices":[{"not_picked":["Shockwave","True Grit"],"picked":"Wild Strike","floor":1.0},{"not_picked":["Rupture","Seeing Red"],"picked":"Anger","floor":3.0},{"not_picked":["Seeing Red","Searing Blow"],"picked":"Havoc","floor":5.0},{"not_picked":["Pommel Strike","Headbutt"],"picked":"Infernal Blade","floor":10.0}],"player_experience":938951,"relics_obtained":[{"floor":9.0,"key":"Kunai"}],"event_choices":[{"damage_healed":0.0,"max_hp_gain":0.0,"max_hp_loss":0.0,"gold_gain":150.0,"event_name":"Liars Game","player_choice":"AGREE","floor":2.0,"gold_loss":0.0,"damage_taken":0.0,"cards_obtained":["Doubt"]},{"damage_healed":0.0,"max_hp_gain":0.0,"max_hp_loss":0.0,"gold_gain":0.0,"event_name":"Scrap Ooze","player_choice":"Success","floor":4.0,"gold_loss":0.0,"damage_taken":5.0,"relics_obtained":["Regal Pillow"]},{"damage_healed":0.0,"max_hp_gain":0.0,"max_hp_loss":0.0,"gold_gain":0.0,"event_name":"Dead Adventurer","player_choice":"Searched \u00272\u0027 times","floor":7.0,"gold_loss":0.0,"damage_taken":0.0,"relics_obtained":["Gremlin Horn"]}],"is_beta":false,"boss_relics":[],"items_purged_floors":[11],"is_endless":false,"potions_floor_spawned":[1,7],"killed_by":"Gremlin Nob","ascension_level":19}