{"gold_per_floor":[112,112,188,201,177,177,188,188,188,188,206,206,216,233,233,336,336,351,351,368,148,148,148,178,178,227,258,258,276,289,289],"floor_reached":31,"playtime":2218,"items_purged":[],"score":282,"play_id":"4b58d4df-6dcc-4b47-8010-c857da03c8e4","local_time":"20190205172625","is_ascension_mode":true,"campfire_choices":[{"data":"Rupture","floor":6.0,"key":"SMITH"},{"data":"Uppercut","floor":10.0,"key":"SMITH"},{"data":"Iron Wave","floor":12.0,"key":"SMITH"},{"data":"Hemokinesis","floor":15.0,"key":"SMITH"},{"data":"Rupture","floor":23.0,"key":"SMITH"},{"data":"Immolate","floor":25.0,"key":"SMITH"}],"neow_cost":"NONE","seed_source_timestamp":765171940102084,"circlet_count":0,"master_deck":["Defend_R","Defend_R","Defend_R","Defend_R","Bash+1","Rupture+1","Combust","Uppercut+1","Flex","Iron Wave+1","Hemokinesis+1","Twin Strike","Immolate+1","Bite","Bite","Bite","Bite","Bite","Rupture+1","Secret Weapon","Rage","Shrug It Off+1","Decay"],"special_seed":0,"relics":["Burning Blood"],"potions_floor_usage":[31,31],"damage_taken":[{"damage":2.0,"enemies":"2 Louse","floor":1.0,"turns":3.0},{"damage":8.0,"enemies":"Jaw Worm","floor":4.0,"turns":4.0},{"damage":6.0,"enemies":"Cultist","floor":7.0,"turns":3.0},{"damage":9.0,"enemies":"Red Slaver","floor":11.0,"turns":2.0},{"damage":3.0,"enemies":"Large Slime","floor":13.0,"turns":5.0},{"damage":8.0,"enemies":"Looter","floor":14.0,"turns":3.0},{"damage":31.0,"enemies":"Hexaghost","floor":16.0,"turns":7.0},{"damage":30.0,"enemies":"2 Thieves","floor":18.0,"turns":3.0},{"damage":24.0,"enemies":"Shell Parasite","floor":20.0,"turns":4.0},{"damage":46.0,"enemies":"Slavers","floor":24.0,"turns":6.0},{"damage":39.0,"enemies":"Masked Bandits","floor":27.0,"turns":5.0},{"damage":5.0,"enemies":"Cultist and Chosen","floor":29.0,"turns":4.0},{"damage":2.0,"enemies":"Snecko","floor":30.0,"turns":4.0},{"damage":68,"enemies":"Book of Stabbing","floor":31,"turns":6}],"seed_played":"8946828648125715004","potions_obtained":[{"floor":1.0,"key":"AttackPotion"},{"floor":4.0,"key":"EssenceOfSteel"},{"floor":7.0,"key":"Regen Potion"},{"floor":13.0,"key":"Weak Potion"},{"floor":16.0,"key":"FearPotion"},{"floor":27.0,"key":"Regen Potion"},{"floor":30.0,"key":"Poison Potion"}],"is_trial":false,"path_per_floor":["M","?","?","M","$","R","M","?","T","R","M","R","M","M","R","B",null,"M","?","M","$","?","R","E","R","T","?","?","M","M","E"],"character_chosen":"IRONCLAD","items_purchased":["Flex","Rupture","Secret Weapon"],"campfire_rested":0,"item_purchase_floors":[5,21,21],"current_hp_per_floor":[80,64,64,62,62,62,62,59,59,59,56,56,59,57,57,32,80,56,56,44,44,44,44,31,31,31,8,8,17,29,0],"gold":289,"neow_bonus":"TRANSFORM_CARD","is_prod":false,"is_daily":false,"chose_seed":false,"campfire_upgraded":6,"win_rate":0,"timestamp":1549405585,"path_taken":["M","?","?","M","$","R","M","?","T","R","?","R","?","M","R","BOSS","M","?","M","$","?","R","E","R","T","?","?","?","M","E"],"build_version":"2019-01-23","purchased_purges":0,"victory":false,"max_hp_per_floor":[80,80,80,80,80,80,80,80,80,80,80,80,80,80,80,80,80,80,56,56,56,56,56,56,56,56,56,56,56,56,56],"card_choices":[{"not_picked":["Sword Boomerang","Flex"],"picked":"Combust","floor":1.0},{"not_picked":["Thunderclap","Warcry"],"picked":"Uppercut","floor":4.0},{"not_picked":["Uppercut","Perfected Strike"],"picked":"Iron Wave","floor":7.0},{"not_picked":["Flex","Clothesline","Feel No Pain"],"picked":"SKIP","floor":11.0},{"not_picked":["Rampage","Wild Strike"],"picked":"Hemokinesis","floor":13.0},{"not_picked":["Shockwave","Warcry"],"picked":"Twin Strike","floor":14.0},{"not_picked":["Barricade","Juggernaut"],"picked":"Immolate","floor":16.0},{"not_picked":["Body Slam","Clothesline","True Grit"],"picked":"SKIP","floor":18.0},{"not_picked":["Thunderclap","Warcry","Burning Pact"],"picked":"SKIP","floor":20.0},{"not_picked":["Shrug It Off+1","Ghostly Armor"],"picked":"Rage","floor":24.0},{"not_picked":["Spot Weakness+1","Clash"],"picked":"Shrug It Off+1","floor":27.0},{"not_picked":["Feel No Pain","Intimidate","Wild Strike"],"picked":"SKIP","floor":29.0},{"not_picked":["Perfected Strike","Sever Soul","Havoc"],"picked":"SKIP","floor":30.0}],"player_experience":368843,"relics_obtained":[],"event_choices":[{"damage_healed":0.0,"max_hp_gain":0.0,"max_hp_loss":0.0,"gold_gain":0.0,"event_name":"Shining Light","player_choice":"Entered Light","floor":2.0,"gold_loss":0.0,"damage_taken":16.0,"cards_upgraded":["Strike_R","Bash"]},{"damage_healed":0.0,"max_hp_gain":0.0,"max_hp_loss":0.0,"gold_gain":76.0,"event_name":"Golden Wing","player_choice":"Gained Gold","floor":3.0,"gold_loss":0.0,"damage_taken":0.0},{"damage_healed":0.0,"max_hp_gain":0.0,"max_hp_loss":0.0,"gold_gain":0.0,"event_name":"Scrap Ooze","player_choice":"Fled","floor":8.0,"gold_loss":0.0,"damage_taken":3.0},{"damage_healed":0.0,"max_hp_gain":0.0,"max_hp_loss":24.0,"gold_gain":0.0,"event_name":"Vampires","player_choice":"Became a vampire","floor":19.0,"gold_loss":0.0,"damage_taken":0.0,"cards_obtained":["Bite","Bite","Bite","Bite","Bite"]},{"damage_healed":0.0,"max_hp_gain":0.0,"max_hp_loss":0.0,"gold_gain":0.0,"event_name":"Ghosts","player_choice":"Ignored","floor":22.0,"gold_loss":0.0,"damage_taken":0.0},{"damage_healed":0.0,"max_hp_gain":0.0,"max_hp_loss":0.0,"gold_gain":0.0,"event_name":"Masked Bandits","player_choice":"Fought Bandits","floor":27.0,"gold_loss":0.0,"damage_taken":0.0},{"damage_healed":0.0,"max_hp_gain":0.0,"max_hp_loss":0.0,"gold_gain":0.0,"event_name":"Forgotten Altar","player_choice":"Smashed Altar","floor":28.0,"gold_loss":0.0,"damage_taken":0.0,"cards_obtained":["Decay"]}],"is_beta":false,"boss_relics":[{"not_picked":["Runic Cube","Black Star","Cursed Key"]}],"items_purged_floors":[],"is_endless":false,"potions_floor_spawned":[1,4,7,13,16,27,30],"killed_by":"Book of Stabbing","ascension_level":1}