{"gold_per_floor":[118,42,117,117,131,131,158,176,223,223,234,265,265,265,265,363,363,374,374,387,387,48,48,61,61,129,129,42,42,42,54,54,156,156,166,176,276,290,290,290,290,317,341,353,353,166,146,165,165,165],"floor_reached":51,"playtime":4843,"items_purged":["Strike_R","Strike_R"],"score":706,"play_id":"1e20f332-40a7-46a0-a342-ea6c79a39f7b","local_time":"20190219190854","is_ascension_mode":false,"campfire_choices":[{"data":"Bash","floor":6,"key":"SMITH"},{"data":"Combust","floor":10,"key":"SMITH"},{"data":"Armaments","floor":15,"key":"SMITH"},{"data":"Metallicize","floor":23,"key":"SMITH"},{"data":"Iron Wave","floor":27,"key":"SMITH"},{"data":"Bandage Up","floor":29,"key":"SMITH"},{"floor":32,"key":"REST"},{"data":"Barricade","floor":40,"key":"SMITH"},{"floor":45,"key":"REST"},{"floor":49,"key":"REST"}],"neow_cost":"NONE","seed_source_timestamp":350304686670058,"circlet_count":0,"master_deck":["Strike_R","Strike_R","Defend_R","Defend_R","Defend_R","Defend_R","Bash+1","Shrug It Off","Inflame","Metallicize+1","Combust+1","Whirlwind","Iron Wave+1","Armaments+1","Feed","Rampage+1","Dual Wield","Rupture","Warcry","Spot Weakness+1","Bandage Up+1","Headbutt+1","Barricade+1","Body Slam+1","Metallicize+1","Reckless Charge+1","Disarm","Intimidate","Dramatic Entrance+1","Bloodletting+1"],"relics":["Burning Blood","Strawberry","Oddly Smooth Stone","Mercury Hourglass","Anchor","Sozu","Dodecahedron","Centennial Puzzle","Molten Egg 2","Runic Pyramid","Du-Vu Doll","Bag of Preparation","Happy Flower"],"potions_floor_usage":[50,50],"damage_taken":[{"damage":3,"enemies":"Small Slimes","floor":1,"turns":4},{"damage":5,"enemies":"Jaw Worm","floor":5,"turns":4},{"damage":25,"enemies":"Gremlin Nob","floor":7,"turns":4},{"damage":6,"enemies":"2 Louse","floor":8,"turns":3},{"damage":5,"enemies":"Looter","floor":11,"turns":3},{"damage":5,"enemies":"Lagavulin","floor":12,"turns":6},{"damage":42,"enemies":"The Guardian","floor":16,"turns":12},{"damage":21,"enemies":"Chosen","floor":18,"turns":5},{"damage":17,"enemies":"Spheric Guardian","floor":20,"turns":4},{"damage":20,"enemies":"Shelled Parasite and Fungi","floor":24,"turns":6},{"damage":33,"enemies":"3 Cultists","floor":31,"turns":4},{"damage":47,"enemies":"Automaton","floor":33,"turns":9},{"damage":22,"enemies":"3 Shapes","floor":35,"turns":4},{"damage":14,"enemies":"Orb Walker","floor":36,"turns":5},{"damage":48,"enemies":"Mind Bloom Boss Battle","floor":37,"turns":8},{"damage":20,"enemies":"Writhing Mass","floor":38,"turns":7},{"damage":60,"enemies":"Nemesis","floor":42,"turns":7},{"damage":0,"enemies":"3 Darklings","floor":44,"turns":4},{"damage":4,"enemies":"Maw","floor":48,"turns":7},{"damage":84,"enemies":"Awakened One","floor":50,"turns":13}],"seed_played":"108679482740406636","potions_obtained":[{"floor":1,"key":"GamblersBrew"},{"floor":5,"key":"FearPotion"},{"floor":12,"key":"Ancient Potion"}],"is_trial":false,"path_per_floor":["?","?","?","?","?","?","M","?","$","?","?","?","$","?"],"character_chosen":"IRONCLAD","items_purchased":["Inflame","Rupture","Centennial Puzzle","Warcry","Bandage Up","Dramatic Entrance+1"],"campfire_rested":3,"item_purchase_floors":[2,22,22,22,28,46],"current_hp_per_floor":[88,88,77,77,78,78,66,66,66,66,67,68,56,56,56,20,95,80,61,50,50,50,50,39,39,39,39,39,39,39,21,52,17,106,96,97,64,56,56,56,56,8,8,20,53,53,53,61,94,22],"gold":165,"neow_bonus":"TEN_PERCENT_HP_BONUS","is_prod":false,"is_daily":false,"chose_seed":false,"campfire_upgraded":7,"win_rate":0.0,"timestamp":1550628534,"path_taken":["M","$","?","?","M","R","E","M","T","R","M","E","?","?","R","BOSS","M","?","M","?","$","R","?","?","T","R","$","R","?","M","R","BOSS","M","M","?","M","?","R","?","E","T","M","R","?","?","M","R","BOSS"],"build_version":"2019-01-23","purchased_purges":2,"victory":true,"max_hp_per_floor":[88,88,88,88,88,88,95,95,95,95,95,95,95,95,95,95,95,95,100,100,100,100,100,103,103,103,103,103,103,103,106,106,106,106,106,109,112,112,112,112,112,112,112,112,112,112,112,112,112,112],"card_choices":[{"not_picked":["Power Through","Warcry"],"picked":"Shrug It Off","floor":1},{"not_picked":["Warcry","Twin Strike"],"picked":"Metallicize","floor":5},{"not_picked":["Evolve","Warcry"],"picked":"Combust","floor":7},{"not_picked":["Anger","Carnage"],"picked":"Whirlwind","floor":8},{"not_picked":["Warcry","Flex"],"picked":"Iron Wave","floor":11},{"not_picked":["Shrug It Off","Fire Breathing"],"picked":"Armaments","floor":12},{"not_picked":["Bludgeon","Impervious"],"picked":"Feed","floor":16},{"not_picked":["Rage","Anger"],"picked":"Rampage+1","floor":18},{"not_picked":["Metallicize","Cleave"],"picked":"Dual Wield","floor":20},{"not_picked":["Armaments","Flex"],"picked":"Spot Weakness+1","floor":24},{"not_picked":["Perfected Strike+1","Clothesline+1"],"picked":"Headbutt+1","floor":31},{"not_picked":["Dark Embrace","Immolate+1"],"picked":"Barricade","floor":33},{"not_picked":["Pommel Strike+1","Battle Trance+1"],"picked":"Body Slam+1","floor":35},{"not_picked":["Wild Strike+1","Flex"],"picked":"Metallicize+1","floor":36},{"not_picked":["Warcry+1","Twin Strike+1"],"picked":"Reckless Charge+1","floor":37},{"not_picked":["Metallicize","Iron Wave+1"],"picked":"Disarm","floor":38},{"not_picked":["Blood for Blood+1","Headbutt+1"],"picked":"Intimidate","floor":42},{"not_picked":["Headbutt+1","Battle Trance+1"],"picked":"Bloodletting+1","floor":48}],"player_experience":46641,"relics_obtained":[{"floor":7,"key":"Strawberry"},{"floor":9,"key":"Oddly Smooth Stone"},{"floor":12,"key":"Mercury Hourglass"},{"floor":26,"key":"Molten Egg 2"},{"floor":37,"key":"Du-Vu Doll"},{"floor":42,"key":"Bag of Preparation"},{"floor":43,"key":"Happy Flower"}],"event_choices":[{"damage_healed":0,"gold_gain":75,"player_choice":"Gather Gold","damage_taken":11,"max_hp_gain":0,"max_hp_loss":0,"event_name":"World of Goop","floor":3,"gold_loss":0},{"damage_healed":0,"gold_gain":0,"player_choice":"Ignored","damage_taken":0,"max_hp_gain":0,"max_hp_loss":0,"event_name":"Liars Game","floor":4,"gold_loss":0},{"damage_healed":0,"gold_gain":0,"player_choice":"Success","damage_taken":12,"relics_obtained":["Anchor"],"max_hp_gain":0,"max_hp_loss":0,"event_name":"Scrap Ooze","floor":13,"gold_loss":0},{"cards_removed":["Strike_R"],"damage_healed":0,"gold_gain":0,"player_choice":"Forget","damage_taken":0,"max_hp_gain":0,"max_hp_loss":0,"event_name":"Living Wall","floor":14,"gold_loss":0},{"damage_healed":0,"gold_gain":0,"player_choice":"Shed Blood","damage_taken":24,"max_hp_gain":5,"max_hp_loss":0,"event_name":"Forgotten Altar","floor":19,"gold_loss":0},{"damage_healed":0,"gold_gain":0,"player_choice":"Gave Potion","damage_taken":0,"relics_obtained":["Dodecahedron"],"max_hp_gain":0,"max_hp_loss":0,"event_name":"WeMeetAgain","floor":21,"gold_loss":0},{"damage_healed":0,"gold_gain":0,"player_choice":"Fight","damage_taken":0,"max_hp_gain":0,"max_hp_loss":0,"event_name":"MindBloom","floor":37,"gold_loss":0},{"damage_healed":0,"gold_gain":0,"player_choice":"Ignored","damage_taken":0,"max_hp_gain":0,"max_hp_loss":0,"event_name":"The Moai Head","floor":39,"gold_loss":0},{"damage_healed":0,"gold_gain":0,"player_choice":"Ignored","damage_taken":0,"max_hp_gain":0,"max_hp_loss":0,"event_name":"Tomb of Lord Red Mask","floor":41,"gold_loss":0},{"damage_healed":0,"gold_gain":0,"player_choice":"Bought 1 Potion","damage_taken":0,"max_hp_gain":0,"max_hp_loss":0,"event_name":"The Woman in Blue","floor":47,"gold_loss":0}],"is_beta":false,"boss_relics":[{"not_picked":["Black Star","Astrolabe"],"picked":"Sozu"},{"not_picked":["Busted Crown","Empty Cage"],"picked":"Runic Pyramid"}],"items_purged_floors":[22,46],"is_endless":false,"potions_floor_spawned":[1,5,12,18,20,31,37,44,48],"ascension_level":0}