{"gold_per_floor":[10,25,38,38,53,53,86,86,86,121,134,134,146,171,171,272,272,290,290,306,321,339,371,371,398,471,471,505,505,8,22,22,125,125,141,153,2,12,12,38,38,38,38,38,38,69,21,54,54,54],"floor_reached":50,"playtime":4593,"items_purged":["Clumsy"],"score":826,"play_id":"cd8275b2-a7a3-4419-9c53-5508802037f6","local_time":"20180726004026","is_ascension_mode":true,"campfire_choices":[{"data":"Bash","floor":6.0,"key":"SMITH"},{"data":"Pummel","floor":8.0,"key":"SMITH"},{"data":"Double Tap","floor":12.0,"key":"SMITH"},{"data":"Inflame","floor":15.0,"key":"SMITH"},{"data":"Offering","floor":24.0,"key":"SMITH"},{"data":"Flex","floor":29.0,"key":"SMITH"},{"floor":32.0,"key":"REST"},{"floor":41.0,"key":"REST"},{"data":"Demon Form","floor":45.0,"key":"SMITH"},{"floor":49,"key":"REST"}],"neow_cost":"NO_GOLD","seed_source_timestamp":599747913764681,"circlet_count":0,"master_deck":["Strike_R","Strike_R","Strike_R","Strike_R","Strike_R","Defend_R","Defend_R","Defend_R","Defend_R","Bash+1","Offering+1","Flex+1","Inflame+1","Flex+1","Pummel+1","Cleave","Double Tap+1","Rupture","Reaper","Heavy Blade+1","Twin Strike+1","Heavy Blade+1","Ghostly","Ghostly","Ghostly","Ghostly","Ghostly","Heavy Blade+1","Combust","Hemokinesis","Bandage Up","Heavy Blade","Demon Form+1","Blood for Blood","Rupture","Metallicize+1","Shrug It Off","Shrug It Off","Iron Wave+1","Demon Form","Decay","Doubt","Madness","Bloodletting+1"],"special_seed":0,"relics":["Burning Blood","Lantern","Pen Nib","Question Card","Red Skull","Cursed Key","Bag of Marbles","Orichalcum","Mummified Hand","Letter Opener","Shuriken","Orrery","NlothsMask","Bronze Scales","Darkstone Periapt","Blue Candle","Paper Frog"],"potions_floor_usage":[48,48,48],"damage_taken":[{"damage":5.0,"enemies":"Small Slimes","floor":1.0,"turns":2.0},{"damage":5.0,"enemies":"2 Louse","floor":2.0,"turns":4.0},{"damage":5.0,"enemies":"Jaw Worm","floor":3.0,"turns":1.0},{"damage":15.0,"enemies":"3 Louse","floor":5.0,"turns":4.0},{"damage":13.0,"enemies":"Gremlin Nob","floor":7.0,"turns":3.0},{"damage":13.0,"enemies":"Lagavulin","floor":10.0,"turns":3.0},{"damage":5.0,"enemies":"Exordium Thugs","floor":11.0,"turns":2.0},{"damage":3.0,"enemies":"Blue Slaver","floor":13.0,"turns":2.0},{"damage":5.0,"enemies":"Gremlin Nob","floor":14.0,"turns":3.0},{"damage":46.0,"enemies":"The Guardian","floor":16.0,"turns":5.0},{"damage":1.0,"enemies":"3 Byrds","floor":18.0,"turns":3.0},{"damage":7.0,"enemies":"Chosen","floor":20.0,"turns":3.0},{"damage":16.0,"enemies":"Centurion and Healer","floor":21.0,"turns":3.0},{"damage":14.0,"enemies":"Snake Plant","floor":22.0,"turns":2.0},{"damage":25.0,"enemies":"Slavers","floor":23.0,"turns":3.0},{"damage":12.0,"enemies":"Book of Stabbing","floor":25.0,"turns":2.0},{"damage":1.0,"enemies":"Slavers","floor":28.0,"turns":4.0},{"damage":18.0,"enemies":"Snecko","floor":31.0,"turns":4.0},{"damage":5.0,"enemies":"Collector","floor":33.0,"turns":5.0},{"damage":3.0,"enemies":"Flame Bruiser 1 Orb","floor":35.0,"turns":3.0},{"damage":0.0,"enemies":"Orb Walker","floor":36.0,"turns":3.0},{"damage":27.0,"enemies":"Maw","floor":38.0,"turns":6.0},{"damage":17.0,"enemies":"2 Orb Walkers","floor":40.0,"turns":3.0},{"damage":15.0,"enemies":"Giant Head","floor":46.0,"turns":5.0},{"damage":39,"enemies":"Nemesis","floor":48,"turns":7},{"damage":24,"enemies":"Donu and Deca","floor":50,"turns":3}],"seed_played":"-6799766216074193959","potions_obtained":[{"floor":3.0,"key":"Strength Potion"},{"floor":5.0,"key":"Poison Potion"},{"floor":10.0,"key":"Poison Potion"},{"floor":13.0,"key":"BloodPotion"},{"floor":16.0,"key":"Swift Potion"},{"floor":28.0,"key":"SkillPotion"},{"floor":31.0,"key":"Ancient Potion"},{"floor":36.0,"key":"EssenceOfSteel"},{"floor":40.0,"key":"Dexterity Potion"},{"floor":46.0,"key":"Block Potion"}],"is_trial":false,"path_per_floor":["M","M","M","?","M","R","E","R","T","E","M","R","M","E","R","B",null,"M","$","M","M","M","E","R","E","T","?","E","R","$","M","R","B",null,"M","M","$","M","?","E","R","T","T","?","R","E","$","E","R"],"character_chosen":"IRONCLAD","items_purchased":["Combust","Shuriken","Hemokinesis","Bandage Up","Demon Form","SkillPotion"],"campfire_rested":3,"item_purchase_floors":[30,30,30,30,37,47],"current_hp_per_floor":[80,80,80,80,71,71,64,64,64,57,58,58,61,62,62,22,80,80,80,80,70,62,61,61,55,55,40,40,40,40,28,40,40,40,40,40,40,19,19,12,24,24,24,24,24,40,40,11,23,0],"gold":54,"neow_bonus":"THREE_RARE_CARDS","is_prod":false,"is_daily":false,"chose_seed":false,"campfire_upgraded":7,"win_rate":0,"timestamp":1532580026,"path_taken":["M","M","M","?","M","R","E","R","T","E","M","R","M","E","R","BOSS","M","$","M","M","M","E","R","E","T","?","E","R","$","M","R","BOSS","M","M","$","M","?","E","R","?","T","?","R","E","$","E","R","BOSS"],"build_version":"2018-07-19v2","purchased_purges":1,"victory":false,"max_hp_per_floor":[80,80,80,80,80,80,80,80,80,80,80,80,80,80,80,80,80,80,80,80,80,80,80,80,80,80,40,40,40,40,40,40,40,40,40,40,40,40,40,40,40,40,40,40,40,40,40,40,40,40],"card_choices":[{"not_picked":["Immolate","Bludgeon"],"picked":"Offering","floor":0.0},{"not_picked":["Clothesline","Warcry","True Grit"],"picked":"SKIP","floor":1.0},{"not_picked":["Flame Barrier","Second Wind"],"picked":"Flex","floor":2.0},{"not_picked":["Corruption","Evolve"],"picked":"Inflame","floor":3.0},{"not_picked":["Entrench","True Grit"],"picked":"Flex","floor":5.0},{"not_picked":["Havoc","Fire Breathing"],"picked":"Pummel","floor":7.0},{"not_picked":["Headbutt","True Grit"],"picked":"Cleave","floor":10.0},{"not_picked":["Clash","Pommel Strike","Wild Strike"],"picked":"Double Tap","floor":11.0},{"not_picked":["Flex","True Grit","Cleave"],"picked":"Rupture","floor":13.0},{"not_picked":["Perfected Strike","Armaments","Sword Boomerang","Wild Strike"],"picked":"SKIP","floor":14.0},{"not_picked":["Berserk","Fiend Fire","Impervious"],"picked":"Reaper","floor":16.0},{"not_picked":["Thunderclap","Ghostly Armor","Twin Strike"],"picked":"Heavy Blade+1","floor":18.0},{"not_picked":["Headbutt","Havoc","Shrug It Off"],"picked":"Twin Strike+1","floor":20.0},{"not_picked":["Flame Barrier","Flex","Sever Soul+1"],"picked":"Heavy Blade+1","floor":21.0},{"not_picked":["Burning Pact+1","Uppercut","Immolate","Reckless Charge"],"picked":"SKIP","floor":22.0},{"not_picked":["Pommel Strike","Corruption","Sword Boomerang+1","Berserk"],"picked":"SKIP","floor":23.0},{"not_picked":["Dual Wield","Pommel Strike","Fiend Fire","Body Slam"],"picked":"SKIP","floor":25.0},{"not_picked":["Whirlwind","Sever Soul+1","Twin Strike"],"picked":"Heavy Blade+1","floor":28.0},{"not_picked":["Carnage","Iron Wave","Searing Blow"],"picked":"Heavy Blade","floor":31.0},{"not_picked":["Bludgeon","Reaper","Berserk"],"picked":"Demon Form","floor":33.0},{"not_picked":["Twin Strike","Body Slam","Perfected Strike+1"],"picked":"Blood for Blood","floor":34.0},{"not_picked":["Battle Trance","Rage+1","Perfected Strike"],"picked":"Rupture","floor":34.0},{"not_picked":["Body Slam","Thunderclap","Flame Barrier+1"],"picked":"Metallicize+1","floor":34.0},{"not_picked":["Body Slam","Second Wind","Combust"],"picked":"Shrug It Off","floor":34.0},{"not_picked":["Entrench","Sever Soul","Combust"],"picked":"Shrug It Off","floor":34.0},{"not_picked":["Wild Strike","True Grit+1","Sentinel+1","Armaments"],"picked":"SKIP","floor":35.0},{"not_picked":["Twin Strike","Shockwave+1","Body Slam"],"picked":"Iron Wave+1","floor":36.0},{"not_picked":["Feel No Pain","Fire Breathing","Clothesline","Rampage"],"picked":"SKIP","floor":38.0},{"not_picked":["Shockwave+1","Cleave+1","Headbutt+1","Iron Wave+1"],"picked":"SKIP","floor":40.0},{"not_picked":["Magnetism","Dark Shackles","Deep Breath"],"picked":"Madness","floor":44.0},{"not_picked":["Rage+1","Spot Weakness","Fire Breathing","Dual Wield+1"],"picked":"SKIP","floor":46.0},{"not_picked":["Twin Strike","Rage","Thunderclap"],"picked":"Bloodletting+1","floor":48}],"player_experience":172510,"relics_obtained":[{"floor":7.0,"key":"Lantern"},{"floor":9.0,"key":"Pen Nib"},{"floor":10.0,"key":"Question Card"},{"floor":14.0,"key":"Red Skull"},{"floor":23.0,"key":"Bag of Marbles"},{"floor":25.0,"key":"Orichalcum"},{"floor":26.0,"key":"Mummified Hand"},{"floor":28.0,"key":"Letter Opener"},{"floor":40.0,"key":"Bronze Scales"},{"floor":43.0,"key":"Darkstone Periapt"},{"floor":46.0,"key":"Blue Candle"},{"floor":48,"key":"Paper Frog"}],"event_choices":[{"event_name":"Living Wall","player_choice":"Grow","floor":4.0,"damage_taken":0.0},{"event_name":"Ghosts","player_choice":"Became a Ghost","floor":27.0,"damage_taken":0.0},{"event_name":"FaceTrader","player_choice":"Trade","floor":39.0,"damage_taken":0.0},{"event_name":"SensoryStone","player_choice":"Memory 1","floor":44.0,"damage_taken":0.0}],"is_beta":false,"boss_relics":[{"not_picked":["Coffee Dripper","Ectoplasm"],"picked":"Cursed Key"},{"not_picked":["Eternal Feather","Tiny House"],"picked":"Orrery"}],"items_purged_floors":[37],"is_endless":false,"potions_floor_spawned":[3,5,10,13,16,21,28,31,36,40,46],"killed_by":"Donu and Deca","ascension_level":2}