{"gold_per_floor":[369,369,519,530,53,78,78,113,159,159,172,172,172,199,199,273,273,292,334,9,50,63,92,102,120,166,166],"floor_reached":27,"playtime":1356,"items_purged":["Doubt"],"score":632,"play_id":"5da8ccd3-08eb-4c0d-b3f8-3d189b80d46f","local_time":"20181215024255","is_ascension_mode":true,"campfire_choices":[{"floor":7.0,"key":"REST"},{"data":"Transmutation","floor":10.0,"key":"SMITH"},{"floor":12.0,"key":"REST"},{"floor":15.0,"key":"RECALL"}],"neow_cost":"PERCENT_DAMAGE","seed_source_timestamp":203387192745514,"circlet_count":0,"master_deck":["AscendersBane","Strike_R","Strike_R","Strike_R","Strike_R","Strike_R","Defend_R","Defend_R","Defend_R","Defend_R","Bash","Headbutt+1","Rage","Transmutation+1","Offering","Spot Weakness","Battle Trance","Pummel","Feed","Metallicize","Feel No Pain"],"special_seed":0,"relics":["Burning Blood","Chemical X","Regal Pillow","Art of War","Anchor","Red Skull","Eternal Feather","Turnip","Mango"],"potions_floor_usage":[27],"damage_taken":[{"damage":9.0,"enemies":"Jaw Worm","floor":1.0,"turns":5.0},{"damage":2.0,"enemies":"2 Louse","floor":4.0,"turns":3.0},{"damage":50.0,"enemies":"Lagavulin","floor":6.0,"turns":10.0},{"damage":25.0,"enemies":"3 Sentries","floor":8.0,"turns":5.0},{"damage":1.0,"enemies":"Cultist","floor":11.0,"turns":3.0},{"damage":0.0,"enemies":"Lagavulin","floor":14.0,"turns":4.0},{"damage":6.0,"enemies":"Slime Boss","floor":16.0,"turns":6.0},{"damage":7.0,"enemies":"3 Byrds","floor":18.0,"turns":3.0},{"damage":6.0,"enemies":"Chosen","floor":19.0,"turns":1.0},{"damage":9.0,"enemies":"Centurion and Healer","floor":21.0,"turns":3.0},{"damage":9.0,"enemies":"Snake Plant","floor":22.0,"turns":2.0},{"damage":54.0,"enemies":"Book of Stabbing","floor":23.0,"turns":6.0},{"damage":25.0,"enemies":"Snecko","floor":24.0,"turns":6.0},{"damage":21,"enemies":"Sentry and Sphere","floor":25,"turns":5},{"damage":18,"enemies":"Slavers","floor":27,"turns":2}],"seed_played":"-5617119668296656356","potions_obtained":[{"floor":6.0,"key":"LiquidBronze"},{"floor":8.0,"key":"Energy Potion"},{"floor":13.0,"key":"FairyPotion"},{"floor":19.0,"key":"AttackPotion"},{"floor":22.0,"key":"Dexterity Potion"},{"floor":23.0,"key":"SpeedPotion"},{"floor":25,"key":"Dexterity Potion"}],"is_trial":false,"path_per_floor":["M","?","?","M","$","E","R","E","T","R","M","R","?","E","R","B",null,"M","M","$","M","M","E","M","M","T","E"],"character_chosen":"IRONCLAD","items_purchased":["Chemical X","Transmutation","Turnip"],"campfire_rested":2,"item_purchase_floors":[5,5,20],"current_hp_per_floor":[47,47,47,51,51,7,44,25,25,25,30,67,67,73,73,73,75,77,77,77,77,77,43,24,9,9,0],"gold":166,"neow_bonus":"TWO_FIFTY_GOLD","is_prod":false,"is_daily":false,"chose_seed":false,"campfire_upgraded":1,"win_rate":0,"timestamp":1544838175,"path_taken":["M","?","?","M","$","E","R","E","T","R","M","R","?","E","R","BOSS","M","M","$","M","M","E","M","?","T","E"],"build_version":"2018-12-13","purchased_purges":1,"victory":false,"max_hp_per_floor":[75,75,75,75,75,75,75,75,75,75,75,75,75,75,75,75,75,78,78,78,81,84,98,98,98,98,98],"card_choices":[{"not_picked":["Bloodletting","True Grit"],"picked":"Headbutt","floor":1.0},{"not_picked":["Perfected Strike","Havoc"],"picked":"Rage","floor":4.0},{"not_picked":["Shrug It Off","Evolve"],"picked":"Offering","floor":6.0},{"not_picked":["Shockwave","Body Slam"],"picked":"Spot Weakness","floor":8.0},{"not_picked":["Iron Wave","Second Wind"],"picked":"Battle Trance","floor":11.0},{"not_picked":["Rage","Rampage"],"picked":"Pummel","floor":14.0},{"not_picked":["Berserk","Juggernaut"],"picked":"Feed","floor":16.0},{"not_picked":["Flex","Clothesline","Twin Strike"],"picked":"SKIP","floor":18.0},{"not_picked":["Clothesline","Clash","Sword Boomerang"],"picked":"SKIP","floor":19.0},{"not_picked":["Iron Wave","Second Wind","Perfected Strike"],"picked":"SKIP","floor":21.0},{"not_picked":["Thunderclap+1","Burning Pact","Carnage"],"picked":"SKIP","floor":22.0},{"not_picked":["Anger","Fire Breathing"],"picked":"Metallicize","floor":23.0},{"not_picked":["Disarm","Wild Strike"],"picked":"Feel No Pain","floor":24.0},{"not_picked":["Clothesline","True Grit","Dropkick+1"],"picked":"SKIP","floor":25}],"player_experience":900165,"relics_obtained":[{"floor":6.0,"key":"Regal Pillow"},{"floor":8.0,"key":"Art of War"},{"floor":9.0,"key":"Anchor"},{"floor":14.0,"key":"Red Skull"},{"floor":23.0,"key":"Mango"}],"event_choices":[{"damage_healed":0.0,"max_hp_gain":0.0,"max_hp_loss":0.0,"gold_gain":0.0,"event_name":"Living Wall","player_choice":"Grow","floor":2.0,"gold_loss":0.0,"damage_taken":0.0,"cards_upgraded":["Headbutt"]},{"damage_healed":0.0,"max_hp_gain":0.0,"max_hp_loss":0.0,"gold_gain":150.0,"event_name":"Liars Game","player_choice":"AGREE","floor":3.0,"gold_loss":0.0,"damage_taken":0.0,"cards_obtained":["Doubt"]},{"damage_healed":0.0,"max_hp_gain":0.0,"max_hp_loss":0.0,"gold_gain":0.0,"event_name":"Lab","player_choice":"Got Potions","floor":13.0,"gold_loss":0.0,"damage_taken":0.0}],"is_beta":false,"boss_relics":[{"not_picked":["Runic Pyramid","Sozu"],"picked":"Eternal Feather"}],"items_purged_floors":[5],"is_endless":false,"potions_floor_spawned":[6,8,19,22,23,25],"killed_by":"Slavers","ascension_level":17}