{"gold_per_floor":[117,137,147,159,9,9,40,40,40,40,215,72,105,125,125,221,221,234,134,134,144,144,144,174,174,174,274,274,99,113,146,146,251,251,271,121,140,157,59,59],"floor_reached":40,"playtime":5838,"items_purged":["Doubt","Defend_G","Strike_G","Strike_G"],"score":562,"play_id":"29d3f1c5-a2e6-434c-866f-bc5464ab796c","local_time":"20190124185028","is_ascension_mode":true,"campfire_choices":[{"floor":6.0,"key":"REST"},{"floor":8.0,"key":"REST"},{"data":"Crippling Poison","floor":15.0,"key":"SMITH"},{"floor":23.0,"key":"REST"},{"data":"RitualDagger","floor":25.0,"key":"SMITH"},{"data":"Strike_G","floor":28.0,"key":"PURGE"},{"data":"Strike_G","floor":32.0,"key":"PURGE"}],"neow_cost":"NONE","seed_source_timestamp":179414757744820,"circlet_count":0,"master_deck":["Defend_G","Defend_G","Defend_G","Defend_G","Survivor","Neutralize","Crippling Poison+1","Cloak And Dagger","Sucker Punch","Well Laid Plans","Sucker Punch","Noxious Fumes","Malaise","Quick Slash+1","RitualDagger+1","Dagger Spray+1","Quick Slash+1"],"special_seed":0,"relics":["Ring of the Snake","Bronze Scales","Vajra","Bottled Lightning","Peace Pipe","Busted Crown","Orichalcum","Pantograph","Boot","Empty Cage"],"potions_floor_usage":[40,40,40],"damage_taken":[{"damage":5.0,"enemies":"Jaw Worm","floor":1.0,"turns":6.0},{"damage":3.0,"enemies":"2 Louse","floor":2.0,"turns":2.0},{"damage":6.0,"enemies":"Small Slimes","floor":3.0,"turns":4.0},{"damage":2.0,"enemies":"2 Fungi Beasts","floor":4.0,"turns":3.0},{"damage":24.0,"enemies":"3 Sentries","floor":7.0,"turns":8.0},{"damage":17.0,"enemies":"Gremlin Nob","floor":13.0,"turns":4.0},{"damage":3.0,"enemies":"Red Slaver","floor":14.0,"turns":3.0},{"damage":7.0,"enemies":"The Guardian","floor":16.0,"turns":11.0},{"damage":11.0,"enemies":"2 Thieves","floor":18.0,"turns":4.0},{"damage":0.0,"enemies":"3 Byrds","floor":21.0,"turns":2.0},{"damage":22.0,"enemies":"Gremlin Leader","floor":24.0,"turns":5.0},{"damage":1.0,"enemies":"3 Cultists","floor":30.0,"turns":4.0},{"damage":14.0,"enemies":"Slavers","floor":31.0,"turns":5.0},{"damage":47.0,"enemies":"Collector","floor":33.0,"turns":9.0},{"damage":8.0,"enemies":"Orb Walker","floor":35.0,"turns":3.0},{"damage":3.0,"enemies":"3 Shapes","floor":37.0,"turns":4.0},{"damage":24.0,"enemies":"Maw","floor":38.0,"turns":8.0},{"damage":43,"enemies":"Giant Head","floor":40,"turns":7}],"seed_played":"-334531999855823586","potions_obtained":[{"floor":2.0,"key":"SpeedPotion"},{"floor":4.0,"key":"Ancient Potion"},{"floor":13.0,"key":"SkillPotion"},{"floor":30.0,"key":"GhostInAJar"},{"floor":33.0,"key":"GhostInAJar"},{"floor":38.0,"key":"Dexterity Potion"}],"is_trial":false,"path_per_floor":["M","M","M","M","$","R","E","R","T","?","?","$","E","M","R","B",null,"M","$","?","M","?","R","E","R","T","?","R","$","M","E","R","B",null,"M","$","M","M","$","E"],"character_chosen":"THE_SILENT","items_purchased":["Bronze Scales","Noxious Fumes","Explosive Potion","SpeedPotion","Swift Potion"],"campfire_rested":3,"item_purchase_floors":[5,12,29,39,39],"current_hp_per_floor":[58,55,49,47,47,68,44,65,65,70,70,70,53,50,50,43,67,56,56,50,50,36,60,38,38,38,38,38,38,37,23,23,1,60,52,52,49,25,25,0],"gold":59,"neow_bonus":"RANDOM_COLORLESS","is_prod":false,"is_daily":false,"chose_seed":false,"campfire_upgraded":2,"win_rate":0,"timestamp":1548373828,"path_taken":["M","M","M","M","$","R","E","R","T","?","?","$","E","M","R","BOSS","M","$","?","M","?","R","E","R","T","?","R","$","M","E","R","BOSS","M","?","M","?","$","E"],"build_version":"2019-01-23","purchased_purges":4,"victory":false,"max_hp_per_floor":[70,70,70,70,70,70,70,70,70,75,75,75,75,75,75,75,75,75,75,75,75,80,80,80,80,80,80,80,80,80,80,80,80,80,80,80,80,80,80,80],"card_choices":[{"not_picked":["Deflect","Reflex"],"picked":"Crippling Poison","floor":1.0},{"not_picked":["Riddle With Holes","Prepared"],"picked":"Cloak And Dagger","floor":2.0},{"not_picked":["Bane","PiercingWail"],"picked":"Sucker Punch","floor":3.0},{"not_picked":["All Out Attack","Caltrops"],"picked":"Well Laid Plans","floor":4.0},{"not_picked":["PiercingWail","Flying Knee"],"picked":"Sucker Punch","floor":7.0},{"not_picked":["Well Laid Plans","Sucker Punch","Blade Dance"],"picked":"SKIP","floor":13.0},{"not_picked":["Flying Knee","Dash","Tactician"],"picked":"SKIP","floor":14.0},{"not_picked":["Night Terror","Phantasmal Killer"],"picked":"Malaise","floor":16.0},{"not_picked":[],"picked":"Quick Slash+1","floor":18.0},{"not_picked":[],"picked":"Dagger Spray+1","floor":21.0},{"not_picked":[],"picked":"Quick Slash+1","floor":24.0},{"not_picked":["Distraction"],"picked":"SKIP","floor":30.0},{"not_picked":["Deflect"],"picked":"SKIP","floor":31.0},{"not_picked":["Slice"],"picked":"SKIP","floor":35.0},{"not_picked":["PiercingWail+1"],"picked":"SKIP","floor":37.0},{"not_picked":["Outmaneuver+1"],"picked":"SKIP","floor":38.0}],"player_experience":290289,"relics_obtained":[{"floor":7.0,"key":"Vajra"},{"floor":9.0,"key":"Bottled Lightning"},{"floor":13.0,"key":"Peace Pipe"},{"floor":24.0,"key":"Orichalcum"},{"floor":26.0,"key":"Pantograph"},{"floor":31.0,"key":"Boot"}],"event_choices":[{"damage_healed":0.0,"max_hp_gain":5.0,"max_hp_loss":0.0,"gold_gain":0.0,"event_name":"Big Fish","player_choice":"Donut","floor":10.0,"gold_loss":0.0,"damage_taken":0.0},{"damage_healed":0.0,"max_hp_gain":0.0,"max_hp_loss":0.0,"gold_gain":175.0,"event_name":"Liars Game","player_choice":"AGREE","floor":11.0,"gold_loss":0.0,"damage_taken":0.0,"cards_obtained":["Doubt"]},{"damage_healed":0.0,"max_hp_gain":0.0,"max_hp_loss":0.0,"gold_gain":0.0,"event_name":"Nest","player_choice":"Joined the Cult","floor":20.0,"gold_loss":0.0,"damage_taken":6.0,"cards_obtained":["RitualDagger"]},{"damage_healed":0.0,"max_hp_gain":5.0,"max_hp_loss":0.0,"gold_gain":0.0,"event_name":"Forgotten Altar","player_choice":"Shed Blood","floor":22.0,"gold_loss":0.0,"damage_taken":19.0},{"damage_healed":0.0,"max_hp_gain":0.0,"max_hp_loss":0.0,"gold_gain":100.0,"event_name":"Golden Shrine","player_choice":"Pray","floor":27.0,"gold_loss":0.0,"damage_taken":0.0}],"is_beta":false,"boss_relics":[{"not_picked":["Runic Dome","Calling Bell"],"picked":"Busted Crown"},{"not_picked":["Sozu","Tiny House"],"picked":"Empty Cage"}],"items_purged_floors":[12,19,29,36],"is_endless":false,"potions_floor_spawned":[2,4,13,30,33,38],"killed_by":"Giant Head","ascension_level":6}