{"path_per_floor":["M","M","M","?","?","R","$","?","T","M","?","M","$","?","R","B",null,"M","?","$","M","M","R"],"character_chosen":"IRONCLAD","items_purchased":["Body Slam"],"gold_per_floor":[116,127,143,143,143,143,68,68,93,103,103,116,62,12,12,107,107,118,118,18,34,49,49],"floor_reached":24,"campfire_rested":0,"playtime":1323,"current_hp_per_floor":[77,80,80,85,77,77,77,77,77,64,57,50,50,50,50,62,82,78,78,78,64,36,36],"items_purged":["Strike_R","Writhe"],"gold":49,"score":260,"play_id":"fc00d330-66ca-42a0-965f-aec83c07a78d","is_prod":false,"is_daily":false,"is_ascension_mode":true,"campfire_upgraded":3,"path_taken":["M","M","M","?","?","R","$","?","T","M","?","?","?","?","R","BOSS","M","?","$","?","M","R","E"],"build_version":"2018-02-15-PROD1","purchased_purges":2,"victory":false,"master_deck":["Strike_R","Strike_R","Defend_R","Defend_R","Defend_R","Defend_R","Bash","Battle Trance+1","Iron Wave","Pommel Strike","Feed","Disarm","Body Slam+1","Limit Break+1","Cleave","Warcry+1","True Grit"],"max_hp_per_floor":[80,80,80,85,85,85,85,85,85,85,85,88,88,88,88,88,88,91,91,91,91,94,94],"relics":["Burning Blood","Happy Flower","Sozu","Prayer Wheel"],"card_choices":[{"not_picked":["Warcry","Pummel"],"picked":"Battle Trance"},{"not_picked":["Twin Strike","Power Through"],"picked":"Iron Wave"},{"not_picked":["Thunderclap","Fire Breathing"],"picked":"Pommel Strike"},{"not_picked":["Entrench","Iron Wave"],"picked":"Feed"},{"not_picked":["Intimidate","Feel No Pain"],"picked":"Disarm"},{"not_picked":["Bludgeon","Double Tap"],"picked":"Limit Break"},{"not_picked":["Clothesline","Seeing Red"],"picked":"Cleave"},{"not_picked":["True Grit","Intimidate"],"picked":"Warcry"},{"not_picked":["Bludgeon","Iron Wave"],"picked":"True Grit"}],"player_experience":151157,"potions_floor_usage":[1,16,16,16],"damage_taken":[{"damage":1,"enemies":"Jaw Worm","floor":1,"turns":4},{"damage":3,"enemies":"Small Slimes","floor":2,"turns":4},{"damage":1,"enemies":"Cultist","floor":3,"turns":3},{"damage":19,"enemies":"Lots of Slimes","floor":10,"turns":5},{"damage":16,"enemies":"3 Louse","floor":12,"turns":4},{"damage":9,"enemies":"The Guardian","floor":16,"turns":11},{"damage":13,"enemies":"Shell Parasite","floor":18,"turns":5},{"damage":20,"enemies":"Chosen","floor":21,"turns":6},{"damage":37,"enemies":"Snake Plant","floor":22,"turns":5},{"damage":38,"enemies":"Slavers","floor":24,"turns":3}],"event_choices":[{"event_name":"Big Fish","player_choice":"Donut","floor":4,"damage_taken":0},{"event_name":"Wheel of Change","player_choice":"Damage","floor":5,"damage_taken":0},{"event_name":"Liars Game","player_choice":"disagreed","floor":8,"damage_taken":0},{"event_name":"Golden Wing","player_choice":"Card Removal","floor":11,"damage_taken":0},{"event_name":"The Cleric","player_choice":"Card Removal","floor":14,"damage_taken":0},{"event_name":"The Mausoleum","player_choice":"Yes","floor":19,"damage_taken":0}],"boss_relics":[{"not_picked":["Lizard Tail","Question Card"],"picked":"Sozu"}],"potions_floor_spawned":[2,10,21,22],"seed_played":"-5031103152248305144","killed_by":"Slavers","ascension_level":8,"is_trial":false}