{"gold_per_floor":[115,115,135,148,168,168,184,184,207,207,217,217,244,214],"floor_reached":14,"playtime":788,"items_purged":[],"score":97,"play_id":"144d0db0-e686-40df-9e32-70e198dd7c97","local_time":"20190413131825","is_ascension_mode":true,"campfire_choices":[{"data":"Zap","floor":6,"key":"SMITH"},{"data":"Dualcast","floor":8,"key":"SMITH"},{"floor":10,"key":"RECALL"},{"data":"Redo","floor":12,"key":"SMITH"}],"neow_cost":"NONE","seed_source_timestamp":12092060822624,"circlet_count":0,"master_deck":["Strike_B","Strike_B","Strike_B","Strike_B","Defend_B","Defend_B","Defend_B","Defend_B","Zap+1","Dualcast+1","Echo Form","FTL","Fusion","Auto Shields","Hologram","Cold Snap","Redo+1","Rebound"],"relics":["Cracked Core","NlothsMask","DataDisk"],"potions_floor_usage":[],"damage_taken":[{"damage":1,"enemies":"2 Louse","floor":1,"turns":2},{"damage":0,"enemies":"Cultist","floor":3,"turns":3},{"damage":0,"enemies":"Small Slimes","floor":4,"turns":2},{"damage":5,"enemies":"Looter","floor":5,"turns":3},{"damage":10,"enemies":"Lots of Slimes","floor":7,"turns":4},{"damage":0,"enemies":"Large Slime","floor":11,"turns":5},{"damage":44,"enemies":"3 Sentries","floor":13,"turns":8},{"damage":15,"enemies":"Exordium Thugs","floor":14,"turns":2}],"seed_played":"6135928117050357208","potions_obtained":[{"floor":1,"key":"Dexterity Potion"},{"floor":5,"key":"PowerPotion"},{"floor":7,"key":"Explosive Potion"},{"floor":11,"key":"Energy Potion"}],"is_trial":false,"path_per_floor":["?","M"],"character_chosen":"DEFECT","items_purchased":[],"campfire_rested":0,"item_purchase_floors":[],"current_hp_per_floor":[74,74,74,74,69,69,59,59,59,59,59,59,15,0],"gold":214,"neow_bonus":"ONE_RANDOM_RARE_CARD","is_prod":false,"is_daily":false,"chose_seed":false,"campfire_upgraded":3,"win_rate":0,"timestamp":1555175905,"path_taken":["M","?","M","M","M","R","M","R","T","R","M","R","E","?"],"build_version":"2019-01-23","purchased_purges":0,"victory":false,"max_hp_per_floor":[75,75,75,75,75,75,75,75,75,75,75,75,75,75],"card_choices":[{"not_picked":["Undo","Beam Cell"],"picked":"FTL","floor":1},{"not_picked":["Compile Driver","Blizzard"],"picked":"Fusion","floor":3},{"not_picked":["BootSequence","Streamline"],"picked":"Auto Shields","floor":4},{"not_picked":["Steam Power","Compile Driver"],"picked":"Hologram","floor":5},{"not_picked":["Barrage","Beam Cell"],"picked":"Cold Snap","floor":7},{"not_picked":["Scrape","Compile Driver"],"picked":"Redo","floor":11},{"not_picked":["Streamline","Force Field"],"picked":"Rebound","floor":13}],"player_experience":143936,"relics_obtained":[{"floor":13,"key":"DataDisk"}],"event_choices":[{"damage_healed":0,"gold_gain":0,"player_choice":"Trade","damage_taken":0,"relics_obtained":["NlothsMask"],"max_hp_gain":0,"max_hp_loss":0,"event_name":"FaceTrader","floor":2,"gold_loss":0}],"is_beta":false,"boss_relics":[],"items_purged_floors":[],"is_endless":false,"potions_floor_spawned":[1,5,7,11],"killed_by":"Exordium Thugs","ascension_level":1}