{"gold_per_floor":[110,120,120,138,152,152,176,176,176,176,188,200,43,143,143,273,273,294,294,4,103,127,127,127,140,140,68,84,84,120,120],"floor_reached":31,"playtime":592,"items_purged":["Strike_B"],"score":279,"play_id":"6f5f310f-4d95-4c51-978b-2f69f7200a37","local_time":"20190415154635","is_ascension_mode":true,"campfire_choices":[{"data":"Zap","floor":6,"key":"SMITH"},{"data":"Genetic Algorithm","floor":8,"key":"SMITH"},{"floor":11,"key":"REST"},{"data":"Static Discharge","floor":15,"key":"SMITH"},{"floor":23,"key":"REST"},{"floor":29,"key":"REST"}],"neow_cost":"NONE","seed_source_timestamp":333050427915801,"circlet_count":0,"master_deck":["Strike_B","Strike_B+1","Strike_B","Defend_B","Defend_B","Defend_B","Defend_B","Zap+1","Dualcast","Loop","Gash+1","Sweeping Beam","Go for the Eyes","Genetic Algorithm+1","Static Discharge+1","Ball Lightning","Core Surge","Sweeping Beam","Steam","Coolheaded","Beam Cell","Ball Lightning","Capacitor+1","Defragment+1","Cold Snap+1"],"relics":["Cracked Core","NeowsBlessing","Golden Idol","Whetstone","MawBank","Runic Pyramid","Emotion Chip","Frozen Egg 2","Incense Burner","Question Card"],"potions_floor_usage":[],"damage_taken":[{"damage":0,"enemies":"Jaw Worm","floor":1,"turns":1},{"damage":0,"enemies":"2 Louse","floor":2,"turns":1},{"damage":0,"enemies":"Small Slimes","floor":4,"turns":1},{"damage":13,"enemies":"2 Fungi Beasts","floor":5,"turns":3},{"damage":9,"enemies":"Red Slaver","floor":7,"turns":3},{"damage":17,"enemies":"Slime Boss","floor":16,"turns":8},{"damage":7,"enemies":"Chosen","floor":18,"turns":4},{"damage":37,"enemies":"2 Thieves","floor":22,"turns":3},{"damage":11,"enemies":"Sentry and Sphere","floor":25,"turns":4},{"damage":34,"enemies":"3 Cultists","floor":28,"turns":5},{"damage":25,"enemies":"Book of Stabbing","floor":30,"turns":4},{"damage":11,"enemies":"Snake Plant","floor":31,"turns":1}],"seed_played":"-8286610020678649694","potions_obtained":[{"floor":5,"key":"Energy Potion"},{"floor":28,"key":"Energy Potion"},{"floor":30,"key":"PowerPotion"}],"is_trial":false,"path_per_floor":["M","M","?","M","M","R","M","R","T","?","R","?","$","?","R","B",null,"M","T","$","?","M","R","?","M","T","$","M","R","E","M"],"character_chosen":"DEFECT","items_purchased":["Static Discharge","Ball Lightning","Frozen Egg 2","Steam","Capacitor+1"],"campfire_rested":3,"item_purchase_floors":[13,13,20,20,27],"current_hp_per_floor":[75,75,57,57,44,44,35,35,35,23,45,70,70,70,70,53,75,68,68,68,68,31,53,53,42,42,42,8,30,5,0],"gold":120,"neow_bonus":"THREE_ENEMY_KILL","is_prod":false,"is_daily":false,"chose_seed":false,"campfire_upgraded":3,"win_rate":0,"timestamp":1555361195,"path_taken":["M","M","?","M","M","R","M","R","T","?","R","?","$","?","R","BOSS","M","?","$","?","M","R","?","M","T","$","?","R","E","M"],"build_version":"2019-01-23","purchased_purges":1,"victory":false,"max_hp_per_floor":[75,75,75,75,75,75,75,75,75,75,75,75,75,75,75,75,75,75,75,75,75,75,75,75,75,75,75,75,75,75,75],"card_choices":[{"not_picked":["Redo","Turbo"],"picked":"Loop","floor":1},{"not_picked":["Turbo","Rebound"],"picked":"Gash","floor":2},{"not_picked":["BootSequence","White Noise"],"picked":"Sweeping Beam","floor":4},{"not_picked":["Barrage","Blizzard"],"picked":"Go for the Eyes","floor":5},{"not_picked":["Undo","Barrage"],"picked":"Genetic Algorithm","floor":7},{"not_picked":["Fission","All For One"],"picked":"Core Surge","floor":16},{"not_picked":["Leap","Compile Driver"],"picked":"Sweeping Beam","floor":18},{"not_picked":["Loop+1","Stack+1"],"picked":"Coolheaded","floor":22},{"not_picked":["Barrage+1","Steam"],"picked":"Ball Lightning","floor":25},{"not_picked":["Chill+1","Rebound"],"picked":"Defragment+1","floor":28},{"not_picked":["Hologram","Stack"],"picked":"Cold Snap+1","floor":30}],"player_experience":186862,"relics_obtained":[{"floor":9,"key":"Whetstone"},{"floor":19,"key":"Emotion Chip"},{"floor":26,"key":"Incense Burner"},{"floor":30,"key":"Question Card"}],"event_choices":[{"damage_healed":0,"gold_gain":0,"player_choice":"Take Damage","damage_taken":18,"relics_obtained":["Golden Idol"],"max_hp_gain":0,"max_hp_loss":0,"event_name":"Golden Idol","floor":3,"gold_loss":0},{"damage_healed":0,"gold_gain":0,"player_choice":"Success","damage_taken":12,"relics_obtained":["MawBank"],"max_hp_gain":0,"max_hp_loss":0,"event_name":"Scrap Ooze","floor":10,"gold_loss":0},{"damage_healed":25,"gold_gain":0,"player_choice":"Banana","damage_taken":0,"max_hp_gain":0,"max_hp_loss":0,"event_name":"Big Fish","floor":12,"gold_loss":0},{"damage_healed":0,"gold_gain":100,"player_choice":"Pray","damage_taken":0,"max_hp_gain":0,"max_hp_loss":0,"event_name":"Golden Shrine","floor":14,"gold_loss":0},{"damage_healed":0,"gold_gain":99,"player_choice":"Stole From Cult","damage_taken":0,"max_hp_gain":0,"max_hp_loss":0,"event_name":"Nest","floor":21,"gold_loss":0},{"damage_healed":0,"gold_gain":0,"player_choice":"1 cards matched","damage_taken":0,"max_hp_gain":0,"max_hp_loss":0,"event_name":"Match and Keep!","floor":24,"gold_loss":0,"cards_obtained":["Beam Cell"]}],"is_beta":false,"boss_relics":[{"not_picked":["Coffee Dripper","Busted Crown"],"picked":"Runic Pyramid"}],"items_purged_floors":[13],"is_endless":false,"potions_floor_spawned":[5,28,30],"killed_by":"Snake Plant","ascension_level":3}