{"path_per_floor":["M","M","$","M","M","R","E","R","T","E","?","M","M","M","R","B",null,"M","M","?","M","$","R","M","M","T","?","$","M","E","M","R"],"character_chosen":"DEFECT","items_purchased":["Sweeping Beam"],"gold_per_floor":[118,135,9,23,36,36,63,63,63,90,90,100,112,132,132,237,237,248,261,288,304,204,204,215,228,228,228,103,119,145,163,163,163],"floor_reached":33,"campfire_rested":3,"playtime":2360,"item_purchase_floors":[],"current_hp_per_floor":[60,60,60,59,45,45,19,41,41,34,27,27,27,19,19,17,61,61,47,17,17,17,39,41,33,33,58,58,55,48,27,49,0],"items_purged":["Strike_B","Defend_B","Defend_B"],"gold":163,"score":478,"play_id":"91fe725d-1739-4768-92de-2ce981dbfd2a","local_time":"20180527004621","is_prod":false,"is_daily":false,"chose_seed":false,"is_ascension_mode":true,"campfire_upgraded":2,"win_rate":0,"timestamp":1527374781,"campfire_choices":[{"data":"Streamline","floor":6.0,"key":"SMITH"},{"floor":8.0,"key":"REST"},{"data":"Darkness","floor":15.0,"key":"SMITH"},{"floor":23,"key":"REST"},{"floor":32,"key":"REST"}],"path_taken":["M","M","$","M","M","R","E","R","T","E","?","M","M","M","R","BOSS","M","M","?","M","$","R","M","M","T","?","$","M","E","M","R","BOSS"],"build_version":"2018-05-25","seed_source_timestamp":0,"purchased_purges":3,"victory":false,"master_deck":["Strike_B","Defend_B+1","Defend_B","Zap","Dualcast+1","AscendersBane","Seek","Leap","Streamline+1","Sweeping Beam","Leap","Darkness+1","Undo","Melter","Hyperbeam","Auto Shields","Leap","Self Repair","Leap+1","Recycle","Rebound+1"],"max_hp_per_floor":[75,75,75,75,75,75,75,75,75,75,75,75,75,75,75,75,75,75,75,75,75,75,75,75,75,75,75,75,75,75,75,75,75],"relics":["Cracked Core","War Paint","Juzu Bracelet","Gremlin Horn","Velvet Choker","Red Mask","Ice Cream","Dream Catcher"],"card_choices":[{"not_picked":["Skim","Scrape"],"picked":"Leap","floor":1.0},{"not_picked":["Compile Driver","Coolheaded"],"picked":"Streamline","floor":2.0},{"not_picked":["Doom and Gloom","Fusion"],"picked":"Leap","floor":4.0},{"not_picked":["Leap","Ball Lightning"],"picked":"Darkness","floor":5.0},{"not_picked":["Streamline","Cold Snap"],"picked":"Undo","floor":7.0},{"not_picked":["Leap","Ball Lightning"],"picked":"Melter","floor":10.0},{"not_picked":["Hello World","Stack","Storm"],"picked":"SKIP","floor":12.0},{"not_picked":["Sunder","Sweeping Beam","Steam"],"picked":"SKIP","floor":13.0},{"not_picked":["Redo","Steam Power","Beam Cell"],"picked":"SKIP","floor":14.0},{"not_picked":["Machine Learning","Electrodynamics"],"picked":"Hyperbeam","floor":16.0},{"not_picked":["BootSequence","Leap"],"picked":"Auto Shields","floor":18.0},{"not_picked":["Compile Driver","Rebound"],"picked":"Leap","floor":19},{"not_picked":["Compile Driver","Recycle"],"picked":"Self Repair","floor":20},{"not_picked":["Auto Shields","Reinforced Body+1"],"picked":"Leap+1","floor":21},{"not_picked":["Redo","Turbo","Hologram+1"],"picked":"SKIP","floor":24},{"not_picked":["Go for the Eyes","Static Discharge","Gash"],"picked":"SKIP","floor":25},{"not_picked":["Reprogram","Hologram","Go for the Eyes"],"picked":"SKIP","floor":29},{"not_picked":["Darkness","Biased Cognition"],"picked":"Recycle","floor":30},{"not_picked":["Rebound","Redo","Turbo"],"picked":"SKIP","floor":31},{"not_picked":["Stack","Reboot"],"picked":"Rebound+1","floor":32}],"player_experience":139611,"potions_floor_usage":[20,20,29,33],"damage_taken":[{"damage":8.0,"enemies":"2 Louse","floor":1.0,"turns":2.0},{"damage":0.0,"enemies":"Jaw Worm","floor":2.0,"turns":4.0},{"damage":1.0,"enemies":"Cultist","floor":4.0,"turns":3.0},{"damage":14.0,"enemies":"Exordium Thugs","floor":5.0,"turns":7.0},{"damage":26.0,"enemies":"Gremlin Nob","floor":7.0,"turns":4.0},{"damage":7.0,"enemies":"Lagavulin","floor":10.0,"turns":7.0},{"damage":0.0,"enemies":"Looter","floor":12.0,"turns":4.0},{"damage":0.0,"enemies":"3 Louse","floor":13.0,"turns":2.0},{"damage":8.0,"enemies":"Exordium Wildlife","floor":14.0,"turns":3.0},{"damage":2.0,"enemies":"The Guardian","floor":16.0,"turns":10.0},{"damage":0.0,"enemies":"Spheric Guardian","floor":18.0,"turns":2.0},{"damage":14,"enemies":"2 Thieves","floor":19,"turns":4},{"damage":30,"enemies":"Masked Bandits","floor":20,"turns":4},{"damage":0,"enemies":"Snake Plant","floor":21,"turns":4},{"damage":5,"enemies":"Centurion and Healer","floor":24,"turns":7},{"damage":8,"enemies":"Chosen and Byrds","floor":25,"turns":5},{"damage":10,"enemies":"Cultist and Chosen","floor":29,"turns":5},{"damage":14,"enemies":"Gremlin Leader","floor":30,"turns":7},{"damage":28,"enemies":"Snecko","floor":31,"turns":7},{"damage":50,"enemies":"Champ","floor":33,"turns":10}],"relics_obtained":[{"floor":7.0,"key":"War Paint"},{"floor":9.0,"key":"Juzu Bracelet"},{"floor":10.0,"key":"Gremlin Horn"},{"floor":20,"key":"Red Mask"},{"floor":26,"key":"Ice Cream"},{"floor":30,"key":"Dream Catcher"}],"event_choices":[{"event_name":"Golden Wing","player_choice":"Card Removal","floor":11.0,"damage_taken":0.0},{"event_name":"Masked Bandits","player_choice":"Fought over 261 gold","floor":20,"damage_taken":0},{"event_name":"The Library","player_choice":"Heal","floor":27,"damage_taken":0}],"boss_relics":[],"items_purged_floors":[],"potions_floor_spawned":[1,2,7,10,14,19,21,24,30],"seed_played":"1260904355114693442","killed_by":"Champ","ascension_level":12,"potions_obtained":[{"floor":1.0,"key":"GamblersBrew"},{"floor":2.0,"key":"AttackPotion"},{"floor":7.0,"key":"Explosive Potion"},{"floor":10.0,"key":"Dexterity Potion"},{"floor":14.0,"key":"Dexterity Potion"},{"floor":19,"key":"Dexterity Potion"},{"floor":21,"key":"Explosive Potion"},{"floor":24,"key":"LiquidBronze"},{"floor":30,"key":"Poison Potion"}],"is_trial":false}