{"gold_per_floor":[111,286,300,225,300,300,318,332,332,348,23,0,0,12,12,116,116,132,145,145,161,176,176,176,176,176,192,92,92,109,126,126,226,226,244,244,119,119,139,139],"floor_reached":40,"playtime":1617,"items_purged":["Doubt","Strike_R","Strike_R"],"score":380,"play_id":"431a89e2-0af0-42ba-b224-cd051bfe369f","local_time":"20190310161016","is_ascension_mode":false,"campfire_choices":[{"data":"Bash","floor":6,"key":"SMITH"},{"data":"Immolate","floor":13,"key":"SMITH"},{"data":"Headbutt","floor":15,"key":"SMITH"},{"data":"Demon Form","floor":23,"key":"SMITH"},{"data":"Shrug It Off","floor":25,"key":"SMITH"},{"data":"Clothesline","floor":32,"key":"SMITH"}],"neow_cost":"NONE","seed_source_timestamp":54838327284429,"circlet_count":0,"master_deck":["Strike_R","Strike_R","Defend_R","Defend_R","Defend_R","Defend_R","Bash+1","Headbutt","Shrug It Off+1","Headbutt+1","Sever Soul","Immolate+1","Mayhem","Demon Form+1","Bash+1","Impervious","Entrench","Clothesline+1","Feed"],"relics":["Snecko Eye"],"potions_floor_usage":[10,14,30,33,40,40,40],"damage_taken":[{"damage":5,"enemies":"Small Slimes","floor":1,"turns":3},{"damage":8,"enemies":"2 Louse","floor":3,"turns":3},{"damage":0,"enemies":"Cultist","floor":7,"turns":2},{"damage":5,"enemies":"Exordium Thugs","floor":8,"turns":5},{"damage":0,"enemies":"Blue Slaver","floor":10,"turns":1},{"damage":5,"enemies":"Gremlin Gang","floor":14,"turns":2},{"damage":33,"enemies":"Hexaghost","floor":16,"turns":5},{"damage":2,"enemies":"Shell Parasite","floor":18,"turns":3},{"damage":10,"enemies":"Chosen","floor":19,"turns":3},{"damage":10,"enemies":"3 Cultists","floor":21,"turns":3},{"damage":0,"enemies":"Snecko","floor":22,"turns":3},{"damage":3,"enemies":"Centurion and Healer","floor":27,"turns":3},{"damage":11,"enemies":"Snake Plant","floor":30,"turns":4},{"damage":0,"enemies":"Snecko","floor":31,"turns":4},{"damage":24,"enemies":"Champ","floor":33,"turns":6},{"damage":11,"enemies":"Orb Walker","floor":35,"turns":4},{"damage":52,"enemies":"3 Darklings","floor":39,"turns":5},{"damage":30,"enemies":"Reptomancer","floor":40,"turns":2}],"seed_played":"6699473533993197134","potions_obtained":[{"floor":3,"key":"SteroidPotion"},{"floor":8,"key":"Fire Potion"},{"floor":10,"key":"SkillPotion"},{"floor":19,"key":"Strength Potion"},{"floor":21,"key":"EssenceOfSteel"},{"floor":33,"key":"Dexterity Potion"},{"floor":35,"key":"Dexterity Potion"}],"is_trial":false,"path_per_floor":["M","?","M","$","?","R","M","M","T","M","$","?","R","M","R","B",null,"M","M","?","M","M","R","?","R","T","M","$","$","M","M","R","B",null,"M","?","$","?","M","E"],"character_chosen":"IRONCLAD","items_purchased":["Immolate","Mayhem"],"campfire_rested":0,"item_purchase_floors":[11,11],"current_hp_per_floor":[75,75,67,67,59,59,59,54,54,54,54,54,54,49,49,16,80,78,68,68,58,58,58,80,80,80,77,77,77,66,66,66,42,80,69,69,69,69,17,0],"gold":139,"neow_bonus":"BOSS_RELIC","is_prod":false,"is_daily":false,"chose_seed":false,"campfire_upgraded":6,"win_rate":0,"timestamp":1552248616,"path_taken":["M","?","M","$","?","R","M","M","T","?","?","?","R","M","R","BOSS","M","M","?","M","?","R","?","R","T","M","?","$","M","M","R","BOSS","M","?","$","?","M","E"],"build_version":"2019-01-23","purchased_purges":3,"victory":false,"max_hp_per_floor":[80,80,80,80,80,80,80,80,80,80,80,80,80,80,80,80,80,80,80,80,80,80,80,80,80,80,80,80,80,80,80,80,80,80,80,80,80,80,80,80],"card_choices":[{"not_picked":["Anger","Heavy Blade"],"picked":"Headbutt","floor":1},{"not_picked":["Clash","Hemokinesis","Spot Weakness"],"picked":"SKIP","floor":3},{"not_picked":["Twin Strike","Spot Weakness"],"picked":"Shrug It Off","floor":7},{"not_picked":["Perfected Strike","Dual Wield"],"picked":"Headbutt","floor":8},{"not_picked":["Intimidate","Feel No Pain"],"picked":"Sever Soul","floor":10},{"not_picked":["Hemokinesis","Anger","Second Wind"],"picked":"SKIP","floor":14},{"not_picked":["Impervious","Bludgeon"],"picked":"Demon Form","floor":16},{"not_picked":["Havoc","Clash","Warcry"],"picked":"SKIP","floor":18},{"not_picked":["Shrug It Off","Iron Wave+1","Flex"],"picked":"SKIP","floor":19},{"not_picked":["Intimidate+1","Thunderclap+1","Reckless Charge"],"picked":"SKIP","floor":21},{"not_picked":["Intimidate","Pommel Strike"],"picked":"Impervious","floor":22},{"not_picked":["Ghostly Armor","True Grit"],"picked":"Entrench","floor":27},{"not_picked":["Shrug It Off+1","Searing Blow+1"],"picked":"Clothesline","floor":30},{"not_picked":["Havoc","Clothesline+1","Armaments"],"picked":"SKIP","floor":31},{"not_picked":["Reaper","Immolate"],"picked":"Feed","floor":33},{"not_picked":["Hemokinesis","Rupture+1","Iron Wave"],"picked":"SKIP","floor":35},{"not_picked":["Iron Wave","Perfected Strike","True Grit"],"picked":"SKIP","floor":39}],"player_experience":856753,"relics_obtained":[],"event_choices":[{"damage_healed":0,"gold_gain":175,"player_choice":"AGREE","damage_taken":0,"max_hp_gain":0,"max_hp_loss":0,"event_name":"Liars Game","floor":2,"gold_loss":0,"cards_obtained":["Doubt"]},{"damage_healed":0,"gold_gain":75,"player_choice":"Touch","damage_taken":8,"max_hp_gain":0,"max_hp_loss":0,"event_name":"FaceTrader","floor":5,"gold_loss":0},{"damage_healed":0,"gold_gain":0,"player_choice":"Left Gold","damage_taken":0,"max_hp_gain":0,"max_hp_loss":0,"event_name":"World of Goop","floor":12,"gold_loss":23},{"damage_healed":0,"gold_gain":0,"player_choice":"Copied","damage_taken":0,"max_hp_gain":0,"max_hp_loss":0,"event_name":"Duplicator","floor":20,"gold_loss":0,"cards_obtained":["Bash"]},{"damage_healed":26,"gold_gain":0,"player_choice":"Heal","damage_taken":0,"max_hp_gain":0,"max_hp_loss":0,"event_name":"The Library","floor":24,"gold_loss":0},{"cards_removed":["Strike_R"],"damage_healed":0,"gold_gain":0,"player_choice":"Removed Attack","damage_taken":0,"max_hp_gain":0,"max_hp_loss":0,"event_name":"Falling","floor":36,"gold_loss":0},{"damage_healed":0,"gold_gain":0,"player_choice":"Ignored","damage_taken":0,"max_hp_gain":0,"max_hp_loss":0,"event_name":"Tomb of Lord Red Mask","floor":38,"gold_loss":0}],"is_beta":false,"boss_relics":[{"not_picked":[]},{"not_picked":[]}],"items_purged_floors":[4,28,37],"is_endless":false,"potions_floor_spawned":[3,8,10,19,21,27,33,35],"killed_by":"Reptomancer","ascension_level":0}