{"gold_per_floor":[115,115,131,27,27,27,55,55,55,55,71,103,116,144,144,222,222,239,259,11,22,22,22,42,42,65,65,65,76,76,76],"floor_reached":31,"playtime":1543,"items_purged":["Strike_B"],"score":556,"play_id":"36ddbec3-042a-44c8-9f67-69b98445335a","local_time":"20190116231119","is_ascension_mode":true,"campfire_choices":[{"data":"Zap","floor":6,"key":"SMITH"},{"data":"Doom and Gloom","floor":8,"key":"SMITH"},{"data":"Coolheaded","floor":10,"key":"SMITH"},{"floor":15,"key":"REST"},{"data":"Defragment","floor":25,"key":"SMITH"},{"floor":27,"key":"REST"},{"data":"Capacitor","floor":30,"key":"SMITH"}],"neow_cost":"NONE","seed_source_timestamp":555764331328568,"circlet_count":0,"master_deck":["AscendersBane","Strike_B","Strike_B","Defend_B","Defend_B+1","Defend_B+1","Defend_B+1","Zap+1","Dualcast","Coolheaded+1","Doom and Gloom+1","Ball Lightning","FTL","Go for the Eyes","FTL","Capacitor+1","Core Surge","Steam+1","Conserve Battery+1","Defragment+1"],"relics":["Cracked Core","NeowsBlessing","Smiling Mask","Unceasing Top","Pear","Oddly Smooth Stone","Empty Cage","Membership Card","War Paint"],"potions_floor_usage":[14,14,16,24,29,29],"damage_taken":[{"damage":0,"enemies":"2 Louse","floor":1,"turns":1},{"damage":0,"enemies":"Small Slimes","floor":3,"turns":1},{"damage":0,"enemies":"Gremlin Nob","floor":7,"turns":1},{"damage":0,"enemies":"Cultist","floor":11,"turns":2},{"damage":12,"enemies":"3 Sentries","floor":12,"turns":4},{"damage":10,"enemies":"Lots of Slimes","floor":13,"turns":2},{"damage":27,"enemies":"Gremlin Nob","floor":14,"turns":4},{"damage":15,"enemies":"Slime Boss","floor":16,"turns":6},{"damage":3,"enemies":"Spheric Guardian","floor":18,"turns":3},{"damage":26,"enemies":"2 Thieves","floor":19,"turns":3},{"damage":9,"enemies":"Snecko","floor":21,"turns":4},{"damage":12,"enemies":"Centurion and Healer","floor":24,"turns":7},{"damage":9,"enemies":"Chosen and Byrds","floor":29,"turns":6},{"damage":36,"enemies":"3 Cultists","floor":31,"turns":4}],"seed_played":"5181418678101792897","potions_obtained":[{"floor":11,"key":"SpeedPotion"},{"floor":13,"key":"PowerPotion"},{"floor":14,"key":"Swift Potion"},{"floor":16,"key":"SpeedPotion"},{"floor":24,"key":"SkillPotion"}],"is_trial":false,"path_per_floor":["M","?","M","$","?","R","E","R","T","R","M","E","M","E","R","B",null,"M","M","$","M","?","?","M","R","T","R","?","M","R","M"],"character_chosen":"DEFECT","items_purchased":["Ball Lightning","Membership Card","Block Potion"],"campfire_rested":2,"item_purchase_floors":[4,20,20],"current_hp_per_floor":[64,43,43,43,43,43,43,43,43,43,43,41,31,4,28,13,64,61,35,35,26,26,26,14,14,14,38,38,29,29,0],"gold":76,"neow_bonus":"THREE_ENEMY_KILL","is_prod":false,"is_daily":false,"chose_seed":false,"campfire_upgraded":5,"win_rate":0,"timestamp":1547676679,"path_taken":["M","?","M","$","?","R","E","R","T","R","?","E","M","E","R","BOSS","M","M","$","?","?","?","?","R","T","R","?","M","R","?"],"build_version":"2019-01-10","purchased_purges":1,"victory":false,"max_hp_per_floor":[71,71,71,71,71,71,71,71,71,71,71,81,81,81,81,81,81,81,81,81,81,81,81,81,81,81,81,81,81,81,81],"card_choices":[{"not_picked":["Double Energy","Redo"],"picked":"Coolheaded","floor":1},{"not_picked":["Chill","Streamline"],"picked":"Doom and Gloom","floor":3},{"not_picked":["Compile Driver","Conserve Battery"],"picked":"FTL","floor":7},{"not_picked":["Gash","Stack"],"picked":"Go for the Eyes","floor":11},{"not_picked":["Turbo","White Noise"],"picked":"FTL","floor":12},{"not_picked":["Barrage","Compile Driver","Static Discharge"],"picked":"SKIP","floor":13},{"not_picked":["Aggregate","Machine Learning"],"picked":"Capacitor","floor":14},{"not_picked":["Meteor Strike","Creative AI"],"picked":"Core Surge","floor":16},{"not_picked":["FTL","Gash+1"],"picked":"Steam+1","floor":18},{"not_picked":["Turbo","Lockon"],"picked":"Conserve Battery","floor":19},{"not_picked":["Rebound","Ball Lightning","Steam"],"picked":"SKIP","floor":21},{"not_picked":["Steam Power+1","Go for the Eyes","Barrage"],"picked":"SKIP","floor":24},{"not_picked":["Go for the Eyes","Turbo","Beam Cell"],"picked":"SKIP","floor":29}],"player_experience":457289,"relics_obtained":[{"floor":7,"key":"Smiling Mask"},{"floor":9,"key":"Unceasing Top"},{"floor":12,"key":"Pear"},{"floor":14,"key":"Oddly Smooth Stone"},{"floor":26,"key":"War Paint"}],"event_choices":[{"damage_healed":0,"gold_gain":0,"player_choice":"Entered Light","damage_taken":21,"max_hp_gain":0,"max_hp_loss":0,"event_name":"Shining Light","floor":2,"gold_loss":0,"cards_upgraded":["Defend_B","Defend_B"]},{"damage_healed":0,"gold_gain":0,"player_choice":"1 cards matched","damage_taken":0,"max_hp_gain":0,"max_hp_loss":0,"event_name":"Match and Keep!","floor":5,"gold_loss":0,"cards_obtained":["Clumsy"]},{"damage_healed":0,"gold_gain":0,"player_choice":"Smashed Altar","damage_taken":0,"max_hp_gain":0,"max_hp_loss":0,"event_name":"Forgotten Altar","floor":22,"gold_loss":0,"cards_obtained":["Decay"]},{"damage_healed":0,"gold_gain":0,"player_choice":"Read","damage_taken":0,"max_hp_gain":0,"max_hp_loss":0,"event_name":"The Library","floor":23,"gold_loss":0,"cards_obtained":["Defragment"]},{"cards_removed":["Decay"],"damage_healed":0,"gold_gain":0,"player_choice":"Removed Curses","damage_taken":0,"max_hp_gain":0,"max_hp_loss":0,"event_name":"Fountain of Cleansing","floor":28,"gold_loss":0}],"is_beta":false,"boss_relics":[{"not_picked":["Lizard Tail","Calling Bell"],"picked":"Empty Cage"}],"items_purged_floors":[4],"is_endless":false,"potions_floor_spawned":[11,13,14,16,24],"killed_by":"3 Cultists","ascension_level":20}