{"gold_per_floor":[10,25,25,42,55,83,83,15,15,28,38,51,76,76,76,178,178,192,192,206,206,206,206,206,206,206,220,232,249,260,279,279,378,378,390,390,405,17,67,67,117,117,144,5,71,71,90,0,0,0],"floor_reached":50,"playtime":6643,"items_purged":[],"score":496,"play_id":"76f9d345-42da-41eb-b350-49ee328969e9","local_time":"20190322143611","is_ascension_mode":false,"campfire_choices":[{"floor":7,"key":"REST"},{"floor":15,"key":"REST"},{"floor":23,"key":"REST"},{"floor":25,"key":"REST"},{"floor":32,"key":"REST"},{"floor":40,"key":"REST"},{"data":"Defend_G","floor":42,"key":"PURGE"},{"floor":46,"key":"REST"},{"floor":49,"key":"REST"}],"neow_cost":"NO_GOLD","seed_source_timestamp":9993197667635,"circlet_count":0,"master_deck":["Defend_G","Defend_G","Defend_G","Defend_G+1","Strike_G","Strike_G+1","Strike_G","Strike_G","Survivor","Neutralize","Blur","Deflect+1","Poisoned Stab","Tools of the Trade","Backstab","Well Laid Plans+1","Dagger Spray","Outmaneuver","Backflip","Die Die Die","Blade Dance+1","Swift Strike","Dramatic Entrance","Blind","Finisher+1","Flying Knee","Noxious Fumes","Terror","Prepared","Leg Sweep+1","Night Terror","Backstab+1","Deadly Poison","Violence","Enlightenment","Madness","Madness","Sadistic Nature","All Out Attack+1","Backflip+1"],"relics":["Ring of the Snake","Unceasing Top","Peace Pipe","Paper Crane","Bag of Marbles","Fusion Hammer","Enchiridion","Sundial","The Specimen","Bottled Tornado","Black Star","SsserpentHead","Whetstone","Omamori","Red Mask"],"potions_floor_usage":[6,16,31,33,33,45,50],"damage_taken":[{"damage":0,"enemies":"Small Slimes","floor":1,"turns":3},{"damage":2,"enemies":"Jaw Worm","floor":2,"turns":7},{"damage":6,"enemies":"2 Louse","floor":4,"turns":2},{"damage":2,"enemies":"Blue Slaver","floor":5,"turns":4},{"damage":15,"enemies":"Lagavulin","floor":6,"turns":12},{"damage":11,"enemies":"Lots of Slimes","floor":10,"turns":5},{"damage":1,"enemies":"Looter","floor":11,"turns":3},{"damage":4,"enemies":"2 Fungi Beasts","floor":12,"turns":3},{"damage":14,"enemies":"Hexaghost","floor":16,"turns":13},{"damage":0,"enemies":"Shell Parasite","floor":18,"turns":6},{"damage":0,"enemies":"Chosen","floor":20,"turns":2},{"damage":6,"enemies":"Centurion and Healer","floor":27,"turns":5},{"damage":10,"enemies":"Chosen and Byrds","floor":28,"turns":3},{"damage":0,"enemies":"Snecko","floor":29,"turns":4},{"damage":5,"enemies":"Sentry and Sphere","floor":30,"turns":4},{"damage":12,"enemies":"Snake Plant","floor":31,"turns":4},{"damage":27,"enemies":"Automaton","floor":33,"turns":9},{"damage":9,"enemies":"Orb Walker","floor":35,"turns":2},{"damage":12,"enemies":"3 Shapes","floor":37,"turns":2},{"damage":20,"enemies":"Transient","floor":45,"turns":5},{"damage":0,"enemies":"Jaw Worm Horde","floor":47,"turns":2},{"damage":78,"enemies":"Donu and Deca","floor":50,"turns":8}],"seed_played":"-4000601302430370712","potions_obtained":[{"floor":1,"key":"Block Potion"},{"floor":4,"key":"Regen Potion"},{"floor":5,"key":"SkillPotion"},{"floor":10,"key":"Weak Potion"},{"floor":11,"key":"Poison Potion"},{"floor":20,"key":"AttackPotion"},{"floor":28,"key":"SkillPotion"},{"floor":35,"key":"SpeedPotion"},{"floor":47,"key":"Explosive Potion"}],"is_trial":false,"path_per_floor":["?","T","?","?","M","?","?","?","M","M","?","$","?","?","$","M","?"],"character_chosen":"THE_SILENT","items_purchased":["Well Laid Plans","Violence","Enlightenment","Whetstone","Sadistic Nature"],"campfire_rested":8,"item_purchase_floors":[8,38,38,38,44],"current_hp_per_floor":[70,68,68,62,60,45,66,66,66,55,54,50,50,36,57,43,70,70,42,42,26,26,47,47,68,68,62,52,52,47,35,56,29,70,61,61,49,49,49,70,61,61,61,61,41,62,62,62,70,0],"gold":0,"neow_bonus":"ONE_RARE_RELIC","is_prod":false,"is_daily":false,"chose_seed":false,"campfire_upgraded":0,"win_rate":0.0,"timestamp":1553279771,"path_taken":["M","M","?","M","M","E","R","$","T","M","M","M","?","?","R","BOSS","M","?","?","?","?","R","?","R","T","M","?","M","?","M","R","BOSS","M","?","M","?","?","R","?","R","T","?","?","R","M","?","R","BOSS"],"build_version":"2019-01-23","purchased_purges":0,"victory":false,"max_hp_per_floor":[70,70,70,70,70,70,70,70,70,70,70,70,70,70,70,70,70,70,70,70,70,70,70,70,70,70,70,70,70,70,70,70,70,70,70,70,70,70,70,70,70,70,70,70,70,70,70,70,70,70],"card_choices":[{"not_picked":["Crippling Poison","Bouncing Flask"],"picked":"Blur","floor":1},{"not_picked":["Underhanded Strike","Sucker Punch"],"picked":"Deflect","floor":2},{"not_picked":["PiercingWail","Underhanded Strike"],"picked":"Poisoned Stab","floor":4},{"not_picked":["Endless Agony","Bouncing Flask"],"picked":"Tools of the Trade","floor":5},{"not_picked":["Footwork","Heel Hook"],"picked":"Backstab","floor":6},{"not_picked":["Predator","Poisoned Stab"],"picked":"Dagger Spray","floor":10},{"not_picked":["Reflex","Expertise"],"picked":"Outmaneuver","floor":11},{"not_picked":["Blade Dance","Underhanded Strike"],"picked":"Backflip","floor":12},{"not_picked":["Glass Knife","Doppelganger"],"picked":"Die Die Die","floor":16},{"not_picked":["Flying Knee+1","Slice"],"picked":"Blade Dance+1","floor":18},{"not_picked":["Dodge and Roll","Acrobatics+1"],"picked":"Finisher+1","floor":20},{"not_picked":["Deflect","Eviscerate+1"],"picked":"Flying Knee","floor":27},{"not_picked":["Quick Slash","Footwork"],"picked":"Noxious Fumes","floor":28},{"not_picked":["Slice","Dodge and Roll"],"picked":"Terror","floor":29},{"not_picked":["Quick Slash","Deflect+1"],"picked":"Prepared","floor":30},{"not_picked":["Tactician","Dash"],"picked":"Leg Sweep+1","floor":31},{"not_picked":["Phantasmal Killer","Burst"],"picked":"Night Terror","floor":33},{"not_picked":["PiercingWail+1","Slice+1"],"picked":"Backstab","floor":35},{"not_picked":["Sucker Punch","Glass Knife"],"picked":"Deadly Poison","floor":37},{"not_picked":["Underhanded Strike","Bouncing Flask"],"picked":"All Out Attack+1","floor":45},{"not_picked":["Dagger Spray","Prepared"],"picked":"Backflip+1","floor":47}],"player_experience":17546,"relics_obtained":[{"floor":6,"key":"Peace Pipe"},{"floor":9,"key":"Paper Crane"},{"floor":13,"key":"Bag of Marbles"},{"floor":21,"key":"Enchiridion"},{"floor":26,"key":"Bottled Tornado"},{"floor":43,"key":"Omamori"}],"event_choices":[{"damage_healed":0,"gold_gain":0,"player_choice":"Grow","damage_taken":0,"max_hp_gain":0,"max_hp_loss":0,"event_name":"Living Wall","floor":3,"gold_loss":0,"cards_upgraded":["Deflect"]},{"damage_healed":0,"gold_gain":0,"player_choice":"Entered Light","damage_taken":14,"max_hp_gain":0,"max_hp_loss":0,"event_name":"Shining Light","floor":14,"gold_loss":0,"cards_upgraded":["Defend_G","Well Laid Plans"]},{"damage_healed":0,"gold_gain":0,"player_choice":"CARD CARD CARD ","damage_taken":28,"max_hp_gain":0,"max_hp_loss":0,"event_name":"Knowing Skull","floor":19,"potions_obtained":[],"gold_loss":0,"cards_obtained":["Swift Strike","Dramatic Entrance","Blind"]},{"damage_healed":0,"gold_gain":0,"player_choice":"Obtained Book","damage_taken":16,"max_hp_gain":0,"max_hp_loss":0,"event_name":"Cursed Tome","floor":21,"gold_loss":0},{"damage_healed":0,"gold_gain":0,"player_choice":"Opened","damage_taken":0,"relics_obtained":["Sundial"],"max_hp_gain":0,"max_hp_loss":0,"event_name":"The Mausoleum","floor":22,"gold_loss":0},{"damage_healed":0,"gold_gain":0,"player_choice":"Gave Potion","damage_taken":0,"relics_obtained":["The Specimen"],"max_hp_gain":0,"max_hp_loss":0,"event_name":"WeMeetAgain","floor":24,"gold_loss":0},{"damage_healed":0,"gold_gain":0,"player_choice":"Trade","damage_taken":0,"relics_obtained":["SsserpentHead"],"max_hp_gain":0,"max_hp_loss":0,"event_name":"FaceTrader","floor":36,"gold_loss":0},{"cards_removed":["Strike_G"],"damage_healed":0,"gold_gain":0,"player_choice":"Removed Attack","damage_taken":0,"max_hp_gain":0,"max_hp_loss":0,"event_name":"Falling","floor":39,"gold_loss":0},{"damage_healed":0,"gold_gain":0,"player_choice":"Embrace Madness","damage_taken":9,"max_hp_gain":0,"max_hp_loss":0,"event_name":"Winding Halls","floor":41,"gold_loss":0,"cards_obtained":["Madness","Madness"]},{"damage_healed":0,"gold_gain":0,"player_choice":"Paid","damage_taken":0,"relics_obtained":["Red Mask"],"max_hp_gain":0,"max_hp_loss":0,"event_name":"Tomb of Lord Red Mask","floor":48,"gold_loss":140}],"is_beta":false,"boss_relics":[{"not_picked":["Astrolabe","Ring of the Serpent"],"picked":"Fusion Hammer"},{"not_picked":["Snecko Eye","HoveringKite"],"picked":"Black Star"}],"items_purged_floors":[],"is_endless":false,"potions_floor_spawned":[1,4,5,10,11,20,28,29,35,47],"killed_by":"Donu and Deca","ascension_level":0}