{"gold_per_floor":[115,127,139,159,109,138,138,138,188,199,231,242,242,242,242,373,373,386,401,316,241,265,265,280,280,280,318,318,351,369,383,383,509,509,525,538,663,517,517,517,557,557,557,596,337,380,455,471,471,471],"floor_reached":51,"playtime":10914,"items_purged":[],"score":994,"play_id":"12b910d1-ccc2-4584-b0b6-567c5127fc41","local_time":"20190406145602","is_ascension_mode":true,"campfire_choices":[{"floor":7,"key":"REST"},{"floor":13,"key":"REST"},{"floor":15,"key":"REST"},{"data":"Bullet Time","floor":23,"key":"SMITH"},{"data":"After Image","floor":25,"key":"SMITH"},{"data":"Leg Sweep","floor":28,"key":"SMITH"},{"data":"Backflip","floor":32,"key":"SMITH"},{"data":"Sucker Punch","floor":40,"key":"SMITH"},{"data":"After Image","floor":42,"key":"SMITH"},{"floor":49,"key":"REST"}],"neow_cost":"NONE","seed_source_timestamp":66101099990297,"circlet_count":0,"master_deck":["Survivor","Neutralize+1","Sucker Punch+1","Backflip","Backflip","Die Die Die","Poisoned Stab","Die Die Die","Slice","Predator","Unload","Bullet Time+1","After Image+1","Leg Sweep+1","Slice","Backflip","Flying Knee+1","Backflip+1","Flying Knee","Escape Plan+1","Noxious Fumes","Dagger Spray+1","Corpse Explosion","Bane","Backflip+1","Distraction","After Image+1","Endless Agony+1","Catalyst+1","Flying Knee+1","Corpse Explosion+1"],"relics":["Ring of the Serpent","Mercury Hourglass","Anchor","Lantern","Golden Idol","Pandora\u0027s Box","Snake Skull","Turnip","Matryoshka","Gremlin Horn","Prayer Wheel","Oddly Smooth Stone","SsserpentHead","Toxic Egg 2","Regal Pillow","Pear","Potion Belt","TheAbacus","Kunai"],"potions_floor_usage":[6,11,33,44,48,50,50,50,50],"damage_taken":[{"damage":0,"enemies":"Cultist","floor":1,"turns":4},{"damage":1,"enemies":"Small Slimes","floor":2,"turns":4},{"damage":2,"enemies":"Jaw Worm","floor":3,"turns":5},{"damage":5,"enemies":"Lots of Slimes","floor":4,"turns":7},{"damage":46,"enemies":"3 Sentries","floor":6,"turns":14},{"damage":0,"enemies":"3 Louse","floor":10,"turns":4},{"damage":21,"enemies":"Lagavulin","floor":11,"turns":8},{"damage":0,"enemies":"Exordium Thugs","floor":12,"turns":2},{"damage":55,"enemies":"Hexaghost","floor":16,"turns":16},{"damage":1,"enemies":"Shell Parasite","floor":18,"turns":6},{"damage":0,"enemies":"Spheric Guardian","floor":19,"turns":3},{"damage":0,"enemies":"Centurion and Healer","floor":22,"turns":3},{"damage":0,"enemies":"Chosen and Byrds","floor":24,"turns":3},{"damage":0,"enemies":"Book of Stabbing","floor":27,"turns":5},{"damage":0,"enemies":"Gremlin Leader","floor":29,"turns":5},{"damage":0,"enemies":"3 Cultists","floor":30,"turns":2},{"damage":0,"enemies":"Snecko","floor":31,"turns":4},{"damage":4,"enemies":"Champ","floor":33,"turns":10},{"damage":0,"enemies":"Orb Walker","floor":35,"turns":2},{"damage":0,"enemies":"3 Shapes","floor":36,"turns":2},{"damage":0,"enemies":"Mind Bloom Boss Battle","floor":37,"turns":5},{"damage":19,"enemies":"Reptomancer","floor":41,"turns":6},{"damage":21,"enemies":"Giant Head","floor":44,"turns":10},{"damage":4,"enemies":"Nemesis","floor":46,"turns":7},{"damage":0,"enemies":"Sphere and 2 Shapes","floor":47,"turns":4},{"damage":0,"enemies":"4 Shapes","floor":48,"turns":2},{"damage":54,"enemies":"Time Eater","floor":50,"turns":13}],"seed_played":"3365113935324937465","potions_obtained":[{"floor":3,"key":"Swift Potion"},{"floor":6,"key":"Energy Potion"},{"floor":16,"key":"GamblersBrew"},{"floor":22,"key":"Explosive Potion"},{"floor":30,"key":"SneckoOil"},{"floor":33,"key":"Fire Potion"},{"floor":35,"key":"AttackPotion"},{"floor":44,"key":"Energy Potion"},{"floor":47,"key":"Strength Potion"}],"is_trial":false,"path_per_floor":["M","M","M","M","?","E","R","?","T","M","E","M","R","?","R","B",null,"M","M","?","?","M","R","M","R","T","E","R","E","M","M","R","B",null,"M","M","?","$","?","R","E","R","T","E","$","E","M","M","R","B",null],"character_chosen":"THE_SILENT","items_purchased":["Oddly Smooth Stone","TheAbacus","Swift Potion"],"campfire_rested":4,"item_purchase_floors":[38,45,45],"current_hp_per_floor":[70,69,67,62,62,16,37,37,37,37,16,16,37,37,58,3,70,69,69,69,69,69,69,69,69,69,69,69,69,69,69,69,65,70,70,70,70,70,70,70,51,51,61,40,40,36,36,36,75,21],"gold":471,"neow_bonus":"UPGRADE_CARD","is_prod":false,"is_daily":false,"chose_seed":false,"campfire_upgraded":6,"win_rate":0,"timestamp":1554587762,"path_taken":["M","M","M","?","?","E","R","?","T","?","E","M","R","?","R","BOSS","M","M","?","?","M","R","M","R","T","E","R","E","M","M","R","BOSS","M","M","?","$","?","R","E","R","T","E","$","E","?","M","R","BOSS"],"build_version":"2019-01-23","purchased_purges":0,"victory":true,"max_hp_per_floor":[70,70,70,70,70,70,70,70,70,70,70,70,70,70,70,70,70,70,70,70,70,70,70,70,70,70,70,70,70,70,70,70,70,70,70,70,70,70,70,70,70,70,80,80,80,80,80,80,80,80],"card_choices":[{"not_picked":["Acrobatics","Riddle With Holes","Setup"],"picked":"SKIP","floor":1},{"not_picked":["Prepared","Poisoned Stab"],"picked":"Sucker Punch","floor":2},{"not_picked":["Prepared","Dagger Throw","Blade Dance"],"picked":"SKIP","floor":3},{"not_picked":["Bane","Bouncing Flask"],"picked":"Backflip","floor":4},{"not_picked":["Caltrops","Slice"],"picked":"Backflip","floor":6},{"not_picked":["Underhanded Strike","Reflex","Acrobatics"],"picked":"SKIP","floor":10},{"not_picked":["Flechettes","Slice"],"picked":"Die Die Die","floor":11},{"not_picked":["Calculated Gamble","Bouncing Flask"],"picked":"Poisoned Stab","floor":12},{"not_picked":["A Thousand Cuts","Doppelganger"],"picked":"Die Die Die","floor":16},{"not_picked":["Dodge and Roll","Leg Sweep"],"picked":"Flying Knee+1","floor":18},{"not_picked":["Dagger Spray","Deadly Poison"],"picked":"Backflip","floor":19},{"not_picked":["PiercingWail+1","Deflect"],"picked":"Flying Knee","floor":22},{"not_picked":["Catalyst","Finisher"],"picked":"Escape Plan+1","floor":24},{"not_picked":["Skewer","Prepared","Quick Slash"],"picked":"SKIP","floor":27},{"not_picked":["Blur","Blade Dance"],"picked":"Noxious Fumes","floor":29},{"not_picked":["Eviscerate","Leg Sweep","Dash"],"picked":"SKIP","floor":30},{"not_picked":["Reflex","Prepared"],"picked":"Dagger Spray+1","floor":31},{"not_picked":["Venomology","Burst"],"picked":"Corpse Explosion","floor":33},{"not_picked":["Well Laid Plans+1","Dodge and Roll"],"picked":"Bane","floor":35},{"not_picked":["Prepared+1","Deflect"],"picked":"Backflip+1","floor":36},{"not_picked":["Acrobatics","Outmaneuver+1"],"picked":"Distraction","floor":37},{"not_picked":["Escape Plan","Sucker Punch"],"picked":"After Image","floor":41},{"not_picked":["Sucker Punch+1","Outmaneuver+1"],"picked":"Endless Agony+1","floor":44},{"not_picked":["Tactician+1","Dodge and Roll+1"],"picked":"Catalyst+1","floor":46},{"not_picked":["Quick Slash+1","Poisoned Stab"],"picked":"Flying Knee+1","floor":47},{"not_picked":["Cloak And Dagger+1","Sucker Punch","Deflect+1"],"picked":"SKIP","floor":47},{"not_picked":["Cloak And Dagger+1","Slice"],"picked":"Corpse Explosion+1","floor":48},{"not_picked":["All Out Attack+1","PiercingWail+1","Skewer+1"],"picked":"SKIP","floor":48}],"player_experience":1539271,"relics_obtained":[{"floor":6,"key":"Mercury Hourglass"},{"floor":9,"key":"Anchor"},{"floor":11,"key":"Lantern"},{"floor":26,"key":"Turnip"},{"floor":27,"key":"Matryoshka"},{"floor":29,"key":"Gremlin Horn"},{"floor":37,"key":"Prayer Wheel"},{"floor":41,"key":"Toxic Egg 2"},{"floor":43,"key":"Regal Pillow"},{"floor":43,"key":"Pear"},{"floor":44,"key":"Potion Belt"},{"floor":46,"key":"Kunai"}],"event_choices":[{"cards_removed":["Defend_G"],"damage_healed":0,"gold_gain":0,"player_choice":"Card Removal","damage_taken":0,"max_hp_gain":0,"max_hp_loss":0,"event_name":"The Cleric","floor":5,"gold_loss":50},{"cards_removed":["Defend_G"],"damage_healed":0,"gold_gain":0,"player_choice":"Offered Basic","damage_taken":0,"max_hp_gain":0,"max_hp_loss":0,"event_name":"Bonfire Elementals","floor":8,"gold_loss":0},{"damage_healed":0,"gold_gain":0,"player_choice":"Take Wound","damage_taken":0,"relics_obtained":["Golden Idol"],"max_hp_gain":0,"max_hp_loss":0,"event_name":"Golden Idol","floor":14,"gold_loss":0,"cards_obtained":["Injury"]},{"damage_healed":0,"gold_gain":0,"player_choice":"Obtained Relic","damage_taken":0,"relics_obtained":["Snake Skull"],"max_hp_gain":0,"max_hp_loss":0,"event_name":"Addict","floor":20,"gold_loss":85},{"cards_removed":["Injury"],"damage_healed":0,"gold_gain":0,"player_choice":"Gave Gold","damage_taken":0,"max_hp_gain":0,"max_hp_loss":0,"event_name":"Beggar","floor":21,"gold_loss":75},{"damage_healed":0,"gold_gain":0,"player_choice":"Fight","damage_taken":0,"max_hp_gain":0,"max_hp_loss":0,"event_name":"MindBloom","floor":37,"gold_loss":0},{"damage_healed":0,"gold_gain":0,"player_choice":"Trade","damage_taken":0,"relics_obtained":["SsserpentHead"],"max_hp_gain":0,"max_hp_loss":0,"event_name":"FaceTrader","floor":39,"gold_loss":0}],"is_beta":false,"boss_relics":[{"not_picked":["Coffee Dripper","Runic Pyramid"],"picked":"Pandora\u0027s Box"},{"not_picked":["Runic Dome","Velvet Choker"],"picked":"Ring of the Serpent"}],"items_purged_floors":[],"is_endless":false,"potions_floor_spawned":[3,6,16,22,30,31,33,35,44,47],"ascension_level":4}