{"gold_per_floor":[117,67,77,90,90,90,15,15,42,53,53,73,73,85,85,186,186,204,204,204,204,215,215,241,241,265,65,77,94,153,164,164,263,263,285,311,598,480,494,494,494],"floor_reached":41,"playtime":2101,"items_purged":["Strike_R","Strike_R","Strike_R"],"score":520,"play_id":"166cd495-9418-4273-9539-c59699b70868","local_time":"20190403021809","is_ascension_mode":true,"campfire_choices":[{"data":"Armaments","floor":6,"key":"SMITH"},{"data":"Bash","floor":8,"key":"SMITH"},{"data":"Hemokinesis","floor":13,"key":"SMITH"},{"data":"Uppercut","floor":15,"key":"SMITH"},{"data":"Demon Form","floor":23,"key":"SMITH"},{"floor":25,"key":"REST"},{"floor":32,"key":"REST"},{"data":"Flame Barrier","floor":40,"key":"SMITH"}],"neow_cost":"NONE","seed_source_timestamp":1222668996173141,"circlet_count":0,"master_deck":["Defend_R+1","Defend_R","Defend_R","Defend_R+1","Bash+1","Clothesline","Armaments+1","Hemokinesis+1","Berserk","Uppercut+1","Demon Form+1","True Grit","Reaper","Impervious","Normality","Pommel Strike+1","Regret","Flame Barrier+1","Shrug It Off+1"],"relics":["Burning Blood","War Paint","Smiling Mask","Busted Crown","Enchiridion","Nloth\u0027s Gift","Omamori","Anchor","Tiny Chest","Calling Bell","Prayer Wheel","Question Card","MawBank"],"potions_floor_usage":[16,16,24,24,24,24,31,39],"damage_taken":[{"damage":0,"enemies":"Small Slimes","floor":1,"turns":3},{"damage":1,"enemies":"2 Louse","floor":3,"turns":4},{"damage":1,"enemies":"Cultist","floor":4,"turns":3},{"damage":0,"enemies":"Looter","floor":10,"turns":4},{"damage":4,"enemies":"3 Louse","floor":12,"turns":3},{"damage":13,"enemies":"Gremlin Gang","floor":14,"turns":4},{"damage":7,"enemies":"The Guardian","floor":16,"turns":9},{"damage":2,"enemies":"Chosen","floor":18,"turns":3},{"damage":14,"enemies":"Shell Parasite","floor":22,"turns":4},{"damage":50,"enemies":"Gremlin Leader","floor":24,"turns":6},{"damage":19,"enemies":"Centurion and Healer","floor":28,"turns":5},{"damage":28,"enemies":"Snake Plant","floor":29,"turns":5},{"damage":8,"enemies":"Book of Stabbing","floor":30,"turns":7},{"damage":34,"enemies":"Chosen and Byrds","floor":31,"turns":9},{"damage":26,"enemies":"Automaton","floor":33,"turns":9},{"damage":39,"enemies":"3 Shapes","floor":35,"turns":7},{"damage":63,"enemies":"3 Darklings","floor":36,"turns":8},{"damage":37,"enemies":"4 Shapes","floor":39,"turns":10},{"damage":34,"enemies":"Reptomancer","floor":41,"turns":3}],"seed_played":"8511144664008172351","potions_obtained":[{"floor":4,"key":"Strength Potion"},{"floor":10,"key":"EntropicBrew"},{"floor":12,"key":"EssenceOfSteel"},{"floor":18,"key":"SteroidPotion"},{"floor":29,"key":"SteroidPotion"},{"floor":30,"key":"Swift Potion"},{"floor":33,"key":"SpeedPotion"},{"floor":36,"key":"Weak Potion"},{"floor":39,"key":"Ancient Potion"}],"is_trial":false,"path_per_floor":["M","?","M","M","?","R","$","R","T","M","?","M","R","M","R","B",null,"M","?","?","?","M","R","E","R","T","$","M","M","E","M","R","B",null,"M","M","?","$","M","R","E"],"character_chosen":"IRONCLAD","items_purchased":["Reaper","Flame Barrier"],"campfire_rested":2,"item_purchase_floors":[27,38],"current_hp_per_floor":[80,80,80,80,68,68,68,68,68,74,74,76,76,69,69,68,80,80,80,64,64,56,56,12,36,36,36,53,31,29,8,32,54,80,80,34,34,34,34,34,0],"gold":494,"neow_bonus":"RANDOM_COMMON_RELIC","is_prod":false,"is_daily":false,"chose_seed":false,"campfire_upgraded":6,"win_rate":0,"timestamp":1554275889,"path_taken":["M","?","M","M","?","R","$","R","T","M","?","?","R","M","R","BOSS","M","?","?","?","M","R","E","R","T","$","M","M","E","M","R","BOSS","M","?","?","$","?","R","E"],"build_version":"2019-01-23","purchased_purges":3,"victory":false,"max_hp_per_floor":[80,80,80,80,80,80,80,80,80,80,80,80,80,80,80,80,80,80,80,80,80,80,80,80,80,80,80,80,80,80,80,80,80,80,80,80,80,80,80,80,80],"card_choices":[{"not_picked":["Wild Strike","Rampage","Perfected Strike"],"picked":"SKIP","floor":1},{"not_picked":["Pummel","Warcry"],"picked":"Clothesline","floor":3},{"not_picked":["Feel No Pain","Body Slam"],"picked":"Armaments","floor":4},{"not_picked":["Combust","Havoc"],"picked":"Hemokinesis","floor":10},{"not_picked":["Dropkick","Havoc","Pummel"],"picked":"SKIP","floor":12},{"not_picked":["Corruption","Heavy Blade"],"picked":"Uppercut","floor":14},{"not_picked":["Dark Embrace","Limit Break"],"picked":"Demon Form","floor":16},{"not_picked":[],"picked":"True Grit","floor":18},{"not_picked":["Thunderclap"],"picked":"SKIP","floor":22},{"not_picked":["Thunderclap"],"picked":"SKIP","floor":22},{"not_picked":["Pommel Strike"],"picked":"SKIP","floor":24},{"not_picked":["Rupture"],"picked":"SKIP","floor":28},{"not_picked":["Dual Wield"],"picked":"SKIP","floor":29},{"not_picked":[],"picked":"Impervious","floor":30},{"not_picked":["Bloodletting"],"picked":"SKIP","floor":31},{"not_picked":["Carnage","Flex"],"picked":"SKIP","floor":35},{"not_picked":["Dropkick","Perfected Strike+1"],"picked":"SKIP","floor":35},{"not_picked":["Havoc"],"picked":"Pommel Strike+1","floor":36},{"not_picked":["Perfected Strike","Clash"],"picked":"SKIP","floor":36},{"not_picked":["Perfected Strike","Clash"],"picked":"SKIP","floor":36},{"not_picked":["Warcry+1"],"picked":"Shrug It Off+1","floor":39},{"not_picked":["Clash+1","Berserk"],"picked":"SKIP","floor":39}],"player_experience":209037,"relics_obtained":[{"floor":9,"key":"Smiling Mask"},{"floor":20,"key":"Enchiridion"},{"floor":24,"key":"Omamori"},{"floor":26,"key":"Anchor"},{"floor":30,"key":"Tiny Chest"},{"floor":34,"key":"Prayer Wheel"},{"floor":34,"key":"Question Card"},{"floor":34,"key":"MawBank"}],"event_choices":[{"cards_removed":["Strike_R"],"damage_healed":0,"gold_gain":0,"player_choice":"Card Removal","damage_taken":0,"max_hp_gain":0,"max_hp_loss":0,"event_name":"The Cleric","floor":2,"gold_loss":50},{"damage_healed":0,"gold_gain":0,"player_choice":"Success","damage_taken":12,"relics_obtained":["War Paint"],"max_hp_gain":0,"max_hp_loss":0,"event_name":"Scrap Ooze","floor":5,"gold_loss":0},{"damage_healed":0,"gold_gain":0,"cards_transformed":["Strike_R"],"player_choice":"Transformed","damage_taken":0,"max_hp_gain":0,"max_hp_loss":0,"event_name":"Transmorgrifier","floor":11,"gold_loss":0,"cards_obtained":["Berserk"]},{"damage_healed":0,"gold_gain":0,"player_choice":"Ignored","damage_taken":0,"max_hp_gain":0,"max_hp_loss":0,"event_name":"Ghosts","floor":19,"gold_loss":0},{"damage_healed":0,"gold_gain":0,"player_choice":"Obtained Book","damage_taken":16,"max_hp_gain":0,"max_hp_loss":0,"event_name":"Cursed Tome","floor":20,"gold_loss":0},{"damage_healed":0,"gold_gain":0,"player_choice":"Traded Relic","damage_taken":0,"relics_obtained":["Nloth\u0027s Gift"],"max_hp_gain":0,"max_hp_loss":0,"event_name":"N\u0027loth","floor":21,"relics_lost":["Bag of Marbles"],"gold_loss":0},{"damage_healed":0,"gold_gain":275,"player_choice":"Desecrate","damage_taken":0,"max_hp_gain":0,"max_hp_loss":0,"event_name":"Golden Shrine","floor":37,"gold_loss":0,"cards_obtained":["Regret"]}],"is_beta":false,"boss_relics":[{"not_picked":["Coffee Dripper","Pandora\u0027s Box"],"picked":"Busted Crown"},{"not_picked":["Tiny House","Runic Pyramid"],"picked":"Calling Bell"}],"items_purged_floors":[7,27,38],"is_endless":false,"potions_floor_spawned":[4,10,12,18,29,30,33,36,39],"killed_by":"Reptomancer","ascension_level":2}