{"gold_per_floor":[114,128,144,164,182,208,220,220],"floor_reached":8,"playtime":566,"items_purged":[],"score":99,"play_id":"08c63c1c-21cf-4293-9194-cca2a11dbde9","local_time":"20190420213209","is_ascension_mode":true,"campfire_choices":[],"neow_cost":"PERCENT_DAMAGE","seed_source_timestamp":693746435160600,"circlet_count":0,"master_deck":["AscendersBane","Strike_R","Strike_R","Strike_R","Defend_R","Defend_R","Defend_R","Defend_R","Bash","Searing Blow","Double Tap","Pommel Strike","Whirlwind","Feel No Pain","Headbutt"],"relics":["Burning Blood","FossilizedHelix"],"potions_floor_usage":[8],"damage_taken":[{"damage":0,"enemies":"Cultist","floor":1,"turns":4},{"damage":2,"enemies":"Jaw Worm","floor":2,"turns":4},{"damage":4,"enemies":"2 Louse","floor":3,"turns":3},{"damage":11,"enemies":"2 Fungi Beasts","floor":4,"turns":4},{"damage":6,"enemies":"3 Louse","floor":5,"turns":5},{"damage":53,"enemies":"Lagavulin","floor":6,"turns":9},{"damage":10,"enemies":"Exordium Wildlife","floor":7,"turns":4},{"damage":10,"enemies":"3 Sentries","floor":8,"turns":4}],"seed_played":"-3262020399889719533","potions_obtained":[{"floor":5,"key":"Ancient Potion"},{"floor":6,"key":"SpeedPotion"}],"is_trial":false,"path_per_floor":["M","M","M","M","M","E","M","E"],"character_chosen":"IRONCLAD","items_purchased":[],"campfire_rested":0,"item_purchase_floors":[],"current_hp_per_floor":[57,61,63,58,58,11,7,0],"gold":220,"neow_bonus":"TRANSFORM_TWO_CARDS","is_prod":false,"is_daily":false,"chose_seed":false,"campfire_upgraded":0,"win_rate":0,"timestamp":1555788729,"path_taken":["M","?","M","M","M","E","M","E"],"build_version":"2019-01-23","purchased_purges":0,"victory":false,"max_hp_per_floor":[80,80,80,80,80,80,80,80],"card_choices":[{"not_picked":["Twin Strike","Bloodletting"],"picked":"Pommel Strike","floor":1},{"not_picked":["Sword Boomerang","Evolve","Sever Soul"],"picked":"SKIP","floor":2},{"not_picked":["Reckless Charge","Shrug It Off"],"picked":"Whirlwind","floor":3},{"not_picked":["Thunderclap","Bloodletting","Rage"],"picked":"SKIP","floor":4},{"not_picked":["Seeing Red","Heavy Blade"],"picked":"Feel No Pain","floor":5},{"not_picked":["Seeing Red","Hemokinesis","Brutality"],"picked":"SKIP","floor":6},{"not_picked":["Power Through","Sword Boomerang"],"picked":"Headbutt","floor":7}],"player_experience":232246,"relics_obtained":[{"floor":6,"key":"FossilizedHelix"}],"event_choices":[],"is_beta":false,"boss_relics":[],"items_purged_floors":[],"is_endless":false,"potions_floor_spawned":[5,6],"killed_by":"3 Sentries","ascension_level":12}