{"path_per_floor":["M","M","M","?","?","R","E","R","T","M","?","R","E","M","R","B",null,"M","?","M","M","M","R","M","$","T","M","M","R","M","E","R","B",null,"M","$","M","M","?","R","E","M","T","M","R","?","$","M","R"],"character_chosen":"DEFECT","items_purchased":["Potion Belt","All For One","Apotheosis"],"gold_per_floor":[115,127,137,137,137,137,165,165,165,180,259,259,294,310,310,415,415,433,433,444,463,478,478,491,270,270,282,300,300,318,348,348,449,449,464,219,235,247,247,247,281,300,300,320,320,320,116,135,135,135],"floor_reached":50,"campfire_rested":1,"playtime":4010,"item_purchase_floors":[25,36,47],"current_hp_per_floor":[67,65,65,65,65,65,45,45,45,45,45,45,45,45,45,33,65,65,65,65,65,65,65,65,65,65,65,65,65,65,65,65,51,69,69,69,64,64,64,64,64,64,78,78,78,67,67,67,89,0],"items_purged":["Dualcast","Zap"],"gold":135,"score":998,"play_id":"fcc550a8-1d36-4748-843a-5d5548dc5a2b","local_time":"20180526190209","is_prod":false,"is_daily":false,"chose_seed":false,"is_ascension_mode":true,"campfire_upgraded":9,"win_rate":0,"timestamp":1527354129,"campfire_choices":[{"data":"Streamline","floor":6,"key":"SMITH"},{"data":"Beam Cell","floor":8,"key":"SMITH"},{"data":"Go for the Eyes","floor":12,"key":"SMITH"},{"data":"All For One","floor":15,"key":"SMITH"},{"data":"Buffer","floor":23,"key":"SMITH"},{"data":"Sunder","floor":29,"key":"SMITH"},{"data":"Hologram","floor":32,"key":"SMITH"},{"data":"Echo Form","floor":40,"key":"SMITH"},{"data":"Streamline","floor":45,"key":"SMITH"},{"floor":49,"key":"REST"}],"path_taken":["M","M","?","?","?","R","E","R","T","M","?","R","E","?","R","BOSS","M","?","M","?","M","R","M","$","T","M","M","R","M","E","R","BOSS","M","$","M","M","?","R","E","M","T","M","R","?","$","?","R","BOSS"],"build_version":"2018-05-25","seed_source_timestamp":621083603595200,"purchased_purges":2,"victory":false,"master_deck":["Strike_B","Strike_B","Strike_B","Defend_B","Defend_B","Defend_B","Defend_B","AscendersBane","Hyperbeam+1","Streamline+1","Leap","All For One+1","Beam Cell+1","Go for the Eyes+1","Buffer+1","Streamline+1","Glacier","All For One","Streamline","Hologram+1","Sunder+1","Echo Form+1","All For One","Clumsy","Streamline","Madness","Madness","Apotheosis","Hologram+1"],"max_hp_per_floor":[75,75,75,75,75,75,75,75,75,75,75,75,75,75,75,75,75,75,75,75,75,75,75,75,75,75,75,75,75,75,75,75,75,75,75,75,75,75,75,75,75,75,89,89,89,89,89,89,89,89],"relics":["Cracked Core","Gambling Chip","Thread and Needle","Centennial Puzzle","Snecko Eye","Potion Belt","Ancient Tea Set","Unceasing Top","Cursed Key","Du-Vu Doll","Mango"],"card_choices":[{"not_picked":["Cold Snap","Redo"],"picked":"Streamline","floor":1},{"not_picked":["Streamline","Barrage"],"picked":"Leap","floor":2},{"not_picked":["Reinforced Body","Loop"],"picked":"All For One","floor":3},{"not_picked":["Coolheaded","Leap"],"picked":"Beam Cell","floor":7},{"not_picked":["Steam","Cold Snap"],"picked":"Go for the Eyes","floor":10},{"not_picked":["Storm","Barrage","Force Field"],"picked":"SKIP","floor":13},{"not_picked":["Storm","Barrage","Force Field"],"picked":"SKIP","floor":13},{"not_picked":["Barrage","Consume","Rip and Tear"],"picked":"SKIP","floor":14},{"not_picked":["Multi-Cast","Thunder Strike"],"picked":"Buffer","floor":16},{"not_picked":["Hello World","Beam Cell"],"picked":"Streamline","floor":18},{"not_picked":["Barrage","Coolheaded"],"picked":"Glacier","floor":20},{"not_picked":["Beam Cell+1","Chaos"],"picked":"All For One","floor":21},{"not_picked":["White Noise","Turbo"],"picked":"Streamline","floor":22},{"not_picked":["Rebound","Barrage"],"picked":"Hologram","floor":24},{"not_picked":["Redo","Go for the Eyes"],"picked":"Sunder","floor":27},{"not_picked":["Barrage","Rip and Tear+1","Reprogram"],"picked":"SKIP","floor":28},{"not_picked":["Stack","Darkness","Sweeping Beam"],"picked":"SKIP","floor":30},{"not_picked":["Compile Driver","Leap","Go for the Eyes+1"],"picked":"SKIP","floor":31},{"not_picked":["Reboot","Seek"],"picked":"Echo Form","floor":33},{"not_picked":["Stack","Beam Cell","Sweeping Beam"],"picked":"SKIP","floor":35},{"not_picked":["Steam Power","Sweeping Beam","Barrage"],"picked":"SKIP","floor":37},{"not_picked":["Gash+1","Cold Snap+1"],"picked":"Skim+1","floor":38},{"not_picked":["BootSequence","Barrage","Compile Driver"],"picked":"SKIP","floor":41},{"not_picked":["Rebound","Steam Power","Defragment"],"picked":"SKIP","floor":42},{"not_picked":["Compile Driver","Beam Cell+1"],"picked":"Streamline","floor":44},{"not_picked":["Stack","Sweeping Beam"],"picked":"Hologram+1","floor":48}],"player_experience":133968,"potions_floor_usage":[33,33,33,33,33,41,50,50,50],"damage_taken":[{"damage":1,"enemies":"Cultist","floor":1,"turns":3},{"damage":2,"enemies":"Jaw Worm","floor":2,"turns":3},{"damage":0,"enemies":"Small Slimes","floor":3,"turns":2},{"damage":20,"enemies":"Lagavulin","floor":7,"turns":7},{"damage":0,"enemies":"3 Louse","floor":10,"turns":1},{"damage":0,"enemies":"3 Sentries","floor":13,"turns":2},{"damage":0,"enemies":"Large Slime","floor":14,"turns":2},{"damage":12,"enemies":"The Guardian","floor":16,"turns":10},{"damage":0,"enemies":"Shell Parasite","floor":18,"turns":2},{"damage":0,"enemies":"3 Byrds","floor":20,"turns":2},{"damage":0,"enemies":"3 Cultists","floor":21,"turns":2},{"damage":0,"enemies":"Sentry and Sphere","floor":22,"turns":2},{"damage":0,"enemies":"Cultist and Chosen","floor":24,"turns":2},{"damage":0,"enemies":"Centurion and Healer","floor":27,"turns":2},{"damage":0,"enemies":"Sentry and Sphere","floor":28,"turns":3},{"damage":0,"enemies":"Chosen and Byrds","floor":30,"turns":1},{"damage":0,"enemies":"Slavers","floor":31,"turns":2},{"damage":14,"enemies":"Automaton","floor":33,"turns":6},{"damage":0,"enemies":"Orb Walker","floor":35,"turns":2},{"damage":5,"enemies":"3 Shapes","floor":37,"turns":4},{"damage":0,"enemies":"Spire Growth","floor":38,"turns":2},{"damage":0,"enemies":"Giant Head","floor":41,"turns":8},{"damage":0,"enemies":"Sphere and 2 Shapes","floor":42,"turns":2},{"damage":0,"enemies":"Transient","floor":44,"turns":2},{"damage":0,"enemies":"Flame Bruiser 2 Orb","floor":48,"turns":3},{"damage":89,"enemies":"Time Eater","floor":50,"turns":9}],"relics_obtained":[{"floor":7,"key":"Gambling Chip"},{"floor":9,"key":"Thread and Needle"},{"floor":13,"key":"Centennial Puzzle"},{"floor":26,"key":"Ancient Tea Set"},{"floor":31,"key":"Unceasing Top"},{"floor":41,"key":"Du-Vu Doll"},{"floor":43,"key":"Mango"}],"event_choices":[{"event_name":"Bonfire Elementals","player_choice":"BASIC","floor":4,"damage_taken":0},{"event_name":"Living Wall","player_choice":"Grow","floor":5,"damage_taken":0},{"event_name":"Golden Wing","player_choice":"Gained Gold","floor":11,"damage_taken":0},{"event_name":"Vampires","player_choice":"Ignored","floor":19,"damage_taken":0},{"event_name":"Winding Halls","player_choice":"Embrace Madness","floor":46,"damage_taken":0}],"boss_relics":[{"not_picked":["Runic Pyramid","Inserter"],"picked":"Snecko Eye"},{"not_picked":["Lizard Tail","Nuclear Battery"],"picked":"Cursed Key"}],"items_purged_floors":[25,36],"potions_floor_spawned":[2,14,16,18,20,22,30,31,33,38,42,44,48],"seed_played":"4674843757869273324","killed_by":"Time Eater","ascension_level":12,"potions_obtained":[{"floor":2,"key":"EssenceOfSteel"},{"floor":14,"key":"PowerPotion"},{"floor":16,"key":"EssenceOfSteel"},{"floor":18,"key":"AttackPotion"},{"floor":20,"key":"EntropicBrew"},{"floor":22,"key":"SmokeBomb"},{"floor":30,"key":"Strength Potion"},{"floor":31,"key":"FocusPotion"},{"floor":33,"key":"Ancient Potion"},{"floor":38,"key":"Block Potion"},{"floor":42,"key":"Strength Potion"}],"is_trial":false}