{"gold_per_floor":[119,394,228,178,178,178,205,205,228,72,72,85,85,85,85,181,181,201,218,235,135,135,135,135,154,180,31,62,62,78,78,78,180,180,194,4,4,4,15,26,36,65,117,117,117,117,127,138,138,138],"floor_reached":50,"playtime":3854,"items_purged":["Regret","Strike_R"],"score":608,"play_id":"dff23e59-ec04-427a-9646-ed79b1f7472e","local_time":"20190210154652","is_ascension_mode":true,"campfire_choices":[{"data":"Bash","floor":6,"key":"SMITH"},{"data":"Finesse","floor":8,"key":"SMITH"},{"data":"True Grit","floor":11,"key":"SMITH"},{"data":"Defend_R","floor":13,"key":"SMITH"},{"data":"Defend_R","floor":15,"key":"SMITH"},{"data":"Fire Breathing","floor":23,"key":"SMITH"},{"data":"Sentinel","floor":29,"key":"SMITH"},{"floor":32,"key":"REST"},{"data":"Madness","floor":44,"key":"SMITH"},{"data":"Madness","floor":46,"key":"SMITH"},{"data":"Shrug It Off","floor":49,"key":"SMITH"}],"neow_cost":"NONE","seed_source_timestamp":257339560926521,"circlet_count":0,"master_deck":["Strike_R","Strike_R","Defend_R+1","Defend_R+1","Bash+1","Fire Breathing+1","Finesse+1","True Grit+1","Immolate","Battle Trance+1","Clothesline+1","Anger+1","Fire Breathing+1","Ghostly Armor+1","J.A.X.","Sentinel+1","Dropkick+1","Madness+1","Madness+1","Inflame","Shockwave+1","Shrug It Off+1","Rampage+1","Havoc+1","Shrug It Off+1","Rampage+1"],"relics":["Burning Blood","Charon\u0027s Ashes","Dream Catcher","Oddly Smooth Stone","Astrolabe","Enchiridion","Bronze Scales","Lantern","Blue Candle","Gremlin Horn","White Beast Statue","Medical Kit","Ancient Tea Set","Strawberry"],"potions_floor_usage":[33,41,42,42,48,50,50],"damage_taken":[{"damage":4,"enemies":"Jaw Worm","floor":1,"turns":4},{"damage":36,"enemies":"3 Sentries","floor":7,"turns":9},{"damage":0,"enemies":"Cultist","floor":12,"turns":3},{"damage":46,"enemies":"The Guardian","floor":16,"turns":16},{"damage":0,"enemies":"Chosen","floor":18,"turns":4},{"damage":6,"enemies":"2 Thieves","floor":19,"turns":3},{"damage":14,"enemies":"Centurion and Healer","floor":20,"turns":5},{"damage":6,"enemies":"Snecko","floor":25,"turns":4},{"damage":12,"enemies":"Book of Stabbing","floor":28,"turns":5},{"damage":17,"enemies":"Shelled Parasite and Fungi","floor":30,"turns":5},{"damage":44,"enemies":"Collector","floor":33,"turns":7},{"damage":0,"enemies":"3 Shapes","floor":35,"turns":3},{"damage":0,"enemies":"Orb Walker","floor":39,"turns":4},{"damage":0,"enemies":"Sphere and 2 Shapes","floor":40,"turns":3},{"damage":10,"enemies":"Transient","floor":41,"turns":5},{"damage":44,"enemies":"Giant Head","floor":42,"turns":7},{"damage":9,"enemies":"3 Darklings","floor":47,"turns":2},{"damage":1,"enemies":"4 Shapes","floor":48,"turns":4},{"damage":58,"enemies":"Donu and Deca","floor":50,"turns":6}],"seed_played":"2000251156941706243","potions_obtained":[{"floor":7,"key":"AttackPotion"},{"floor":12,"key":"SteroidPotion"},{"floor":18,"key":"SpeedPotion"},{"floor":20,"key":"PowerPotion"},{"floor":35,"key":"Block Potion"},{"floor":39,"key":"Regen Potion"},{"floor":41,"key":"SteroidPotion"},{"floor":42,"key":"EssenceOfSteel"},{"floor":47,"key":"Block Potion"},{"floor":48,"key":"FearPotion"}],"is_trial":false,"path_per_floor":["M","?","$","?","?","R","E","R","T","$","R","M","R","$","R","B",null,"M","M","M","$","?","R","?","M","T","$","E","R","M","?","R","B",null,"M","$","?","?","M","M","M","E","T","R","$","R","M","M","R","B"],"character_chosen":"IRONCLAD","items_purchased":["Finesse","Oddly Smooth Stone","Lantern","Medical Kit"],"campfire_rested":1,"item_purchase_floors":[3,10,27,36],"current_hp_per_floor":[80,80,80,80,80,80,50,50,50,50,50,56,56,56,56,16,64,70,70,62,62,62,62,46,46,46,46,40,40,29,29,53,15,64,70,70,60,60,66,72,68,44,51,51,51,51,48,53,53,0],"gold":138,"neow_bonus":"ONE_RANDOM_RARE_CARD","is_prod":false,"is_daily":false,"chose_seed":false,"campfire_upgraded":10,"win_rate":0,"timestamp":1549842412,"path_taken":["M","?","?","?","?","R","E","R","T","$","R","M","R","$","R","BOSS","M","?","M","$","?","R","?","M","T","$","E","R","M","?","R","BOSS","M","$","?","?","M","M","?","E","T","R","$","R","M","M","R","BOSS"],"build_version":"2019-01-23","purchased_purges":2,"victory":false,"max_hp_per_floor":[80,80,80,80,80,80,80,80,80,80,80,80,80,80,80,80,80,80,80,80,80,80,80,80,80,80,80,80,80,80,80,80,80,80,80,80,80,80,80,80,80,80,87,87,87,87,87,87,87,87],"card_choices":[{"not_picked":["Headbutt","Twin Strike"],"picked":"Fire Breathing","floor":1},{"not_picked":["Dual Wield","Barricade"],"picked":"True Grit","floor":7},{"not_picked":["Warcry","Corruption","Bloodletting"],"picked":"SKIP","floor":12},{"not_picked":["Impervious","Bludgeon"],"picked":"Immolate","floor":16},{"not_picked":["True Grit+1","Thunderclap+1"],"picked":"Fire Breathing","floor":18},{"not_picked":["Power Through","Flex","Heavy Blade+1"],"picked":"SKIP","floor":19},{"not_picked":["Cleave+1","Bloodletting"],"picked":"Ghostly Armor+1","floor":20},{"not_picked":["Bludgeon","Body Slam+1"],"picked":"Sentinel","floor":25},{"not_picked":["Wild Strike","Iron Wave","Armaments+1"],"picked":"SKIP","floor":28},{"not_picked":["Searing Blow","Perfected Strike","Wild Strike"],"picked":"SKIP","floor":30},{"not_picked":["Heavy Blade+1","Blood for Blood"],"picked":"Dropkick+1","floor":32},{"not_picked":["Heavy Blade","Blood for Blood","Armaments+1"],"picked":"SKIP","floor":35},{"not_picked":["Cleave","Anger+1"],"picked":"Shockwave+1","floor":39},{"not_picked":["Armaments","Bloodletting+1"],"picked":"Shrug It Off","floor":40},{"not_picked":["Iron Wave","Flex"],"picked":"Rampage+1","floor":41},{"not_picked":["Warcry","Uppercut+1"],"picked":"Havoc+1","floor":42},{"not_picked":["Intimidate","Iron Wave"],"picked":"Shrug It Off+1","floor":47},{"not_picked":["Berserk","Iron Wave"],"picked":"Rampage+1","floor":48}],"player_experience":673403,"relics_obtained":[{"floor":7,"key":"Charon\u0027s Ashes"},{"floor":9,"key":"Dream Catcher"},{"floor":24,"key":"Enchiridion"},{"floor":26,"key":"Bronze Scales"},{"floor":28,"key":"Blue Candle"},{"floor":42,"key":"Ancient Tea Set"},{"floor":43,"key":"Strawberry"}],"event_choices":[{"damage_healed":0,"gold_gain":275,"player_choice":"Desecrate","damage_taken":0,"max_hp_gain":0,"max_hp_loss":0,"event_name":"Golden Shrine","floor":2,"gold_loss":0,"cards_obtained":["Regret"]},{"cards_removed":["Limit Break"],"damage_healed":0,"gold_gain":0,"player_choice":"Card Removal","damage_taken":0,"max_hp_gain":0,"max_hp_loss":0,"event_name":"The Cleric","floor":4,"gold_loss":50},{"damage_healed":0,"gold_gain":0,"player_choice":"Upgraded","damage_taken":0,"max_hp_gain":0,"max_hp_loss":0,"event_name":"Upgrade Shrine","floor":5,"gold_loss":0,"cards_upgraded":["Fire Breathing"]},{"damage_healed":0,"gold_gain":0,"player_choice":"Obtain J.A.X.","damage_taken":0,"max_hp_gain":0,"max_hp_loss":0,"event_name":"Drug Dealer","floor":22,"gold_loss":0,"cards_obtained":["J.A.X."]},{"damage_healed":0,"gold_gain":0,"player_choice":"Obtained Book","damage_taken":16,"max_hp_gain":0,"max_hp_loss":0,"event_name":"Cursed Tome","floor":24,"gold_loss":0},{"damage_healed":0,"gold_gain":0,"player_choice":"Opened","damage_taken":0,"relics_obtained":["Gremlin Horn"],"max_hp_gain":0,"max_hp_loss":0,"event_name":"The Mausoleum","floor":31,"gold_loss":0},{"damage_healed":0,"gold_gain":0,"player_choice":"Embrace Madness","damage_taken":10,"max_hp_gain":0,"max_hp_loss":0,"event_name":"Winding Halls","floor":37,"gold_loss":0,"cards_obtained":["Madness","Madness"]},{"damage_healed":0,"gold_gain":0,"cards_transformed":["Strike_R"],"player_choice":"Transformed","damage_taken":0,"max_hp_gain":0,"max_hp_loss":0,"event_name":"Transmorgrifier","floor":38,"gold_loss":0,"cards_obtained":["Inflame"]}],"is_beta":false,"boss_relics":[{"not_picked":["Black Star","Mark of Pain"],"picked":"Astrolabe"},{"not_picked":["Snecko Eye","Cursed Key"],"picked":"White Beast Statue"}],"items_purged_floors":[3,21],"is_endless":false,"potions_floor_spawned":[7,12,18,20,25,28,35,39,40,41,42,47,48],"killed_by":"Donu and Deca","ascension_level":5}