{"gold_per_floor":[113,113,131,155,330,330,346,382,408,408,388,403,421,437,437,566,566,586,358,393,417,190,190],"floor_reached":23,"playtime":1187,"items_purged":["Strike_R","Strike_R"],"score":212,"play_id":"97348156-f301-4b13-852d-ef5f0b7b413d","local_time":"20190403002244","is_ascension_mode":true,"campfire_choices":[{"data":"Armaments","floor":6,"key":"SMITH"},{"data":"True Grit","floor":10,"key":"SMITH"},{"data":"True Grit","floor":15,"key":"SMITH"}],"neow_cost":"CURSE","seed_source_timestamp":1216657660219406,"circlet_count":0,"master_deck":["Strike_R","Strike_R","Strike_R","Defend_R","Defend_R","Defend_R","Defend_R","Bash","Writhe","Armaments+1","Hemokinesis","Feel No Pain","Doubt","True Grit+1","Anger","True Grit+1","Feed","Offering","Sword Boomerang+1","Flame Barrier+1","Shockwave","Blind"],"relics":["Burning Blood","Mango","Golden Idol","Happy Flower","Vajra","Cursed Key","Lantern","Red Mask"],"potions_floor_usage":[8,12,16,16,16,18,20,23],"damage_taken":[{"damage":7,"enemies":"Small Slimes","floor":1,"turns":4},{"damage":0,"enemies":"2 Louse","floor":3,"turns":3},{"damage":5,"enemies":"Jaw Worm","floor":4,"turns":3},{"damage":21,"enemies":"Red Slaver","floor":7,"turns":5},{"damage":16,"enemies":"Lagavulin","floor":8,"turns":9},{"damage":1,"enemies":"Looter","floor":12,"turns":2},{"damage":3,"enemies":"2 Fungi Beasts","floor":13,"turns":3},{"damage":3,"enemies":"Blue Slaver","floor":14,"turns":6},{"damage":68,"enemies":"Hexaghost","floor":16,"turns":11},{"damage":16,"enemies":"3 Byrds","floor":18,"turns":4},{"damage":71,"enemies":"Masked Bandits","floor":20,"turns":8},{"damage":7,"enemies":"Spheric Guardian","floor":21,"turns":4},{"damage":14,"enemies":"Slavers","floor":23,"turns":1}],"seed_played":"1775674668091385205","potions_obtained":[{"floor":1,"key":"EntropicBrew"},{"floor":3,"key":"Strength Potion"},{"floor":4,"key":"Dexterity Potion"},{"floor":11,"key":"Fire Potion"},{"floor":13,"key":"SteroidPotion"},{"floor":16,"key":"Strength Potion"},{"floor":21,"key":"Poison Potion"}],"is_trial":false,"path_per_floor":["M","?","M","M","?","R","M","E","T","R","?","M","M","M","R","B",null,"M","$","?","M","$","E"],"character_chosen":"IRONCLAD","items_purchased":["Lantern","Shockwave","Blind"],"campfire_rested":0,"item_purchase_floors":[19,22,22],"current_hp_per_floor":[93,87,87,87,87,87,72,62,62,62,62,67,70,73,73,11,87,80,80,15,14,14,0],"gold":190,"neow_bonus":"ONE_RARE_RELIC","is_prod":false,"is_daily":false,"chose_seed":false,"campfire_upgraded":3,"win_rate":0,"timestamp":1554268964,"path_taken":["M","?","M","M","?","R","M","E","T","R","?","M","?","M","R","BOSS","M","$","?","M","$","E"],"build_version":"2019-01-23","purchased_purges":2,"victory":false,"max_hp_per_floor":[94,87,87,87,87,87,87,87,87,87,87,87,87,87,87,87,87,90,90,90,90,90,90],"card_choices":[{"not_picked":["Pommel Strike","Second Wind"],"picked":"Armaments","floor":1},{"not_picked":["Combust","Twin Strike"],"picked":"Hemokinesis","floor":3},{"not_picked":["Clothesline","Headbutt"],"picked":"Feel No Pain","floor":4},{"not_picked":["Clash","Heavy Blade","Combust"],"picked":"SKIP","floor":7},{"not_picked":["Pummel","Warcry"],"picked":"True Grit","floor":8},{"not_picked":["Evolve","Fire Breathing"],"picked":"Anger","floor":12},{"not_picked":["Uppercut","Iron Wave"],"picked":"True Grit","floor":13},{"not_picked":["Pommel Strike","Iron Wave"],"picked":"Feed","floor":14},{"not_picked":["Feed","Fiend Fire"],"picked":"Offering","floor":16},{"not_picked":["Hemokinesis","Intimidate+1"],"picked":"Sword Boomerang+1","floor":18},{"not_picked":["Havoc","Metallicize+1"],"picked":"Flame Barrier+1","floor":20},{"not_picked":["Anger","Infernal Blade","Havoc"],"picked":"SKIP","floor":21}],"player_experience":203096,"relics_obtained":[{"floor":8,"key":"Happy Flower"},{"floor":9,"key":"Vajra"},{"floor":20,"key":"Red Mask"}],"event_choices":[{"damage_healed":0,"gold_gain":0,"player_choice":"Lose Max HP","damage_taken":0,"relics_obtained":["Golden Idol"],"max_hp_gain":0,"max_hp_loss":7,"event_name":"Golden Idol","floor":2,"gold_loss":0},{"damage_healed":0,"gold_gain":175,"player_choice":"AGREE","damage_taken":0,"max_hp_gain":0,"max_hp_loss":0,"event_name":"Liars Game","floor":5,"gold_loss":0,"cards_obtained":["Doubt"]},{"damage_healed":0,"gold_gain":0,"player_choice":"Bought 1 Potion","damage_taken":0,"max_hp_gain":0,"max_hp_loss":0,"event_name":"The Woman in Blue","floor":11,"gold_loss":0},{"damage_healed":0,"gold_gain":0,"player_choice":"Fought Bandits","damage_taken":0,"max_hp_gain":0,"max_hp_loss":0,"event_name":"Masked Bandits","floor":20,"gold_loss":0}],"is_beta":false,"boss_relics":[{"not_picked":["Tiny House","Coffee Dripper"],"picked":"Cursed Key"}],"items_purged_floors":[19,22],"is_endless":false,"potions_floor_spawned":[1,3,4,13,16,21],"killed_by":"Slavers","ascension_level":2}