{"path_per_floor":["M","$","?","?","M","R","?","R","T","R","E","R","?","E","R","B",null,"M","?","$","M","M","R","M","?","T","M","M","M","R","?","R"],"character_chosen":"IRONCLAD","items_purchased":["True Grit","Toolbox","Regen Potion"],"gold_per_floor":[109,60,60,60,73,73,148,148,220,220,250,250,250,280,280,376,376,396,396,20,36,50,50,66,66,66,84,97,108,108,108,108],"floor_reached":33,"campfire_rested":2,"playtime":1533,"current_hp_per_floor":[78,78,71,71,68,68,57,57,57,57,55,77,62,37,60,27,65,71,53,53,53,44,44,50,50,50,50,51,49,49,41,41],"items_purged":["Defend_R"],"gold":108,"score":431,"play_id":"ba6b5867-5f15-40e8-9c04-f81a3e277b24","is_prod":false,"is_daily":false,"is_ascension_mode":true,"campfire_upgraded":6,"path_taken":["M","$","?","?","?","R","?","R","T","R","E","R","?","E","R","BOSS","M","?","$","M","M","R","M","?","T","?","M","M","R","?","R","BOSS"],"build_version":"2018-02-22-PROD2","purchased_purges":1,"victory":false,"master_deck":["Defend_R","Defend_R","Defend_R+1","Bash+1","Iron Wave+1","True Grit+1","Fiend Fire+1","Impervious+1","Bite","Bite","Bite","Bite","Bite","Evolve+1","Inflame+1","Decay","Shrug It Off+1","Double Tap+1"],"max_hp_per_floor":[80,80,77,77,77,77,77,77,77,77,77,77,77,77,77,77,77,77,53,53,53,53,53,53,53,53,53,53,53,53,58,58],"relics":["Burning Blood","Paper Frog","Ice Cream","Frozen Egg 2","Cursed Key","Toolbox","Magic Flower"],"card_choices":[{"not_picked":["Wild Strike","Twin Strike"],"picked":"Iron Wave"},{"not_picked":["Heavy Blade","Flex"],"picked":"Fiend Fire"},{"not_picked":["Double Tap","Juggernaut"],"picked":"Impervious"},{"not_picked":["Pommel Strike","Perfected Strike"],"picked":"Evolve"},{"not_picked":["Thunderclap","Warcry"],"picked":"Inflame"},{"not_picked":["Clash","True Grit"],"picked":"Shrug It Off"},{"not_picked":["Evolve","Perfected Strike"],"picked":"Double Tap"}],"player_experience":186801,"potions_floor_usage":[33,33],"damage_taken":[{"damage":0.0,"enemies":"Small Slimes","floor":1.0,"turns":3.0},{"damage":9.0,"enemies":"2 Louse","floor":5.0,"turns":3.0},{"damage":8.0,"enemies":"Gremlin Nob","floor":11.0,"turns":3.0},{"damage":31.0,"enemies":"Lagavulin","floor":14.0,"turns":5.0},{"damage":39.0,"enemies":"Slime Boss","floor":16.0,"turns":11.0},{"damage":0.0,"enemies":"Chosen","floor":18.0,"turns":3.0},{"damage":2.0,"enemies":"3 Byrds","floor":21.0,"turns":5.0},{"damage":25.0,"enemies":"Centurion and Healer","floor":22.0,"turns":4.0},{"damage":11,"enemies":"Chosen and Byrds","floor":24,"turns":6},{"damage":12,"enemies":"Snake Plant","floor":27,"turns":3},{"damage":27,"enemies":"Centurion and Healer","floor":28,"turns":7},{"damage":30,"enemies":"Sentry and Sphere","floor":29,"turns":8},{"damage":101,"enemies":"Collector","floor":33,"turns":7}],"event_choices":[{"event_name":"Golden Wing","player_choice":"Card Removal","floor":3.0,"damage_taken":0.0},{"event_name":"The Lab","player_choice":"Got Potions","floor":4.0,"damage_taken":0.0},{"event_name":"World of Goop","player_choice":"Gather Gold","floor":7.0,"damage_taken":0.0},{"event_name":"Shining Light","player_choice":"Entered Light","floor":13.0,"damage_taken":0.0},{"event_name":"Vampires","player_choice":"Became a vampire","floor":19.0,"damage_taken":0.0},{"event_name":"Drug Dealer","player_choice":"Ignored","floor":25,"damage_taken":0},{"event_name":"Forgotten Altar","player_choice":"Shed Blood","floor":31,"damage_taken":0}],"boss_relics":[],"potions_floor_spawned":[5,16,21,29],"seed_played":"3332944197445332070","killed_by":"Collector","ascension_level":12,"is_trial":false}