{"gold_per_floor":[114,114,38,38,49,82,82,82,107,107,107,107,32,47,47,145,145,157,167,167],"floor_reached":20,"playtime":2038,"items_purged":["Parasite"],"score":170,"play_id":"ac145f1a-3340-409e-a4a2-3e9dda39249a","local_time":"20190325133606","is_ascension_mode":false,"campfire_choices":[{"floor":8,"key":"REST"},{"floor":10,"key":"REST"},{"floor":12,"key":"RECALL"},{"data":"Armaments","floor":15,"key":"SMITH"}],"neow_cost":"NONE","seed_source_timestamp":1728751351745,"circlet_count":0,"master_deck":["Strike_R","Strike_R","Strike_R","Strike_R","Strike_R","Defend_R","Defend_R","Defend_R","Defend_R","Bash","Limit Break","Armaments+1","Double Tap","Iron Wave","Metallicize","Feed","Feed","Shrug It Off","Pommel Strike+1"],"relics":["Burning Blood","GremlinMask","Juzu Bracelet","Pen Nib","Lizard Tail"],"potions_floor_usage":[16,16],"damage_taken":[{"damage":13,"enemies":"Jaw Worm","floor":1,"turns":4},{"damage":8,"enemies":"Cultist","floor":5,"turns":5},{"damage":67,"enemies":"Gremlin Nob","floor":6,"turns":7},{"damage":1,"enemies":"2 Louse","floor":14,"turns":3},{"damage":37,"enemies":"Slime Boss","floor":16,"turns":9},{"damage":61,"enemies":"Spheric Guardian","floor":18,"turns":16},{"damage":9,"enemies":"Shell Parasite","floor":19,"turns":12},{"damage":27,"enemies":"Centurion and Healer","floor":20,"turns":5}],"seed_played":"7260476893771195014","potions_obtained":[{"floor":1,"key":"Strength Potion"},{"floor":14,"key":"Explosive Potion"},{"floor":19,"key":"SpeedPotion"}],"is_trial":false,"path_per_floor":["?","T","?","?"],"character_chosen":"IRONCLAD","items_purchased":["Double Tap"],"campfire_rested":2,"item_purchase_floors":[3],"current_hp_per_floor":[73,73,73,73,71,10,30,54,54,78,83,83,82,82,82,51,82,27,24,41],"gold":167,"neow_bonus":"ONE_RANDOM_RARE_CARD","is_prod":false,"is_daily":false,"chose_seed":false,"campfire_upgraded":1,"win_rate":0,"timestamp":1553535366,"path_taken":["M","?","$","?","M","E","?","R","T","R","?","R","$","M","R","BOSS","M","M","M"],"build_version":"2019-01-23","purchased_purges":1,"victory":false,"max_hp_per_floor":[80,80,80,80,80,80,80,80,80,80,85,85,82,82,82,82,82,82,82,82],"card_choices":[{"not_picked":["Carnage","Anger"],"picked":"Armaments","floor":1},{"not_picked":["Thunderclap","Clash"],"picked":"Iron Wave","floor":5},{"not_picked":["Armaments","True Grit"],"picked":"Metallicize","floor":6},{"not_picked":["Body Slam","Perfected Strike"],"picked":"Feed","floor":14},{"not_picked":["Offering","Juggernaut"],"picked":"Feed","floor":16},{"not_picked":["Iron Wave","Clash"],"picked":"Shrug It Off","floor":18},{"not_picked":["Wild Strike","Iron Wave"],"picked":"Pommel Strike+1","floor":19}],"player_experience":66247,"relics_obtained":[{"floor":6,"key":"Juzu Bracelet"},{"floor":9,"key":"Pen Nib"}],"event_choices":[{"damage_healed":0,"gold_gain":0,"player_choice":"Trade","damage_taken":0,"relics_obtained":["GremlinMask"],"max_hp_gain":0,"max_hp_loss":0,"event_name":"FaceTrader","floor":2,"gold_loss":0},{"damage_healed":20,"gold_gain":0,"player_choice":"Healed and dodged fight","damage_taken":0,"max_hp_gain":0,"max_hp_loss":0,"event_name":"Mushrooms","floor":7,"gold_loss":0,"cards_obtained":["Parasite"]},{"damage_healed":0,"gold_gain":0,"player_choice":"Donut","damage_taken":0,"max_hp_gain":5,"max_hp_loss":0,"event_name":"Big Fish","floor":11,"gold_loss":0}],"is_beta":false,"boss_relics":[{"not_picked":["Empty Cage","Orrery"],"picked":"Lizard Tail"}],"items_purged_floors":[13],"is_endless":false,"potions_floor_spawned":[1,14,19],"killed_by":"Centurion and Healer","ascension_level":0}