{"gold_per_floor":[112,122,122,122,140,169,189,114,144,169,169,190,206,217,217,318,318,334,409,153,172,191,191,209,221,247,247,282,41,51,62,62,157,157,169,187,201,217,234,234,245,245,245,245,96,124,124,149,149,149],"floor_reached":51,"playtime":75771,"items_purged":["Defend_B","Strike_B"],"score":728,"play_id":"342358ac-d175-4097-b55f-5131897a6ea9","local_time":"20190213132409","is_ascension_mode":true,"campfire_choices":[{"floor":11,"key":"REST"},{"data":"Zap","floor":15,"key":"SMITH"},{"data":"Consume","floor":23,"key":"SMITH"},{"data":"Dualcast","floor":27,"key":"SMITH"},{"floor":32,"key":"REST"},{"data":"Electrodynamics","floor":40,"key":"SMITH"},{"data":"Ball Lightning","floor":44,"key":"SMITH"},{"data":"Defragment","floor":49,"key":"SMITH"}],"neow_cost":"NONE","seed_source_timestamp":433924759730919,"circlet_count":0,"master_deck":["Strike_B","Strike_B","Defend_B","Defend_B+1","Zap+1","Dualcast+1","Glacier+1","Consume+1","Ball Lightning","Undo+1","Ball Lightning+1","Genetic Algorithm+1","Redo+1","Leap+1","Steam+1","Echo Form","White Noise+1","Steam+1","Conserve Battery+1","Chill+1","Leap+1","Electrodynamics+1","Redo+1","Self Repair+1","Parasite","Chaos+1","Defragment+1"],"relics":["Cracked Core","Bag of Preparation","Strawberry","Toxic Egg 2","Tiny Chest","Regal Pillow","Odd Mushroom","Inserter","Lantern","Anchor","Shuriken","Cables","Coffee Dripper","Question Card","War Paint","Juzu Bracelet","Oddly Smooth Stone"],"potions_floor_usage":[6,13,21,28,33,33,48,50,50],"damage_taken":[{"damage":0,"enemies":"Small Slimes","floor":1,"turns":2},{"damage":4,"enemies":"Jaw Worm","floor":2,"turns":4},{"damage":0,"enemies":"2 Louse","floor":5,"turns":2},{"damage":13,"enemies":"Lagavulin","floor":6,"turns":7},{"damage":0,"enemies":"Exordium Wildlife","floor":7,"turns":5},{"damage":5,"enemies":"3 Sentries","floor":10,"turns":7},{"damage":13,"enemies":"The Mushroom Lair","floor":12,"turns":4},{"damage":5,"enemies":"Exordium Thugs","floor":13,"turns":4},{"damage":5,"enemies":"Lots of Slimes","floor":14,"turns":4},{"damage":13,"enemies":"Slime Boss","floor":16,"turns":9},{"damage":5,"enemies":"Spheric Guardian","floor":18,"turns":4},{"damage":7,"enemies":"3 Byrds","floor":21,"turns":6},{"damage":11,"enemies":"Shelled Parasite and Fungi","floor":22,"turns":4},{"damage":10,"enemies":"Snecko","floor":24,"turns":5},{"damage":0,"enemies":"3 Cultists","floor":25,"turns":3},{"damage":5,"enemies":"Slavers","floor":28,"turns":7},{"damage":0,"enemies":"Cultist and Chosen","floor":30,"turns":4},{"damage":0,"enemies":"Chosen and Byrds","floor":31,"turns":7},{"damage":14,"enemies":"Automaton","floor":33,"turns":10},{"damage":0,"enemies":"Orb Walker","floor":35,"turns":4},{"damage":0,"enemies":"3 Darklings","floor":36,"turns":5},{"damage":9,"enemies":"Spire Growth","floor":37,"turns":5},{"damage":0,"enemies":"Writhing Mass","floor":38,"turns":6},{"damage":0,"enemies":"3 Darklings","floor":39,"turns":5},{"damage":0,"enemies":"Sphere and 2 Shapes","floor":41,"turns":3},{"damage":16,"enemies":"Giant Head","floor":46,"turns":9},{"damage":17,"enemies":"Nemesis","floor":48,"turns":9},{"damage":10,"enemies":"Awakened One","floor":50,"turns":12}],"seed_played":"-5434468775783274615","potions_obtained":[{"floor":2,"key":"Energy Potion"},{"floor":6,"key":"Block Potion"},{"floor":10,"key":"Weak Potion"},{"floor":14,"key":"Dexterity Potion"},{"floor":18,"key":"Poison Potion"},{"floor":22,"key":"EssenceOfSteel"},{"floor":30,"key":"Block Potion"},{"floor":35,"key":"Fire Potion"},{"floor":38,"key":"GamblersBrew"},{"floor":42,"key":"Energy Potion"}],"is_trial":false,"path_per_floor":["M","M","?","T","M","E","M","$","T","E","R","?","M","M","R","B",null,"M","?","$","M","M","R","M","M","T","R","E","$","M","M","R","B",null,"M","M","M","M","M","R","M","?","T","R","$","E","?","E","R","B",null],"character_chosen":"DEFECT","items_purchased":["Lantern","Cables","War Paint"],"campfire_rested":2,"item_purchase_floors":[20,29,45],"current_hp_per_floor":[75,71,59,66,66,53,53,53,53,48,82,69,64,59,59,46,82,77,69,69,62,51,51,41,41,41,41,36,36,36,36,75,61,82,82,82,73,82,82,82,82,82,82,82,82,76,76,69,69,69],"gold":149,"neow_bonus":"REMOVE_CARD","is_prod":false,"is_daily":false,"chose_seed":false,"campfire_upgraded":6,"win_rate":0,"timestamp":1550093049,"path_taken":["M","M","?","?","M","E","M","$","T","E","R","?","M","?","R","BOSS","M","?","$","?","M","R","M","M","T","R","E","$","M","M","R","BOSS","M","?","M","M","M","R","M","?","T","R","?","E","?","E","R","BOSS"],"build_version":"2019-01-23","purchased_purges":2,"victory":true,"max_hp_per_floor":[75,75,75,82,82,82,82,82,82,82,82,82,82,82,82,82,82,82,82,82,82,82,82,82,82,82,82,82,82,82,82,82,82,82,82,82,82,82,82,82,82,82,82,82,82,82,82,82,82,82],"card_choices":[{"not_picked":["Redo","Doom and Gloom"],"picked":"Glacier","floor":1},{"not_picked":["Rebound","Scrape"],"picked":"Consume","floor":2},{"not_picked":["Chill","Chaos"],"picked":"Ball Lightning","floor":5},{"not_picked":["Amplify","Cold Snap"],"picked":"Undo","floor":6},{"not_picked":["Heatsinks","Hologram+1"],"picked":"Ball Lightning","floor":7},{"not_picked":["Tempest+1","Barrage"],"picked":"Genetic Algorithm+1","floor":10},{"not_picked":["Scrape","Auto Shields+1"],"picked":"Redo+1","floor":12},{"not_picked":["Hologram+1","Stack+1"],"picked":"Leap+1","floor":13},{"not_picked":["Melter","Compile Driver"],"picked":"Steam+1","floor":14},{"not_picked":["Amplify+1","All For One"],"picked":"Echo Form","floor":16},{"not_picked":["Darkness+1","Leap+1","Compile Driver"],"picked":"SKIP","floor":18},{"not_picked":["Streamline+1","Steam Power+1"],"picked":"White Noise+1","floor":21},{"not_picked":["Biased Cognition","Go for the Eyes"],"picked":"Steam+1","floor":22},{"not_picked":["Cold Snap","Skim+1"],"picked":"Conserve Battery+1","floor":24},{"not_picked":["Beam Cell","Cold Snap","Stack+1"],"picked":"SKIP","floor":25},{"not_picked":["Hologram+1","Steam+1","Darkness+1"],"picked":"SKIP","floor":28},{"not_picked":["Echo Form","Lockon"],"picked":"Chill+1","floor":30},{"not_picked":["Stack+1","Rebound"],"picked":"Leap+1","floor":31},{"not_picked":["Echo Form","Thunder Strike"],"picked":"Electrodynamics","floor":33},{"not_picked":["Hologram+1","Reprogram+1","Stack+1"],"picked":"SKIP","floor":35},{"not_picked":["Barrage","FTL"],"picked":"Redo+1","floor":36},{"not_picked":["Conserve Battery+1","Sweeping Beam+1"],"picked":"Self Repair+1","floor":37},{"not_picked":["Skim+1","Compile Driver"],"picked":"Chaos+1","floor":38},{"not_picked":["Hologram+1","Cold Snap+1","Genetic Algorithm+1"],"picked":"SKIP","floor":39},{"not_picked":["Compile Driver","Barrage","Rebound"],"picked":"SKIP","floor":41},{"not_picked":["Reprogram+1","Beam Cell+1","Steam+1","Chill+1"],"picked":"SKIP","floor":46},{"not_picked":["Hologram+1","Genetic Algorithm+1","Steam+1"],"picked":"Defragment","floor":48}],"player_experience":756455,"relics_obtained":[{"floor":4,"key":"Strawberry"},{"floor":6,"key":"Toxic Egg 2"},{"floor":9,"key":"Tiny Chest"},{"floor":10,"key":"Regal Pillow"},{"floor":12,"key":"Odd Mushroom"},{"floor":26,"key":"Anchor"},{"floor":28,"key":"Shuriken"},{"floor":43,"key":"Question Card"},{"floor":46,"key":"Juzu Bracelet"},{"floor":48,"key":"Oddly Smooth Stone"}],"event_choices":[{"damage_healed":0,"gold_gain":0,"player_choice":"Success","damage_taken":12,"relics_obtained":["Bag of Preparation"],"max_hp_gain":0,"max_hp_loss":0,"event_name":"Scrap Ooze","floor":3,"gold_loss":0},{"damage_healed":0,"gold_gain":0,"player_choice":"Fought Mushrooms","damage_taken":0,"max_hp_gain":0,"max_hp_loss":0,"event_name":"Mushrooms","floor":12,"gold_loss":0},{"damage_healed":0,"gold_gain":75,"player_choice":"Touch","damage_taken":8,"max_hp_gain":0,"max_hp_loss":0,"event_name":"FaceTrader","floor":19,"gold_loss":0},{"damage_healed":0,"gold_gain":0,"player_choice":"Got Potions","damage_taken":0,"max_hp_gain":0,"max_hp_loss":0,"event_name":"Lab","floor":42,"gold_loss":0},{"cards_removed":["Defend_B"],"damage_healed":0,"gold_gain":0,"player_choice":"Offered Basic","damage_taken":0,"max_hp_gain":0,"max_hp_loss":0,"event_name":"Bonfire Elementals","floor":47,"gold_loss":0}],"is_beta":false,"boss_relics":[{"not_picked":["Astrolabe","Velvet Choker"],"picked":"Inserter"},{"not_picked":["Pandora\u0027s Box","Cursed Key"],"picked":"Coffee Dripper"}],"items_purged_floors":[8,20],"is_endless":false,"potions_floor_spawned":[2,6,10,14,18,22,30,35,38,41],"ascension_level":1}