{"gold_per_floor":[117,129,140,140,150,150,176,196,249,266,282,282,282,298,298,402,402,327,327,327,0,0,0,0,0,0,0,0,0,0,0,0,0],"floor_reached":33,"playtime":3708,"items_purged":[],"score":294,"play_id":"f23702bc-4d89-4a63-83c3-0c8d9a3ed311","local_time":"20190322111040","is_ascension_mode":false,"campfire_choices":[{"data":"Shrug It Off","floor":6,"key":"SMITH"},{"data":"Pommel Strike","floor":12,"key":"SMITH"},{"floor":15,"key":"REST"},{"floor":24,"key":"REST"},{"floor":29,"key":"REST"},{"floor":32,"key":"REST"}],"neow_cost":"NONE","seed_source_timestamp":590159612228,"circlet_count":0,"master_deck":["Strike_R","Strike_R","Strike_R","Strike_R","Strike_R","Defend_R","Defend_R","Defend_R","Bash","Shrug It Off+1","Heavy Blade","Offering","Pummel","Anger","Clash","Headbutt","Warcry","Pommel Strike+1","Regret","Clash","Impervious","Dropkick","Thunderclap","Body Slam","Flame Barrier","Decay","Armaments","Ghostly","Ghostly","Ghostly","Ghostly","Ghostly"],"relics":["Burning Blood","Centennial Puzzle","Pocketwatch","Juzu Bracelet","Gremlin Horn","Ectoplasm","Charon\u0027s Ashes","Paper Frog","Vajra","Regal Pillow","Lantern"],"potions_floor_usage":[7,20,22,33],"damage_taken":[{"damage":7,"enemies":"2 Louse","floor":1,"turns":3},{"damage":6,"enemies":"Jaw Worm","floor":2,"turns":4},{"damage":0,"enemies":"Small Slimes","floor":3,"turns":3},{"damage":8,"enemies":"Looter","floor":5,"turns":2},{"damage":16,"enemies":"Lagavulin","floor":7,"turns":5},{"damage":6,"enemies":"2 Fungi Beasts","floor":8,"turns":2},{"damage":7,"enemies":"Exordium Wildlife","floor":10,"turns":3},{"damage":6,"enemies":"3 Louse","floor":11,"turns":2},{"damage":10,"enemies":"Looter","floor":14,"turns":2},{"damage":58,"enemies":"Hexaghost","floor":16,"turns":8},{"damage":31,"enemies":"2 Thieves","floor":18,"turns":4},{"damage":24,"enemies":"Colosseum Slavers","floor":19,"turns":5},{"damage":32,"enemies":"Colosseum Nobs","floor":19,"turns":4},{"damage":3,"enemies":"Chosen","floor":20,"turns":3},{"damage":0,"enemies":"Snake Plant","floor":22,"turns":1},{"damage":41,"enemies":"Gremlin Leader","floor":27,"turns":3},{"damage":32,"enemies":"Centurion and Healer","floor":30,"turns":5},{"damage":50,"enemies":"Automaton","floor":33,"turns":6}],"seed_played":"1343584996120114979","potions_obtained":[{"floor":1,"key":"Fire Potion"},{"floor":8,"key":"Dexterity Potion"},{"floor":10,"key":"SmokeBomb"},{"floor":16,"key":"EssenceOfSteel"},{"floor":19,"key":"Swift Potion"},{"floor":30,"key":"Ancient Potion"}],"is_trial":false,"path_per_floor":["?","?","?","?","?","?","?","?"],"character_chosen":"IRONCLAD","items_purchased":[],"campfire_rested":4,"item_purchase_floors":[],"current_hp_per_floor":[79,79,80,80,78,78,68,68,68,67,67,67,67,63,80,28,80,55,11,14,14,20,20,44,44,44,9,9,48,22,22,40,0],"gold":0,"neow_bonus":"RANDOM_COMMON_RELIC","is_prod":false,"is_daily":false,"chose_seed":false,"campfire_upgraded":2,"win_rate":1,"timestamp":1553267440,"path_taken":["M","M","M","?","M","R","E","M","T","M","M","R","?","M","R","BOSS","M","?","M","?","M","?","R","?","T","E","?","R","M","?","R","BOSS"],"build_version":"2019-01-23","purchased_purges":0,"victory":false,"max_hp_per_floor":[80,80,80,80,80,80,80,80,80,80,80,80,80,80,80,80,80,80,80,80,80,80,80,80,80,80,80,80,80,80,40,40,40],"card_choices":[{"not_picked":["Pommel Strike","Clash"],"picked":"Shrug It Off","floor":1},{"not_picked":["Sword Boomerang","Second Wind"],"picked":"Heavy Blade","floor":2},{"not_picked":["Twin Strike","Heavy Blade"],"picked":"Offering","floor":3},{"not_picked":["Perfected Strike","Reckless Charge"],"picked":"Anger","floor":5},{"not_picked":["Iron Wave","Perfected Strike"],"picked":"Clash","floor":7},{"not_picked":["Perfected Strike","Pommel Strike"],"picked":"Headbutt","floor":8},{"not_picked":["Rampage","Sever Soul"],"picked":"Warcry","floor":10},{"not_picked":["Shrug It Off","Headbutt"],"picked":"Pommel Strike","floor":11},{"not_picked":["Iron Wave","Clothesline"],"picked":"Clash","floor":14},{"not_picked":["Bludgeon","Fiend Fire"],"picked":"Impervious","floor":16},{"not_picked":["Rampage","Body Slam"],"picked":"Dropkick","floor":18},{"not_picked":["Twin Strike","Cleave"],"picked":"Thunderclap","floor":19},{"not_picked":["Twin Strike","Thunderclap"],"picked":"Body Slam","floor":20},{"not_picked":["Twin Strike","Headbutt"],"picked":"Flame Barrier","floor":27},{"not_picked":["Heavy Blade","Sword Boomerang"],"picked":"Armaments","floor":30}],"player_experience":8253,"relics_obtained":[{"floor":7,"key":"Pocketwatch"},{"floor":9,"key":"Juzu Bracelet"},{"floor":19,"key":"Charon\u0027s Ashes"},{"floor":19,"key":"Paper Frog"},{"floor":26,"key":"Regal Pillow"},{"floor":27,"key":"Lantern"}],"event_choices":[{"damage_healed":0,"gold_gain":0,"cards_transformed":["Defend_R"],"player_choice":"Change","damage_taken":0,"max_hp_gain":0,"max_hp_loss":0,"event_name":"Living Wall","floor":4,"gold_loss":0,"cards_obtained":["Pummel"]},{"damage_healed":0,"gold_gain":0,"player_choice":"Box","damage_taken":0,"relics_obtained":["Gremlin Horn"],"max_hp_gain":0,"max_hp_loss":0,"event_name":"Big Fish","floor":13,"gold_loss":0,"cards_obtained":["Regret"]},{"damage_healed":0,"gold_gain":0,"player_choice":"Fight","damage_taken":0,"max_hp_gain":0,"max_hp_loss":0,"event_name":"Colosseum","floor":19,"gold_loss":0},{"damage_healed":0,"gold_gain":0,"player_choice":"Fought Nobs","damage_taken":0,"max_hp_gain":0,"max_hp_loss":0,"event_name":"Colosseum","floor":19,"gold_loss":0},{"damage_healed":0,"gold_gain":0,"player_choice":"Paid Fearfully","damage_taken":0,"max_hp_gain":0,"max_hp_loss":0,"event_name":"Masked Bandits","floor":21,"gold_loss":327},{"damage_healed":0,"gold_gain":0,"player_choice":"Opened","damage_taken":0,"relics_obtained":["Vajra"],"max_hp_gain":0,"max_hp_loss":0,"event_name":"The Mausoleum","floor":23,"gold_loss":0},{"damage_healed":0,"gold_gain":0,"player_choice":"Smashed Altar","damage_taken":0,"max_hp_gain":0,"max_hp_loss":0,"event_name":"Forgotten Altar","floor":28,"gold_loss":0,"cards_obtained":["Decay"]},{"damage_healed":0,"gold_gain":0,"player_choice":"Became a Ghost","damage_taken":0,"max_hp_gain":0,"max_hp_loss":40,"event_name":"Ghosts","floor":31,"gold_loss":0,"cards_obtained":["Ghostly","Ghostly","Ghostly","Ghostly","Ghostly"]}],"is_beta":false,"boss_relics":[{"not_picked":["Runic Dome","White Beast Statue"],"picked":"Ectoplasm"}],"items_purged_floors":[],"is_endless":false,"potions_floor_spawned":[1,8,10,16,19,19,30],"killed_by":"Automaton","ascension_level":0}