{"path_per_floor":["M","M","M","?","M","R","M","E","T","$","E","$","R","$","R","B",null,"M","M","M","M","M","E","R","E","T","R","$","E","M","?","R","B",null,"M","$","M","?","$","R","M","E","T","R","M","R","M","M","R","B"],"character_chosen":"DEFECT","items_purchased":["Streamline+1","Turbo","Orichalcum","Loop","Stack+1","Ice Cream","Stack+1","Compile Driver+1","Chill+1","Swift Potion"],"gold_per_floor":[209,227,243,293,309,309,320,351,351,94,123,25,25,25,25,102,102,118,134,153,169,180,208,208,243,543,543,148,175,195,195,195,273,273,292,86,105,105,5,5,20,47,72,72,90,90,108,122,122,122],"floor_reached":51,"campfire_rested":6,"playtime":5492,"item_purchase_floors":[],"current_hp_per_floor":[62,62,61,61,46,46,41,32,32,32,26,26,26,26,47,47,65,62,62,59,56,42,41,41,39,39,60,60,37,32,32,53,48,65,39,39,19,19,19,40,40,34,34,55,55,55,55,55,71,71],"items_purged":["Strike_B","Strike_B"],"gold":122,"score":1493,"play_id":"79136549-72af-4395-98ab-631c576d9ac9","local_time":"20180602031351","is_prod":false,"is_daily":false,"chose_seed":false,"is_ascension_mode":true,"campfire_upgraded":4,"win_rate":0,"timestamp":1527902031,"campfire_choices":[{"data":"Zap","floor":6.0,"key":"SMITH"},{"data":"Defragment","floor":13.0,"key":"SMITH"},{"floor":15.0,"key":"REST"},{"data":"Hologram","floor":24,"key":"SMITH"},{"floor":27,"key":"REST"},{"floor":32,"key":"REST"},{"floor":40,"key":"REST"},{"floor":44,"key":"REST"},{"data":"Loop","floor":46,"key":"SMITH"},{"floor":49,"key":"REST"}],"path_taken":["M","M","M","?","M","R","M","E","T","$","E","$","R","?","R","BOSS","M","M","M","M","M","E","R","E","T","R","$","E","M","?","R","BOSS","M","$","M","?","?","R","M","E","T","R","M","R","M","M","R","BOSS"],"build_version":"2018-05-30v2","seed_source_timestamp":457758555978713,"purchased_purges":2,"victory":true,"master_deck":["Strike_B","Strike_B","Defend_B","Defend_B","Defend_B","Defend_B","Zap+1","Dualcast","AscendersBane","Darkness","Glacier","All For One","FTL","Hologram+1","Streamline+1","Turbo","Defragment+1","Loop+1","Stack+1","Rainbow+1","Consume+1","Hologram+1","Scrape+1","Cold Snap+1","Darkness+1","Double Energy+1","Stack+1","Compile Driver+1","Scrape+1","Hologram+1","Creative AI","Stack+1","Chill+1","Chill+1","Double Energy+1","Coolheaded+1","Barrage+1"],"max_hp_per_floor":[71,71,71,71,71,71,71,71,71,71,71,71,71,71,71,71,71,71,71,71,71,71,71,71,71,71,71,71,71,71,71,71,71,71,71,71,71,71,71,71,71,71,71,71,71,71,71,71,71,71],"relics":["Cracked Core","Vajra","Molten Egg 2","Orichalcum","Toxic Egg 2","Snecko Eye","Ornamental Fan","Bottled Flame","Old Coin","Ice Cream","Ancient Tea Set","Happy Flower","Inserter","Meat on the Bone","DataDisk"],"card_choices":[{"not_picked":["Compile Driver","Steam"],"picked":"Darkness","floor":1.0},{"not_picked":["Ball Lightning","Compile Driver"],"picked":"Glacier","floor":2.0},{"not_picked":["Beam Cell","Cold Snap"],"picked":"All For One","floor":3.0},{"not_picked":["Loop","Static Discharge","Sweeping Beam"],"picked":"SKIP","floor":5.0},{"not_picked":["Coolheaded","Turbo"],"picked":"FTL","floor":7.0},{"not_picked":["Hello World","Reboot"],"picked":"Hologram","floor":8.0},{"not_picked":["Turbo","Compile Driver+1"],"picked":"Defragment","floor":11.0},{"not_picked":["Thunder Strike+1","Meteor Strike+1"],"picked":"Rainbow+1","floor":16.0},{"not_picked":["Beam Cell+1","Redo+1"],"picked":"Consume+1","floor":18.0},{"not_picked":["Rebound+1","Streamline+1"],"picked":"Hologram+1","floor":19.0},{"not_picked":["Undo+1","Gash+1","Beam Cell+1"],"picked":"SKIP","floor":20},{"not_picked":["Redo+1","Blizzard+1"],"picked":"Scrape+1","floor":21},{"not_picked":["Hello World","Steam+1"],"picked":"Cold Snap+1","floor":22},{"not_picked":["Ball Lightning+1","Go for the Eyes+1"],"picked":"Darkness+1","floor":23},{"not_picked":["Rainbow+1","Electrodynamics"],"picked":"Double Energy+1","floor":25},{"not_picked":["Cold Snap+1","Steam+1"],"picked":"Scrape+1","floor":29},{"not_picked":["Ball Lightning+1","Storm"],"picked":"Hologram+1","floor":30},{"not_picked":["Multi-Cast+1","Electrodynamics"],"picked":"Creative AI","floor":33},{"not_picked":["Static Discharge","Compile Driver+1"],"picked":"Stack+1","floor":35},{"not_picked":["Conserve Battery+1","Melter+1"],"picked":"Chill+1","floor":37},{"not_picked":["FTL+1","Self Repair"],"picked":"Double Energy+1","floor":41},{"not_picked":["Streamline+1","Leap+1","Storm+1"],"picked":"SKIP","floor":42},{"not_picked":["Sweeping Beam+1","Hyperbeam+1"],"picked":"Coolheaded+1","floor":45},{"not_picked":["Conserve Battery+1","Rebound+1","Storm"],"picked":"SKIP","floor":47},{"not_picked":["Conserve Battery+1","Static Discharge"],"picked":"Barrage+1","floor":48}],"player_experience":156167,"potions_floor_usage":[21,22,22,23,29,30,37],"damage_taken":[{"damage":2.0,"enemies":"2 Louse","floor":1.0,"turns":2.0},{"damage":0.0,"enemies":"Small Slimes","floor":2.0,"turns":3.0},{"damage":1.0,"enemies":"Jaw Worm","floor":3.0,"turns":5.0},{"damage":15.0,"enemies":"Lots of Slimes","floor":5.0,"turns":8.0},{"damage":5.0,"enemies":"Exordium Thugs","floor":7.0,"turns":5.0},{"damage":9.0,"enemies":"3 Sentries","floor":8.0,"turns":9.0},{"damage":6.0,"enemies":"Gremlin Nob","floor":11.0,"turns":3.0},{"damage":0.0,"enemies":"Slime Boss","floor":16.0,"turns":12.0},{"damage":3.0,"enemies":"Spheric Guardian","floor":18.0,"turns":4.0},{"damage":0.0,"enemies":"Chosen","floor":19.0,"turns":5.0},{"damage":3,"enemies":"Sentry and Sphere","floor":20,"turns":4},{"damage":3,"enemies":"Snake Plant","floor":21,"turns":3},{"damage":14,"enemies":"Slaver and Parasite","floor":22,"turns":6},{"damage":1,"enemies":"Book of Stabbing","floor":23,"turns":4},{"damage":2,"enemies":"Slavers","floor":25,"turns":9},{"damage":23,"enemies":"Book of Stabbing","floor":29,"turns":7},{"damage":5,"enemies":"Centurion and Healer","floor":30,"turns":4},{"damage":5,"enemies":"Collector","floor":33,"turns":6},{"damage":26,"enemies":"3 Darklings","floor":35,"turns":7},{"damage":20,"enemies":"3 Shapes","floor":37,"turns":7},{"damage":0,"enemies":"Sphere and 2 Shapes","floor":41,"turns":10},{"damage":6,"enemies":"Nemesis","floor":42,"turns":5},{"damage":0,"enemies":"4 Shapes","floor":45,"turns":5},{"damage":0,"enemies":"Maw","floor":47,"turns":5},{"damage":0,"enemies":"Sphere and 2 Shapes","floor":48,"turns":7},{"damage":0,"enemies":"Awakened One","floor":50,"turns":14}],"relics_obtained":[{"floor":8.0,"key":"Vajra"},{"floor":9.0,"key":"Molten Egg 2"},{"floor":11.0,"key":"Toxic Egg 2"},{"floor":23,"key":"Ornamental Fan"},{"floor":25,"key":"Bottled Flame"},{"floor":26,"key":"Old Coin"},{"floor":29,"key":"Ancient Tea Set"},{"floor":42,"key":"Meat on the Bone"},{"floor":43,"key":"DataDisk"}],"event_choices":[{"event_name":"Golden Wing","player_choice":"Gained Gold","floor":4.0,"damage_taken":0.0},{"event_name":"The Mausoleum","player_choice":"Yes","floor":31,"damage_taken":0},{"event_name":"SensoryStone","player_choice":"Memory 1","floor":38,"damage_taken":0}],"boss_relics":[{"not_picked":["Lizard Tail","Runic Dome"],"picked":"Inserter"}],"items_purged_floors":[36,39],"potions_floor_spawned":[2,3,7,18,19,21,22,25,33,35,45,47,48],"seed_played":"-8073572092018980772","ascension_level":14,"potions_obtained":[{"floor":2.0,"key":"SkillPotion"},{"floor":3.0,"key":"GamblersBrew"},{"floor":7.0,"key":"SpeedPotion"},{"floor":18.0,"key":"EssenceOfSteel"},{"floor":19.0,"key":"SneckoOil"},{"floor":21,"key":"Swift Potion"},{"floor":22,"key":"SkillPotion"},{"floor":25,"key":"Energy Potion"},{"floor":33,"key":"Energy Potion"},{"floor":35,"key":"SpeedPotion"},{"floor":45,"key":"FocusPotion"},{"floor":47,"key":"EntropicBrew"}],"is_trial":false}