{"gold_per_floor":[119,119,4,14,34,66,66,85,108,119,119,137,167,178,178,275,275,294,310,410,59,59,90,90,105,105,139,139,139,156,156,156,261,261,279,279,279,279,299,299,324,339,365,365,380,413,424,444,444,444],"floor_reached":51,"playtime":13500,"items_purged":["Strike_G","Strike_G"],"score":807,"play_id":"a280d029-0ca2-414f-99f1-16980a492163","local_time":"20190404124944","is_ascension_mode":true,"campfire_choices":[{"data":"Crippling Poison","floor":7,"key":"SMITH"},{"data":"Poisoned Stab","floor":11,"key":"SMITH"},{"floor":15,"key":"REST"},{"data":"Adrenaline","floor":24,"key":"SMITH"},{"data":"Catalyst","floor":29,"key":"SMITH"},{"floor":32,"key":"REST"},{"data":"Survivor","floor":40,"key":"SMITH"},{"data":"Noxious Fumes","floor":44,"key":"SMITH"},{"floor":49,"key":"REST"}],"neow_cost":"NONE","seed_source_timestamp":238365662767536,"circlet_count":0,"master_deck":["Defend_G","Defend_G+1","Defend_G","Defend_G","Strike_G","Strike_G","Strike_G","Survivor+1","Neutralize+1","Poisoned Stab+1","Noxious Fumes","Crippling Poison+1","Poisoned Stab+1","Backflip","Poisoned Stab","Adrenaline+1","Deadly Poison","Blur+1","Noxious Fumes","Deflect+1","Catalyst+1","Noxious Fumes+1","Catalyst+1"],"relics":["Ring of the Snake","Oddly Smooth Stone","Omamori","Snake Skull","Velvet Choker","Girya","Ninja Scroll","Gremlin Horn","Gambling Chip","Shovel","PreservedInsect","Eternal Feather","Lantern","War Paint","Bag of Marbles"],"potions_floor_usage":[6,20,20,33,33,41,48,50,50,50,50,50],"damage_taken":[{"damage":0,"enemies":"2 Louse","floor":1,"turns":3},{"damage":0,"enemies":"Cultist","floor":4,"turns":3},{"damage":1,"enemies":"Small Slimes","floor":5,"turns":3},{"damage":13,"enemies":"3 Sentries","floor":6,"turns":8},{"damage":0,"enemies":"Exordium Wildlife","floor":8,"turns":2},{"damage":6,"enemies":"2 Fungi Beasts","floor":10,"turns":3},{"damage":5,"enemies":"Exordium Thugs","floor":12,"turns":3},{"damage":24,"enemies":"Gremlin Nob","floor":13,"turns":4},{"damage":0,"enemies":"Blue Slaver","floor":14,"turns":3},{"damage":13,"enemies":"Slime Boss","floor":16,"turns":8},{"damage":5,"enemies":"Spheric Guardian","floor":18,"turns":3},{"damage":13,"enemies":"Shell Parasite","floor":19,"turns":4},{"damage":6,"enemies":"Colosseum Slavers","floor":20,"turns":4},{"damage":7,"enemies":"Colosseum Nobs","floor":20,"turns":5},{"damage":11,"enemies":"Gremlin Leader","floor":23,"turns":5},{"damage":0,"enemies":"Snake Plant","floor":25,"turns":3},{"damage":14,"enemies":"Slavers","floor":27,"turns":4},{"damage":12,"enemies":"Sentry and Sphere","floor":30,"turns":4},{"damage":21,"enemies":"Automaton","floor":33,"turns":5},{"damage":9,"enemies":"Orb Walker","floor":35,"turns":4},{"damage":7,"enemies":"3 Shapes","floor":39,"turns":4},{"damage":29,"enemies":"Reptomancer","floor":41,"turns":6},{"damage":0,"enemies":"Maw","floor":42,"turns":5},{"damage":12,"enemies":"Jaw Worm Horde","floor":45,"turns":3},{"damage":25,"enemies":"Nemesis","floor":46,"turns":3},{"damage":13,"enemies":"Writhing Mass","floor":47,"turns":3},{"damage":0,"enemies":"Sphere and 2 Shapes","floor":48,"turns":4},{"damage":45,"enemies":"Awakened One","floor":50,"turns":12}],"seed_played":"-2437900448098852210","potions_obtained":[{"floor":5,"key":"SkillPotion"},{"floor":8,"key":"Dexterity Potion"},{"floor":14,"key":"GhostInAJar"},{"floor":18,"key":"Strength Potion"},{"floor":20,"key":"Regen Potion"},{"floor":30,"key":"SkillPotion"},{"floor":33,"key":"Strength Potion"},{"floor":39,"key":"Strength Potion"},{"floor":41,"key":"Regen Potion"},{"floor":45,"key":"EntropicBrew"},{"floor":47,"key":"LiquidBronze"}],"is_trial":false,"path_per_floor":["M","?","$","M","M","E","R","M","T","M","R","M","E","M","R","B",null,"M","M","?","$","?","E","R","M","T","E","?","R","M","?","R","B",null,"M","?","?","?","M","R","E","M","T","R","M","E","M","M","R","B",null],"character_chosen":"THE_SILENT","items_purchased":["Noxious Fumes","Gremlin Horn"],"campfire_rested":3,"item_purchase_floors":[3,21],"current_hp_per_floor":[70,70,70,70,69,56,56,56,56,50,50,45,21,21,42,29,70,65,52,39,39,62,51,51,51,51,37,70,70,58,45,67,55,75,66,66,66,71,64,71,42,42,42,54,42,17,4,18,51,6],"gold":444,"neow_bonus":"UPGRADE_CARD","is_prod":false,"is_daily":false,"chose_seed":false,"campfire_upgraded":6,"win_rate":0,"timestamp":1554407384,"path_taken":["M","?","?","M","?","E","R","M","T","M","R","M","E","M","R","BOSS","M","?","?","$","?","E","R","M","T","E","?","R","?","?","R","BOSS","M","?","?","?","M","R","E","M","T","R","M","E","M","?","R","BOSS"],"build_version":"2019-01-23","purchased_purges":2,"victory":true,"max_hp_per_floor":[70,70,70,70,70,70,70,70,70,70,70,70,70,70,70,70,70,70,70,70,70,70,70,70,70,70,70,70,70,70,75,75,75,75,75,71,71,71,71,71,71,71,71,71,71,71,71,71,71,71],"card_choices":[{"not_picked":["Deadly Poison","Blur"],"picked":"Poisoned Stab","floor":1},{"not_picked":["Cloak And Dagger","Concentrate","PiercingWail"],"picked":"SKIP","floor":4},{"not_picked":["Blade Dance","Calculated Gamble"],"picked":"Acrobatics","floor":5},{"not_picked":["Cloak And Dagger","Footwork"],"picked":"Crippling Poison","floor":6},{"not_picked":["Acrobatics","Quick Slash"],"picked":"Poisoned Stab","floor":8},{"not_picked":["Underhanded Strike","Blur","Malaise"],"picked":"SKIP","floor":10},{"not_picked":["Outmaneuver","Acrobatics"],"picked":"Backflip","floor":12},{"not_picked":["Die Die Die","A Thousand Cuts"],"picked":"Poisoned Stab","floor":13},{"not_picked":["Backflip","Underhanded Strike","Outmaneuver"],"picked":"SKIP","floor":14},{"not_picked":["Wraith Form v2","Unload"],"picked":"Adrenaline","floor":16},{"not_picked":["Tactician","Heel Hook"],"picked":"Deadly Poison","floor":18},{"not_picked":["Finisher","Outmaneuver+1"],"picked":"Blur+1","floor":19},{"not_picked":["Infinite Blades","Well Laid Plans"],"picked":"Noxious Fumes","floor":20},{"not_picked":["Bane","Finisher"],"picked":"Deflect+1","floor":23},{"not_picked":["Flechettes+1","Escape Plan","Backstab"],"picked":"SKIP","floor":25},{"not_picked":["Riddle With Holes","Caltrops"],"picked":"Catalyst","floor":27},{"not_picked":["PiercingWail","Outmaneuver","Envenom"],"picked":"SKIP","floor":30},{"not_picked":["Blade Dance+1","Tactician+1"],"picked":"Noxious Fumes","floor":35},{"not_picked":["Noxious Fumes","Prepared","Concentrate+1"],"picked":"SKIP","floor":39},{"not_picked":["Finisher+1","Backstab+1","Dagger Throw"],"picked":"SKIP","floor":41},{"not_picked":["Outmaneuver","Flying Knee+1"],"picked":"Catalyst","floor":42},{"not_picked":["Acrobatics+1","Well Laid Plans+1","Noxious Fumes"],"picked":"SKIP","floor":45},{"not_picked":["Riddle With Holes","Quick Slash+1","Sucker Punch"],"picked":"SKIP","floor":46},{"not_picked":["Concentrate+1","Expertise+1","PiercingWail"],"picked":"SKIP","floor":47},{"not_picked":["PiercingWail","Deflect","Blade Dance"],"picked":"SKIP","floor":48}],"player_experience":1435222,"relics_obtained":[{"floor":6,"key":"Oddly Smooth Stone"},{"floor":9,"key":"Omamori"},{"floor":13,"key":"Snake Skull"},{"floor":20,"key":"Girya"},{"floor":20,"key":"Ninja Scroll"},{"floor":23,"key":"Gambling Chip"},{"floor":26,"key":"Shovel"},{"floor":27,"key":"PreservedInsect"},{"floor":41,"key":"Lantern"},{"floor":43,"key":"War Paint"},{"floor":46,"key":"Bag of Marbles"}],"event_choices":[{"damage_healed":0,"gold_gain":0,"player_choice":"Forge","damage_taken":0,"max_hp_gain":0,"max_hp_loss":0,"event_name":"Accursed Blacksmith","floor":2,"gold_loss":0,"cards_upgraded":["Poisoned Stab"]},{"damage_healed":0,"gold_gain":0,"player_choice":"Fight","damage_taken":0,"max_hp_gain":0,"max_hp_loss":0,"event_name":"Colosseum","floor":20,"gold_loss":0},{"damage_healed":0,"gold_gain":0,"player_choice":"Fought Nobs","damage_taken":0,"max_hp_gain":0,"max_hp_loss":0,"event_name":"Colosseum","floor":20,"gold_loss":0},{"damage_healed":23,"gold_gain":0,"player_choice":"Heal","damage_taken":0,"max_hp_gain":0,"max_hp_loss":0,"event_name":"The Library","floor":22,"gold_loss":0},{"damage_healed":33,"gold_gain":0,"player_choice":"Full Heal","damage_taken":0,"max_hp_gain":0,"max_hp_loss":0,"event_name":"Wheel of Change","floor":28,"gold_loss":0},{"damage_healed":0,"gold_gain":0,"player_choice":"Shed Blood","damage_taken":18,"max_hp_gain":5,"max_hp_loss":0,"event_name":"Forgotten Altar","floor":31,"gold_loss":0},{"damage_healed":0,"gold_gain":0,"player_choice":"Max HP","damage_taken":0,"max_hp_gain":0,"max_hp_loss":4,"event_name":"Winding Halls","floor":36,"gold_loss":0},{"cards_removed":["Defend_G"],"damage_healed":0,"gold_gain":0,"player_choice":"Removed Skill","damage_taken":0,"max_hp_gain":0,"max_hp_loss":0,"event_name":"Falling","floor":37,"gold_loss":0},{"cards_removed":["Acrobatics"],"damage_healed":5,"gold_gain":0,"player_choice":"Offered Common","damage_taken":0,"max_hp_gain":0,"max_hp_loss":0,"event_name":"Bonfire Elementals","floor":38,"gold_loss":0},{"cards_removed":["Acrobatics"],"damage_healed":5,"gold_gain":0,"player_choice":"Offered Special","damage_taken":0,"max_hp_gain":0,"max_hp_loss":0,"event_name":"Bonfire Elementals","floor":38,"gold_loss":0}],"is_beta":false,"boss_relics":[{"not_picked":["Orrery","Runic Dome"],"picked":"Velvet Choker"},{"not_picked":["Coffee Dripper","Tiny House"],"picked":"Eternal Feather"}],"items_purged_floors":[3,21],"is_endless":false,"potions_floor_spawned":[5,8,14,18,20,30,33,39,41,45,47],"ascension_level":2}