{"gold_per_floor":[116,216,31,51,1,1,26,26,53,129,129,143,157,169,169,268,268,193,193],"floor_reached":19,"playtime":1608,"items_purged":[],"score":173,"play_id":"aa530d13-971b-4584-ad9a-e72e17bbf4cb","local_time":"20190317201422","is_ascension_mode":true,"campfire_choices":[{"data":"Neutralize","floor":6,"key":"SMITH"},{"data":"Well Laid Plans","floor":8,"key":"SMITH"},{"data":"PiercingWail","floor":11,"key":"SMITH"},{"data":"Predator","floor":15,"key":"SMITH"}],"neow_cost":"NONE","seed_source_timestamp":353736989339781,"circlet_count":0,"master_deck":["Defend_G","Defend_G","Defend_G","Defend_G","Defend_G","Strike_G","Strike_G","Strike_G","Strike_G","Survivor","Neutralize+1","PiercingWail+1","Well Laid Plans+1","Predator+1","Acrobatics","Deflect","Deflect","Burst","Dodge and Roll+1"],"relics":["Ring of the Snake","Anchor","Lantern","The Courier","Eternal Feather"],"potions_floor_usage":[16,18],"damage_taken":[{"damage":1,"enemies":"Jaw Worm","floor":1,"turns":6},{"damage":1,"enemies":"Cultist","floor":4,"turns":5},{"damage":25,"enemies":"Gremlin Nob","floor":7,"turns":6},{"damage":0,"enemies":"Small Slimes","floor":12,"turns":3},{"damage":3,"enemies":"Blue Slaver","floor":13,"turns":4},{"damage":0,"enemies":"Looter","floor":14,"turns":3},{"damage":21,"enemies":"Slime Boss","floor":16,"turns":15},{"damage":9,"enemies":"2 Thieves","floor":18,"turns":5},{"damage":8,"enemies":"Chosen","floor":19,"turns":8}],"seed_played":"-2317317929970554733","potions_obtained":[{"floor":4,"key":"Fire Potion"},{"floor":7,"key":"Swift Potion"},{"floor":16,"key":"SteroidPotion"}],"is_trial":false,"path_per_floor":["M","?","$","M","?","R","E","R","T","T","R","M","M","M","R","B",null,"M","M"],"character_chosen":"THE_SILENT","items_purchased":["Well Laid Plans","Anchor"],"campfire_rested":0,"item_purchase_floors":[3,3],"current_hp_per_floor":[76,76,76,75,75,75,50,50,50,50,50,50,47,47,47,26,77,68,60],"gold":193,"neow_bonus":"TEN_PERCENT_HP_BONUS","is_prod":false,"is_daily":false,"chose_seed":false,"campfire_upgraded":4,"win_rate":0,"timestamp":1552871662,"path_taken":["M","?","$","?","?","R","E","R","T","?","R","M","?","M","R","BOSS","M","M"],"build_version":"2019-01-23","purchased_purges":0,"victory":false,"max_hp_per_floor":[77,77,77,77,77,77,77,77,77,77,77,77,77,77,77,77,77,77,77],"card_choices":[{"not_picked":["Slice","Deadly Poison"],"picked":"PiercingWail","floor":1},{"not_picked":["Slice","Skewer"],"picked":"Predator","floor":4},{"not_picked":["Expertise","Slice"],"picked":"Acrobatics","floor":7},{"not_picked":["Underhanded Strike","Masterful Stab","Prepared"],"picked":"SKIP","floor":12},{"not_picked":["Dagger Spray","Endless Agony"],"picked":"Deflect","floor":13},{"not_picked":["Bane","Prepared"],"picked":"Deflect","floor":14},{"not_picked":["Envenom","Phantasmal Killer"],"picked":"Burst","floor":16},{"not_picked":["Bane","Heel Hook+1"],"picked":"Dodge and Roll+1","floor":18}],"player_experience":65022,"relics_obtained":[{"floor":7,"key":"Lantern"},{"floor":10,"key":"The Courier"}],"event_choices":[{"damage_healed":0,"gold_gain":100,"player_choice":"Gold","damage_taken":0,"max_hp_gain":0,"max_hp_loss":0,"event_name":"Wheel of Change","floor":2,"gold_loss":0},{"cards_removed":["Strike_G"],"damage_healed":0,"gold_gain":0,"player_choice":"Card Removal","damage_taken":0,"max_hp_gain":0,"max_hp_loss":0,"event_name":"The Cleric","floor":5,"gold_loss":50}],"is_beta":false,"boss_relics":[{"not_picked":["HoveringKite","Snecko Eye"],"picked":"Eternal Feather"}],"items_purged_floors":[],"is_endless":false,"potions_floor_spawned":[4,7,16],"killed_by":"Chosen","ascension_level":1}