{"gold_per_floor":[118,128,76,95,95,129,129,129,129,145,159,15,15,33,33,135,135,152,77,52,62,62,62,76,76,76,92,92,92,108,108,108,108],"floor_reached":33,"playtime":1760,"items_purged":["Defend_R"],"score":249,"play_id":"f8cc87e3-d249-4727-92b8-e18fee8e5606","local_time":"20190310011516","is_ascension_mode":false,"campfire_choices":[{"data":"Heavy Blade","floor":7.0,"key":"SMITH"},{"data":"Pommel Strike","floor":15.0,"key":"SMITH"},{"data":"Shrug It Off","floor":23.0,"key":"SMITH"},{"data":"Cleave","floor":25.0,"key":"SMITH"},{"data":"Headbutt","floor":28.0,"key":"SMITH"},{"floor":32.0,"key":"REST"}],"neow_cost":"NONE","seed_source_timestamp":2363119144959,"circlet_count":0,"master_deck":["Strike_R","Strike_R","Strike_R","Strike_R","Defend_R+1","Defend_R","Bash+1","Heavy Blade+1","Cleave+1","Shrug It Off+1","Flex+1","Ghostly Armor","Disarm","Pommel Strike+1","Offering","Spot Weakness","Shrug It Off+1","Headbutt+1","Inflame+1"],"special_seed":0,"relics":["Burning Blood"],"potions_floor_usage":[33],"damage_taken":[{"damage":0.0,"enemies":"Small Slimes","floor":1.0,"turns":3.0},{"damage":0.0,"enemies":"2 Louse","floor":2.0,"turns":3.0},{"damage":8.0,"enemies":"Jaw Worm","floor":4.0,"turns":3.0},{"damage":19.0,"enemies":"3 Sentries","floor":6.0,"turns":7.0},{"damage":0.0,"enemies":"Exordium Wildlife","floor":10.0,"turns":2.0},{"damage":0.0,"enemies":"3 Louse","floor":11.0,"turns":3.0},{"damage":6.0,"enemies":"Blue Slaver","floor":14.0,"turns":1.0},{"damage":16.0,"enemies":"Hexaghost","floor":16.0,"turns":6.0},{"damage":9.0,"enemies":"Shell Parasite","floor":18.0,"turns":5.0},{"damage":9.0,"enemies":"2 Thieves","floor":20.0,"turns":5.0},{"damage":42.0,"enemies":"3 Cultists","floor":21.0,"turns":8.0},{"damage":15.0,"enemies":"Centurion and Healer","floor":24.0,"turns":6.0},{"damage":10.0,"enemies":"Snecko","floor":27.0,"turns":5.0},{"damage":12.0,"enemies":"3 Cultists","floor":30.0,"turns":6.0},{"damage":50,"enemies":"Champ","floor":33,"turns":10}],"seed_played":"-8244258053020956735","potions_obtained":[{"floor":1.0,"key":"Weak Potion"},{"floor":2.0,"key":"SkillPotion"},{"floor":6.0,"key":"SkillPotion"},{"floor":11.0,"key":"AttackPotion"},{"floor":24.0,"key":"Fire Potion"},{"floor":27.0,"key":"Weak Potion"}],"is_trial":false,"path_per_floor":["M","M","$","M","?","E","R","?","T","M","M","$","?","M","R","B",null,"M","$","M","M","?","R","M","R","T","M","R","?","M","T","R","B"],"character_chosen":"IRONCLAD","items_purchased":["Shrug It Off","Offering"],"campfire_rested":1,"item_purchase_floors":[3,12],"current_hp_per_floor":[80,80,80,78,62,49,49,49,49,55,61,61,54,54,54,44,80,77,77,74,38,38,38,29,29,29,25,25,25,19,19,43,0],"gold":108,"neow_bonus":"UPGRADE_CARD","is_prod":false,"is_daily":false,"chose_seed":false,"campfire_upgraded":5,"win_rate":0,"timestamp":1552198516,"path_taken":["M","M","$","M","?","E","R","?","T","M","M","$","?","M","R","BOSS","M","$","M","M","?","R","M","R","T","M","R","?","?","?","R","BOSS"],"build_version":"2019-01-23","purchased_purges":1,"victory":false,"max_hp_per_floor":[80,80,80,80,80,80,80,80,80,80,80,80,80,80,80,80,80,80,80,80,80,80,80,80,80,80,80,80,80,80,80,80,80],"card_choices":[{"not_picked":["Blood for Blood","Intimidate"],"picked":"Heavy Blade","floor":1.0},{"not_picked":["Feel No Pain","Thunderclap"],"picked":"Cleave","floor":2.0},{"not_picked":["Headbutt","Cleave"],"picked":"Flex","floor":4.0},{"not_picked":["Clash","Rage"],"picked":"Ghostly Armor","floor":6.0},{"not_picked":["Reckless Charge","Twin Strike"],"picked":"Disarm","floor":10.0},{"not_picked":["Reckless Charge","Burning Pact"],"picked":"Pommel Strike","floor":11.0},{"not_picked":["Cleave","Pommel Strike"],"picked":"Spot Weakness","floor":14.0},{"not_picked":["Perfected Strike+1","Second Wind"],"picked":"Shrug It Off+1","floor":18.0},{"not_picked":["Ghostly Armor","Flex+1","Body Slam"],"picked":"SKIP","floor":20.0},{"not_picked":["Shrug It Off","Wild Strike"],"picked":"Headbutt","floor":21.0},{"not_picked":["Sentinel+1","Iron Wave"],"picked":"Inflame+1","floor":24.0},{"not_picked":["Rage","Sentinel","Feel No Pain"],"picked":"SKIP","floor":27.0},{"not_picked":["Havoc+1","Shockwave","Disarm"],"picked":"SKIP","floor":30.0}],"player_experience":850753,"relics_obtained":[],"event_choices":[{"damage_healed":0.0,"max_hp_gain":0.0,"max_hp_loss":0.0,"gold_gain":0.0,"event_name":"Shining Light","player_choice":"Entered Light","floor":5.0,"gold_loss":0.0,"damage_taken":16.0,"cards_upgraded":["Defend_R","Flex"]},{"cards_removed":["Defend_R"],"damage_healed":0.0,"max_hp_gain":0.0,"max_hp_loss":0.0,"gold_gain":0.0,"event_name":"Living Wall","player_choice":"Forget","floor":8.0,"gold_loss":0.0,"damage_taken":0.0},{"cards_removed":["Strike_R"],"damage_healed":0.0,"max_hp_gain":0.0,"max_hp_loss":0.0,"gold_gain":0.0,"event_name":"Golden Wing","player_choice":"Card Removal","floor":13.0,"gold_loss":0.0,"damage_taken":7.0},{"damage_healed":0.0,"max_hp_gain":0.0,"max_hp_loss":0.0,"gold_gain":0.0,"event_name":"Beggar","player_choice":"Ignored","floor":22.0,"gold_loss":0.0,"damage_taken":0.0},{"damage_healed":0.0,"max_hp_gain":0.0,"max_hp_loss":0.0,"gold_gain":0.0,"event_name":"Ghosts","player_choice":"Ignored","floor":29.0,"gold_loss":0.0,"damage_taken":0.0}],"is_beta":false,"boss_relics":[{"not_picked":[]}],"items_purged_floors":[19],"is_endless":false,"potions_floor_spawned":[1,2,6,11,24,27],"killed_by":"Champ","ascension_level":0}