{"path_per_floor":["M","$","M","M","M","R","E","R","T","E","M","E","M","M","R","B",null,"M","M","M","M","M","R","E","R","T","E","$","?","M","M","R","B",null,"M","$","M","?","M","R","E","M","T","R","?","M","R","M","R","B"],"character_chosen":"DEFECT","items_purchased":["Streamline","Weak Potion","Capacitor","Compile Driver","Kunai","SmokeBomb","Aggregate","EssenceOfSteel"],"gold_per_floor":[114,11,26,39,55,55,85,85,85,114,134,167,183,200,200,299,299,315,330,340,358,373,373,406,406,430,462,364,364,378,391,391,495,495,507,46,59,59,59,59,84,103,103,103,103,114,114,124,124,124],"floor_reached":51,"campfire_rested":5,"playtime":4361,"item_purchase_floors":[],"current_hp_per_floor":[67,67,55,53,33,33,21,21,28,22,14,14,15,8,32,34,70,72,74,76,45,24,48,29,53,53,50,50,50,55,45,69,49,74,82,82,64,64,64,64,75,82,82,82,82,51,51,53,77,77],"items_purged":[],"gold":124,"score":1191,"play_id":"aa1e7884-2bd2-4580-8773-7dc281d63aa6","local_time":"20180524165417","is_prod":false,"is_daily":false,"chose_seed":false,"is_ascension_mode":true,"campfire_upgraded":5,"win_rate":0,"timestamp":1527173657,"campfire_choices":[{"data":"Streamline","floor":6.0,"key":"SMITH"},{"data":"Dualcast","floor":8.0,"key":"SMITH"},{"floor":15.0,"key":"REST"},{"floor":23.0,"key":"REST"},{"floor":25.0,"key":"REST"},{"floor":32.0,"key":"REST"},{"data":"Barrage","floor":40.0,"key":"SMITH"},{"data":"Machine Learning","floor":44.0,"key":"SMITH"},{"data":"Hologram","floor":47.0,"key":"SMITH"},{"floor":49.0,"key":"REST"}],"path_taken":["M","$","M","M","M","R","E","R","T","E","M","E","M","M","R","BOSS","M","M","?","M","M","R","E","R","T","E","$","?","M","M","R","BOSS","M","$","M","?","M","R","E","M","T","R","?","M","R","M","R","BOSS"],"build_version":"2018-05-23v2","seed_source_timestamp":439913676163397,"purchased_purges":0,"victory":true,"master_deck":["Defend_B","Defend_B","Defend_B","Zap+1","Dualcast+1","Beam Cell","Streamline+1","Reinforced Body","Ball Lightning","Undo+1","Auto Shields+1","Cold Snap","Recycle","Chill","Barrage+1","All For One","Leap","Stack","Capacitor+1","Coolheaded+1","Undo","Machine Learning+1","Stack+1","Capacitor","Compile Driver","Bite","Bite","Bite","Bite","Bite","Capacitor","Chaos+1","Aggregate","Stack","Hologram+1","Glacier+1"],"max_hp_per_floor":[75,75,75,75,75,75,75,75,82,82,82,82,82,82,82,82,82,82,82,82,82,82,82,82,82,82,82,82,82,82,82,82,82,82,82,82,82,82,82,82,82,82,82,82,82,82,82,82,82,82],"relics":["Cracked Core","Orichalcum","Strawberry","Ornamental Fan","Snecko Eye","Meat on the Bone","Vajra","Boot","Cursed Key","Kunai","War Paint"],"card_choices":[{"not_picked":["Turbo","Undo"],"picked":"Beam Cell","floor":1.0},{"not_picked":["Melter","Steam"],"picked":"Reinforced Body","floor":3.0},{"not_picked":["Sweeping Beam","Consume"],"picked":"Ball Lightning","floor":4.0},{"not_picked":["Beam Cell","Hologram"],"picked":"Undo","floor":5.0},{"not_picked":["Leap","Go for the Eyes"],"picked":"Auto Shields","floor":7.0},{"not_picked":["Beam Cell","Turbo","Meteor Strike"],"picked":"SKIP","floor":10.0},{"not_picked":["Gash","Go for the Eyes"],"picked":"Cold Snap","floor":11.0},{"not_picked":["Hello World","Cold Snap"],"picked":"Recycle","floor":12.0},{"not_picked":["Hologram","Redo"],"picked":"Chill","floor":13.0},{"not_picked":["Cold Snap","Steam"],"picked":"Barrage","floor":14.0},{"not_picked":["Hyperbeam","Amplify"],"picked":"All For One","floor":16.0},{"not_picked":["Go for the Eyes","Ball Lightning"],"picked":"Leap","floor":18.0},{"not_picked":["Coolheaded","Streamline"],"picked":"Stack","floor":19.0},{"not_picked":["Streamline+1","Recycle"],"picked":"Capacitor+1","floor":20.0},{"not_picked":["Sweeping Beam+1","Melter"],"picked":"Coolheaded+1","floor":21.0},{"not_picked":["Steam+1","Capacitor"],"picked":"Undo","floor":22.0},{"not_picked":["Turbo+1","Capacitor+1"],"picked":"Machine Learning","floor":24.0},{"not_picked":["Cold Snap+1","Force Field"],"picked":"Stack+1","floor":27.0},{"not_picked":["Sweeping Beam","Storm+1"],"picked":"Capacitor","floor":30.0},{"not_picked":["Rebound","Defragment"],"picked":"Chaos+1","floor":31.0},{"not_picked":["Undo","Steam+1","Chaos"],"picked":"SKIP","floor":35.0},{"not_picked":["White Noise+1","Leap","Stack"],"picked":"SKIP","floor":37.0},{"not_picked":["Go for the Eyes","Hello World+1","Stack"],"picked":"SKIP","floor":41.0},{"not_picked":["Steam+1","Sweeping Beam+1","Self Repair"],"picked":"SKIP","floor":42.0},{"not_picked":["Rip and Tear","Ball Lightning+1"],"picked":"Hologram","floor":46.0},{"not_picked":["Loop+1","Sweeping Beam+1"],"picked":"Glacier+1","floor":48.0}],"player_experience":93917,"potions_floor_usage":[50,50],"damage_taken":[{"damage":1.0,"enemies":"Cultist","floor":1.0,"turns":3.0},{"damage":12.0,"enemies":"Small Slimes","floor":3.0,"turns":3.0},{"damage":2.0,"enemies":"Jaw Worm","floor":4.0,"turns":3.0},{"damage":20.0,"enemies":"Lots of Slimes","floor":5.0,"turns":4.0},{"damage":12.0,"enemies":"Gremlin Nob","floor":7.0,"turns":3.0},{"damage":6.0,"enemies":"3 Sentries","floor":10.0,"turns":6.0},{"damage":8.0,"enemies":"3 Louse","floor":11.0,"turns":2.0},{"damage":0.0,"enemies":"Gremlin Nob","floor":12.0,"turns":2.0},{"damage":1.0,"enemies":"Blue Slaver","floor":13.0,"turns":4.0},{"damage":9.0,"enemies":"Large Slime","floor":14.0,"turns":3.0},{"damage":0.0,"enemies":"Slime Boss","floor":16.0,"turns":6.0},{"damage":0.0,"enemies":"Shell Parasite","floor":18.0,"turns":4.0},{"damage":0.0,"enemies":"Spheric Guardian","floor":19.0,"turns":3.0},{"damage":0.0,"enemies":"3 Cultists","floor":20.0,"turns":6.0},{"damage":33.0,"enemies":"Sentry and Sphere","floor":21.0,"turns":8.0},{"damage":23.0,"enemies":"Centurion and Healer","floor":22.0,"turns":6.0},{"damage":21.0,"enemies":"Gremlin Leader","floor":24.0,"turns":10.0},{"damage":5.0,"enemies":"Slavers","floor":27.0,"turns":7.0},{"damage":11.0,"enemies":"Chosen and Byrds","floor":30.0,"turns":5.0},{"damage":32.0,"enemies":"Snake Plant","floor":31.0,"turns":7.0},{"damage":44.0,"enemies":"Collector","floor":33.0,"turns":14.0},{"damage":17.0,"enemies":"3 Darklings","floor":35.0,"turns":14.0},{"damage":22.0,"enemies":"3 Shapes","floor":37.0,"turns":9.0},{"damage":0.0,"enemies":"Transient","floor":39.0,"turns":1.0},{"damage":3.0,"enemies":"Nemesis","floor":41.0,"turns":5.0},{"damage":5.0,"enemies":"4 Shapes","floor":42.0,"turns":9.0},{"damage":55.0,"enemies":"3 Darklings","floor":46.0,"turns":9.0},{"damage":6.0,"enemies":"Transient","floor":48.0,"turns":5.0},{"damage":0,"enemies":"Donu and Deca","floor":50,"turns":3}],"relics_obtained":[{"floor":7.0,"key":"Orichalcum"},{"floor":9.0,"key":"Strawberry"},{"floor":10.0,"key":"Ornamental Fan"},{"floor":12.0,"key":"Blood Vial"},{"floor":24.0,"key":"Meat on the Bone"},{"floor":26.0,"key":"Vajra"},{"floor":27.0,"key":"Boot"},{"floor":41.0,"key":"War Paint"}],"event_choices":[{"event_name":"Vampires","player_choice":"Became a vampire (Vial)","floor":29.0,"damage_taken":0.0},{"event_name":"SensoryStone","player_choice":"Memory 1","floor":38.0,"damage_taken":0.0},{"event_name":"Transmorgrifier","player_choice":"Transform","floor":45.0,"damage_taken":0.0}],"boss_relics":[],"items_purged_floors":[],"potions_floor_spawned":[4,5,11,14,16,18,21,24,27,30,33,39,41,48],"seed_played":"-5969792569510386969","ascension_level":7,"potions_obtained":[{"floor":4.0,"key":"AttackPotion"},{"floor":5.0,"key":"GamblersBrew"},{"floor":11.0,"key":"Explosive Potion"},{"floor":14.0,"key":"Block Potion"},{"floor":16.0,"key":"PowerPotion"},{"floor":18.0,"key":"Block Potion"},{"floor":21.0,"key":"AttackPotion"},{"floor":24.0,"key":"Block Potion"},{"floor":27.0,"key":"Block Potion"},{"floor":30.0,"key":"AttackPotion"},{"floor":33.0,"key":"Block Potion"},{"floor":41.0,"key":"Energy Potion"},{"floor":48.0,"key":"EssenceOfSteel"}],"is_trial":false}