{"gold_per_floor":[144,244,289,69,114,204,204,249,249,64,154,199,244,289,289,589,589,634,634,679,724,769,859,904,904,929,974,1019,1064,1109,1166,1178,1490,1502,1559,1616,1673,1760,91,136,136,181,256,301,346,436,481,526,526,526],"floor_reached":51,"playtime":10452,"items_purged":[],"score":929,"play_id":"6185fd11-3337-474b-bbd6-a6b5d5219e8f","local_time":"20190218121052","daily_mods":["Draft","Vintage","Midas"],"is_ascension_mode":false,"campfire_choices":[{"floor":7,"key":"REST"},{"floor":15,"key":"REST"},{"floor":25,"key":"REST"},{"floor":32,"key":"REST"},{"floor":41,"key":"REST"},{"floor":49,"key":"REST"}],"neow_cost":"","seed_source_timestamp":0,"circlet_count":0,"master_deck":["Flex","Hemokinesis","Rupture","Iron Wave+1","Shrug It Off+1","Sword Boomerang","Cleave","Evolve","Iron Wave+1","Pommel Strike","Pommel Strike","Bloodletting","Iron Wave","Flame Barrier+1","Apotheosis+1","Infernal Blade+1","Double Tap+1","Brutality","Double Tap+1","Infernal Blade+1","Fire Breathing+1","Evolve+1","Flex+1"],"special_seed":17945,"relics":["Burning Blood","Vajra","Bottled Tornado","Whetstone","Happy Flower","Bag of Marbles","Toxic Egg 2","Self Forming Clay","Omamori","Ancient Tea Set","Incense Burner","Mark of Pain","Bottled Flame","StoneCalendar","The Courier","Torii","Blood Vial","Bronze Scales","Oddly Smooth Stone","Strawberry","Centennial Puzzle","Dead Branch","Bird Faced Urn","MawBank","Boot","Astrolabe","Ornamental Fan","Pen Nib","Anchor","Tiny Chest","Frozen Egg 2","Chemical X","War Paint","Dodecahedron","Potion Belt","Singing Bowl","Sundial","Gambling Chip","Question Card","Shuriken","Lantern","Kunai","Ice Cream","Bag of Preparation","Magic Flower","Ginger","Blue Candle"],"potions_floor_usage":[21,22,23,27,40,50,50],"damage_taken":[{"damage":3,"enemies":"Cultist","floor":1,"turns":3},{"damage":6,"enemies":"Jaw Worm","floor":3,"turns":2},{"damage":3,"enemies":"2 Louse","floor":5,"turns":2},{"damage":12,"enemies":"Lagavulin","floor":6,"turns":5},{"damage":3,"enemies":"Exordium Wildlife","floor":8,"turns":2},{"damage":7,"enemies":"3 Sentries","floor":11,"turns":3},{"damage":3,"enemies":"Looter","floor":12,"turns":1},{"damage":5,"enemies":"3 Louse","floor":13,"turns":2},{"damage":3,"enemies":"Lots of Slimes","floor":14,"turns":2},{"damage":7,"enemies":"The Guardian","floor":16,"turns":5},{"damage":3,"enemies":"Chosen","floor":18,"turns":2},{"damage":16,"enemies":"3 Byrds","floor":20,"turns":3},{"damage":18,"enemies":"Snake Plant","floor":21,"turns":2},{"damage":18,"enemies":"Centurion and Healer","floor":22,"turns":3},{"damage":23,"enemies":"Slavers","floor":23,"turns":2},{"damage":1,"enemies":"Shelled Parasite and Fungi","floor":24,"turns":2},{"damage":19,"enemies":"Snake Plant","floor":27,"turns":2},{"damage":7,"enemies":"Centurion and Healer","floor":28,"turns":2},{"damage":2,"enemies":"3 Cultists","floor":29,"turns":2},{"damage":9,"enemies":"Snake Plant","floor":30,"turns":2},{"damage":7,"enemies":"Shelled Parasite and Fungi","floor":31,"turns":4},{"damage":14,"enemies":"Champ","floor":33,"turns":4},{"damage":2,"enemies":"Orb Walker","floor":35,"turns":1},{"damage":6,"enemies":"3 Shapes","floor":36,"turns":2},{"damage":28,"enemies":"Writhing Mass","floor":37,"turns":3},{"damage":13,"enemies":"4 Shapes","floor":38,"turns":2},{"damage":8,"enemies":"Transient","floor":40,"turns":5},{"damage":18,"enemies":"Writhing Mass","floor":42,"turns":4},{"damage":6,"enemies":"Spire Growth","floor":44,"turns":2},{"damage":3,"enemies":"4 Shapes","floor":45,"turns":1},{"damage":4,"enemies":"Giant Head","floor":46,"turns":1},{"damage":3,"enemies":"Maw","floor":47,"turns":1},{"damage":10,"enemies":"Sphere and 2 Shapes","floor":48,"turns":2},{"damage":8,"enemies":"Donu and Deca","floor":50,"turns":4}],"seed_played":"-8239529163417230353","potions_obtained":[{"floor":1,"key":"GamblersBrew"},{"floor":11,"key":"Strength Potion"},{"floor":20,"key":"SkillPotion"},{"floor":21,"key":"SteroidPotion"},{"floor":22,"key":"Fruit Juice"},{"floor":24,"key":"Dexterity Potion"},{"floor":36,"key":"Fire Potion"},{"floor":38,"key":"Strength Potion"},{"floor":44,"key":"AttackPotion"},{"floor":45,"key":"Swift Potion"},{"floor":46,"key":"Energy Potion"}],"is_trial":false,"path_per_floor":["M","?","M","$","M","E","R","M","T","$","E","M","M","M","R","B",null,"M","?","M","M","M","E","M","R","T","M","M","M","M","M","R","B",null,"M","M","M","M","$","M","R","M","T","M","M","E","M","M","R","B",null],"character_chosen":"IRONCLAD","items_purchased":["Whetstone","Pummel","Apotheosis+1","Frozen Egg 2","Chemical X","War Paint","Flex+1","Dodecahedron","Potion Belt","Singing Bowl","Sundial","Gambling Chip","Question Card"],"campfire_rested":6,"item_purchase_floors":[4,4,10,39,39,39,39,39,39,39,39,39,39],"current_hp_per_floor":[80,80,80,80,80,74,80,80,80,80,79,80,80,80,80,79,80,80,80,70,58,51,36,43,68,75,64,65,71,76,87,92,89,92,92,92,76,79,79,89,92,86,86,92,92,94,94,94,94,94],"gold":526,"neow_bonus":"","is_prod":false,"is_daily":true,"chose_seed":false,"campfire_upgraded":0,"win_rate":0,"timestamp":1550520652,"path_taken":["M","?","M","?","M","E","R","M","T","$","E","M","M","M","R","BOSS","M","?","M","M","M","E","M","R","T","M","M","M","M","M","R","BOSS","M","M","M","M","$","M","R","M","T","M","?","E","M","M","R","BOSS"],"build_version":"2019-01-23","purchased_purges":0,"victory":true,"max_hp_per_floor":[80,80,80,80,80,80,80,80,80,80,80,80,80,80,80,80,80,80,80,80,80,85,85,85,85,92,92,92,92,92,92,92,92,92,92,92,92,92,92,92,92,92,92,92,92,94,94,94,94,94],"card_choices":[{"not_picked":["Headbutt","Perfected Strike"],"picked":"Flex","floor":0},{"not_picked":["Havoc","Twin Strike"],"picked":"Hemokinesis","floor":0},{"not_picked":["Wild Strike","Twin Strike"],"picked":"Rupture","floor":0},{"not_picked":["Perfected Strike","Second Wind"],"picked":"Iron Wave","floor":0},{"not_picked":["Carnage","Warcry"],"picked":"Thunderclap","floor":0},{"not_picked":["Warcry","Twin Strike"],"picked":"Shrug It Off","floor":0},{"not_picked":["Cleave","Whirlwind"],"picked":"Twin Strike","floor":0},{"not_picked":["True Grit","Pommel Strike"],"picked":"Sword Boomerang","floor":0},{"not_picked":["Wild Strike","Heavy Blade"],"picked":"Cleave","floor":0},{"not_picked":["Shockwave","Reckless Charge"],"picked":"Evolve","floor":0},{"not_picked":["Metallicize","Shrug It Off"],"picked":"Iron Wave","floor":0},{"not_picked":["Headbutt","Twin Strike"],"picked":"Pommel Strike","floor":0},{"not_picked":["Evolve","Seeing Red"],"picked":"Pommel Strike","floor":0},{"not_picked":["True Grit","Shrug It Off"],"picked":"Bloodletting","floor":0},{"not_picked":["Shrug It Off","Headbutt"],"picked":"Iron Wave","floor":0},{"not_picked":["Metallicize","Carnage"],"picked":"Flame Barrier","floor":6},{"not_picked":["Havoc+1","Rampage"],"picked":"Infernal Blade+1","floor":11},{"not_picked":["Exhume+1","Impervious+1"],"picked":"Double Tap+1","floor":16},{"not_picked":["Rupture","Wild Strike"],"picked":"Brutality","floor":23},{"not_picked":["Exhume+1","Immolate"],"picked":"Double Tap+1","floor":33},{"not_picked":["Wild Strike","Whirlwind","Pummel+1","Iron Wave"],"picked":"Singing Bowl","floor":46}],"player_experience":848247,"relics_obtained":[{"floor":1,"key":"Vajra"},{"floor":3,"key":"Bottled Tornado"},{"floor":6,"key":"Happy Flower"},{"floor":8,"key":"Bag of Marbles"},{"floor":9,"key":"Toxic Egg 2"},{"floor":11,"key":"Self Forming Clay"},{"floor":12,"key":"Omamori"},{"floor":13,"key":"Ancient Tea Set"},{"floor":14,"key":"Incense Burner"},{"floor":18,"key":"Bottled Flame"},{"floor":20,"key":"The Courier"},{"floor":21,"key":"Torii"},{"floor":22,"key":"Blood Vial"},{"floor":23,"key":"Bronze Scales"},{"floor":24,"key":"Oddly Smooth Stone"},{"floor":26,"key":"Strawberry"},{"floor":27,"key":"Centennial Puzzle"},{"floor":28,"key":"Dead Branch"},{"floor":29,"key":"Bird Faced Urn"},{"floor":30,"key":"MawBank"},{"floor":31,"key":"Boot"},{"floor":35,"key":"Ornamental Fan"},{"floor":36,"key":"Pen Nib"},{"floor":37,"key":"Anchor"},{"floor":38,"key":"Tiny Chest"},{"floor":40,"key":"Shuriken"},{"floor":42,"key":"Lantern"},{"floor":43,"key":"Kunai"},{"floor":44,"key":"Ice Cream"},{"floor":45,"key":"Bag of Preparation"},{"floor":46,"key":"Magic Flower"},{"floor":47,"key":"Ginger"},{"floor":48,"key":"Blue Candle"}],"event_choices":[{"damage_healed":0,"gold_gain":100,"player_choice":"Pray","damage_taken":0,"max_hp_gain":0,"max_hp_loss":0,"event_name":"Golden Shrine","floor":2,"gold_loss":0},{"damage_healed":0,"gold_gain":0,"player_choice":"Gave Potion","damage_taken":0,"relics_obtained":["StoneCalendar"],"max_hp_gain":0,"max_hp_loss":0,"event_name":"WeMeetAgain","floor":19,"gold_loss":0}],"is_beta":false,"boss_relics":[{"not_picked":["Busted Crown","Orrery"],"picked":"Mark of Pain"},{"not_picked":["Black Star","Lizard Tail"],"picked":"Astrolabe"}],"items_purged_floors":[],"is_endless":false,"potions_floor_spawned":[1,3,6,11,13,20,21,22,24,33,36,38,44,45,46,48],"ascension_level":0}