{"gold_per_floor":[114,64,64,64,38,50,50,69,69,169,188,216,216,232,232,327,327,315,315,331,12,12,12,41,41,118,137,148,148],"floor_reached":29,"playtime":790,"items_purged":[],"score":268,"play_id":"becbfd24-4b67-412b-b199-f3a8e5673aac","local_time":"20181202010300","is_ascension_mode":false,"campfire_choices":[{"data":"Defragment","floor":7,"key":"SMITH"},{"data":"Cold Snap","floor":13,"key":"SMITH"},{"data":"Leap","floor":15,"key":"SMITH"},{"data":"Consume","floor":23,"key":"SMITH"},{"floor":25,"key":"REST"}],"neow_cost":"NONE","seed_source_timestamp":1298822307867638,"circlet_count":0,"master_deck":["Strike_B","Strike_B","Strike_B","Defend_B","Defend_B","Defend_B","Defend_B","Zap+1","Dualcast","Go for the Eyes","Cold Snap+1","Defragment+1","Leap+1","Steam","Cold Snap","Melter","Echo Form","Blizzard+1","Consume+1","Leap","Conserve Battery","Coolheaded","Ball Lightning"],"relics":["FrozenCore","NeowsBlessing","Blue Candle","Nunchaku","Incense Burner","DataDisk","Pear"],"potions_floor_usage":[28],"damage_taken":[{"damage":0,"enemies":"Small Slimes","floor":1,"turns":1},{"damage":0,"enemies":"2 Louse","floor":6,"turns":1},{"damage":0,"enemies":"Cultist","floor":8,"turns":1},{"damage":22,"enemies":"Gremlin Gang","floor":11,"turns":4},{"damage":8,"enemies":"3 Sentries","floor":12,"turns":9},{"damage":0,"enemies":"Red Slaver","floor":14,"turns":3},{"damage":25,"enemies":"Hexaghost","floor":16,"turns":12},{"damage":0,"enemies":"2 Thieves","floor":18,"turns":5},{"damage":0,"enemies":"Chosen","floor":20,"turns":5},{"damage":59,"enemies":"Slavers","floor":24,"turns":11},{"damage":1,"enemies":"Snecko","floor":27,"turns":8},{"damage":25,"enemies":"Cultist and Chosen","floor":28,"turns":11},{"damage":16,"enemies":"Centurion and Healer","floor":29,"turns":2}],"seed_played":"-2832524719904673976","potions_obtained":[{"floor":8,"key":"SkillPotion"},{"floor":14,"key":"AttackPotion"},{"floor":16,"key":"Strength Potion"}],"is_trial":false,"path_per_floor":["M","?","?","?","$","M","R","M","T","?","M","E","R","M","R","B",null,"M","$","M","$","?","R","E","R","T","M","M","M"],"character_chosen":"DEFECT","items_purchased":["Cold Snap","Incense Burner","Leap"],"campfire_rested":1,"item_purchase_floors":[5,21,21],"current_hp_per_floor":[75,75,80,80,80,80,80,80,80,80,58,50,50,50,50,25,80,80,80,80,80,65,65,6,31,41,40,15,0],"gold":148,"neow_bonus":"THREE_ENEMY_KILL","is_prod":false,"is_daily":false,"chose_seed":false,"campfire_upgraded":4,"win_rate":0.0,"timestamp":1543734180,"path_taken":["M","?","?","?","$","M","R","M","T","?","?","E","R","M","R","BOSS","M","$","?","$","?","R","E","R","T","M","M","M"],"build_version":"2018-11-15","purchased_purges":0,"victory":false,"max_hp_per_floor":[75,75,80,80,80,80,80,80,80,80,80,80,80,80,80,80,80,80,80,80,80,85,85,85,85,95,95,95,95],"card_choices":[{"not_picked":["Beam Cell","Rebound"],"picked":"Go for the Eyes","floor":1},{"not_picked":["Coolheaded","Skim"],"picked":"Defragment","floor":6},{"not_picked":["Beam Cell","Stack"],"picked":"Leap","floor":8},{"not_picked":["Go for the Eyes","Compile Driver"],"picked":"Steam","floor":11},{"not_picked":["Compile Driver","Ball Lightning"],"picked":"Cold Snap","floor":12},{"not_picked":["Lockon","Redo"],"picked":"Melter","floor":14},{"not_picked":["All For One","Meteor Strike"],"picked":"Echo Form","floor":16},{"not_picked":["Heatsinks","Doom and Gloom"],"picked":"Blizzard+1","floor":18},{"not_picked":["Rebound+1","Steam"],"picked":"Consume","floor":20},{"not_picked":["Steam+1","Buffer"],"picked":"Conserve Battery","floor":24},{"not_picked":["Ball Lightning+1","Redo"],"picked":"Coolheaded","floor":27},{"not_picked":["Steam","Buffer"],"picked":"Ball Lightning","floor":28}],"player_experience":102063,"relics_obtained":[{"floor":9,"key":"Blue Candle"},{"floor":12,"key":"Nunchaku"},{"floor":24,"key":"DataDisk"},{"floor":26,"key":"Pear"}],"event_choices":[{"cards_removed":["Strike_B"],"damage_healed":0,"gold_gain":0,"player_choice":"Card Removal","damage_taken":0,"max_hp_gain":0,"max_hp_loss":0,"event_name":"The Cleric","floor":2,"gold_loss":50},{"damage_healed":0,"gold_gain":0,"player_choice":"Donut","damage_taken":0,"max_hp_gain":5,"max_hp_loss":0,"event_name":"Big Fish","floor":3,"gold_loss":0},{"damage_healed":0,"gold_gain":0,"player_choice":"Grow","damage_taken":0,"max_hp_gain":0,"max_hp_loss":0,"event_name":"Living Wall","floor":4,"gold_loss":0,"cards_upgraded":["Zap"]},{"damage_healed":0,"gold_gain":100,"player_choice":"Pray","damage_taken":0,"max_hp_gain":0,"max_hp_loss":0,"event_name":"Golden Shrine","floor":10,"gold_loss":0},{"damage_healed":0,"gold_gain":0,"player_choice":"Shed Blood","damage_taken":20,"max_hp_gain":5,"max_hp_loss":0,"event_name":"Forgotten Altar","floor":22,"gold_loss":0}],"is_beta":false,"boss_relics":[{"not_picked":["Calling Bell","Snecko Eye"],"picked":"FrozenCore"}],"items_purged_floors":[],"is_endless":false,"potions_floor_spawned":[8,14,16,18],"killed_by":"Centurion and Healer","ascension_level":0}