{"path_per_floor":["M","?","M","M","M","R","?","E","T","R","M","R","M","?","R","B",null,"M","?","$","M","M","?","R","M","T","R","M","R","M","?","R","B",null,"M","$","?","?","M","R","M","$","T","M","?","M","R","M","R","B"],"character_chosen":"DEFECT","items_purchased":["Auto Shields","Bag of Preparation","DataDisk"],"gold_per_floor":[17,17,36,52,70,70,70,101,101,101,118,118,134,134,134,230,230,249,249,14,25,38,38,38,58,84,84,97,97,114,114,114,216,216,228,4,4,4,14,14,29,29,79,96,96,111,111,127,127,127],"floor_reached":51,"campfire_rested":2,"playtime":2600,"item_purchase_floors":[20,20,36],"current_hp_per_floor":[69,74,74,71,68,68,43,33,33,33,30,30,31,31,59,48,83,56,56,56,48,38,38,38,47,47,47,47,47,47,47,47,29,43,47,47,47,41,47,47,47,47,47,47,47,47,47,20,34,31],"items_purged":["Defend_B"],"gold":127,"score":1032,"play_id":"58d61f4e-8259-4991-9517-e7cf1b789fc2","local_time":"20180526143820","is_prod":false,"is_daily":false,"chose_seed":false,"is_ascension_mode":true,"campfire_upgraded":9,"win_rate":0,"timestamp":1527338300,"campfire_choices":[{"data":"Sweeping Beam","floor":6,"key":"SMITH"},{"data":"Self Repair","floor":10,"key":"SMITH"},{"data":"Genetic Algorithm","floor":12,"key":"SMITH"},{"floor":15,"key":"REST"},{"data":"Dualcast","floor":24,"key":"SMITH"},{"data":"Coolheaded","floor":27,"key":"SMITH"},{"data":"Hologram","floor":29,"key":"SMITH"},{"data":"Auto Shields","floor":32,"key":"SMITH"},{"data":"Madness","floor":40,"key":"SMITH"},{"data":"Thunder Strike","floor":47,"key":"SMITH"},{"floor":49,"key":"REST"}],"path_taken":["M","?","M","M","M","R","?","E","T","R","M","R","M","?","R","BOSS","M","?","$","M","M","?","R","M","T","R","M","R","M","?","R","BOSS","M","$","?","?","M","R","M","?","T","M","?","?","R","?","R","BOSS"],"build_version":"2018-05-25","seed_source_timestamp":606656432516950,"purchased_purges":1,"victory":true,"master_deck":["Strike_B","Strike_B","Strike_B","Strike_B","Defend_B","Defend_B","Defend_B","Zap+1","Dualcast+1","AscendersBane","Sweeping Beam+1","Ball Lightning","Self Repair+1","Coolheaded+1","Static Discharge+1","Genetic Algorithm+1","Electrodynamics+1","Echo Form+1","Hologram+1","Auto Shields+1","Turbo+1","Leap+1","Ghostly","Ghostly","Ghostly","Ghostly","Ghostly","Chill+1","FTL","Loop+1","Electrodynamics+1","Coolheaded+1","Madness+1","Madness","Ball Lightning+1","Sweeping Beam+1","Thunder Strike+1","Purity","Ball Lightning+1","Coolheaded+1"],"max_hp_per_floor":[89,94,94,94,94,94,94,94,94,94,94,94,94,94,94,94,94,94,94,94,94,94,47,47,47,47,47,47,47,47,47,47,47,47,47,47,47,47,47,47,47,47,47,47,47,47,47,47,47,47],"relics":["Cracked Core","Frozen Egg 2","Bird Faced Urn","Ginger","Philosopher\u0027s Stone","Bag of Preparation","Dream Catcher","Sozu","DataDisk","Oddly Smooth Stone"],"card_choices":[{"not_picked":["Redo","Recycle"],"picked":"Sweeping Beam","floor":1},{"not_picked":["Steam","White Noise"],"picked":"Ball Lightning","floor":3},{"not_picked":["Stack","Reinforced Body"],"picked":"Self Repair","floor":4},{"not_picked":["Rebound","Scrape"],"picked":"Coolheaded","floor":5},{"not_picked":["Hologram","Tempest"],"picked":"Static Discharge+1","floor":8},{"not_picked":["Compile Driver","Capacitor+1"],"picked":"Genetic Algorithm","floor":11},{"not_picked":["Leap","Storm+1"],"picked":"Electrodynamics+1","floor":13},{"not_picked":["All For One","Amplify"],"picked":"Echo Form+1","floor":16},{"not_picked":["Fusion","Coolheaded"],"picked":"Hologram","floor":18},{"not_picked":["Steam Power","Leap"],"picked":"Turbo+1","floor":21},{"not_picked":["Go for the Eyes","Skim"],"picked":"Leap+1","floor":22},{"not_picked":["Barrage","Coolheaded+1"],"picked":"Chill+1","floor":25},{"not_picked":["Turbo","Barrage+1","Stack"],"picked":"SKIP","floor":28},{"not_picked":["Sweeping Beam","Stack"],"picked":"FTL","floor":30},{"not_picked":["Amplify","Creative AI+1"],"picked":"Electrodynamics+1","floor":33},{"not_picked":["Recycle+1","Streamline"],"picked":"Coolheaded+1","floor":35},{"not_picked":["Barrage+1","Hologram+1"],"picked":"Ball Lightning+1","floor":39},{"not_picked":["Conserve Battery","Beam Cell"],"picked":"Sweeping Beam+1","floor":41},{"not_picked":["Beam Cell","Stack+1"],"picked":"Thunder Strike","floor":44},{"not_picked":["Swift Strike","Deep Breath"],"picked":"Purity","floor":45},{"not_picked":["Go for the Eyes+1","Beam Cell"],"picked":"Ball Lightning+1","floor":46},{"not_picked":["Turbo+1","Steam","Barrage"],"picked":"SKIP","floor":48},{"not_picked":["Aggregate+1","Fusion"],"picked":"Coolheaded+1","floor":49}],"player_experience":128456,"potions_floor_usage":[11,18,50,50],"damage_taken":[{"damage":13,"enemies":"Jaw Worm","floor":1,"turns":4},{"damage":0,"enemies":"Small Slimes","floor":3,"turns":3},{"damage":3,"enemies":"2 Louse","floor":4,"turns":2},{"damage":10,"enemies":"2 Fungi Beasts","floor":5,"turns":3},{"damage":17,"enemies":"3 Sentries","floor":8,"turns":7},{"damage":17,"enemies":"3 Louse","floor":11,"turns":3},{"damage":13,"enemies":"Looter","floor":13,"turns":4},{"damage":27,"enemies":"Slime Boss","floor":16,"turns":6},{"damage":43,"enemies":"2 Thieves","floor":18,"turns":4},{"damage":24,"enemies":"Chosen","floor":21,"turns":4},{"damage":26,"enemies":"Slaver and Parasite","floor":22,"turns":2},{"damage":0,"enemies":"Snecko","floor":25,"turns":7},{"damage":0,"enemies":"Snake Plant","floor":28,"turns":5},{"damage":0,"enemies":"3 Cultists","floor":30,"turns":7},{"damage":44,"enemies":"Automaton","floor":33,"turns":10},{"damage":0,"enemies":"3 Shapes","floor":35,"turns":7},{"damage":0,"enemies":"Orb Walker","floor":39,"turns":4},{"damage":0,"enemies":"Spire Growth","floor":41,"turns":6},{"damage":0,"enemies":"Maw","floor":44,"turns":7},{"damage":2,"enemies":"Flame Bruiser 2 Orb","floor":46,"turns":5},{"damage":27,"enemies":"3 Darklings","floor":48,"turns":5},{"damage":25,"enemies":"Donu and Deca","floor":50,"turns":7}],"relics_obtained":[{"floor":8,"key":"Bird Faced Urn"},{"floor":9,"key":"Ginger"},{"floor":26,"key":"Dream Catcher"},{"floor":43,"key":"Oddly Smooth Stone"}],"event_choices":[{"event_name":"Big Fish","player_choice":"Donut","floor":2,"damage_taken":0},{"event_name":"Scrap Ooze","player_choice":"success","floor":7,"damage_taken":25},{"event_name":"Living Wall","player_choice":"Grow","floor":14,"damage_taken":0},{"event_name":"Drug Dealer","player_choice":"Ignored","floor":19,"damage_taken":0},{"event_name":"Ghosts","player_choice":"Became a Ghost","floor":23,"damage_taken":0},{"event_name":"The Library","player_choice":"Read","floor":31,"damage_taken":0},{"event_name":"Mysterious Sphere","player_choice":"Ignore","floor":37,"damage_taken":0},{"event_name":"Winding Halls","player_choice":"Embrace Madness","floor":38,"damage_taken":0},{"event_name":"SensoryStone","player_choice":"Memory 1","floor":45,"damage_taken":0}],"boss_relics":[{"not_picked":["Tiny House","Inserter"],"picked":"Philosopher\u0027s Stone"},{"not_picked":["Eternal Feather","Lizard Tail"],"picked":"Sozu"}],"items_purged_floors":[36],"potions_floor_spawned":[5,11,13,21,25,33,35,46],"seed_played":"-8208159532733631415","ascension_level":11,"potions_obtained":[{"floor":5,"key":"Poison Potion"},{"floor":11,"key":"Swift Potion"},{"floor":13,"key":"Strength Potion"},{"floor":21,"key":"Ancient Potion"},{"floor":25,"key":"Swift Potion"}],"is_trial":false}