{"gold_per_floor":[115,131,56,6,18,18,31,31,31,63,76,93,93,93,93,194,194,211,211,211,231,244,244],"floor_reached":23,"playtime":6571,"items_purged":["Strike_B"],"score":358,"play_id":"643425c8-ddb2-4cb9-ab91-39550ff21edd","local_time":"20190419171227","is_ascension_mode":true,"campfire_choices":[{"data":"Zap","floor":6,"key":"SMITH"},{"data":"Dualcast","floor":8,"key":"SMITH"},{"floor":15,"key":"REST"}],"neow_cost":"NONE","seed_source_timestamp":0,"circlet_count":0,"master_deck":["Defend_B","Defend_B","Defend_B","Zap+1","Dualcast+1","Loop","Chaos","Conserve Battery","Leap","Creative AI","Electrodynamics","Rebound+1","Stack+1","Undo+1","Writhe","Redo","Steam+1"],"special_seed":0,"relics":["Cracked Core","Art of War","Singing Bowl","Mango","Astrolabe","Bag of Marbles","Nloth\u0027s Gift"],"potions_floor_usage":[13,21,21,22],"damage_taken":[{"damage":3,"enemies":"2 Louse","floor":1,"turns":3},{"damage":2,"enemies":"Jaw Worm","floor":2,"turns":3},{"damage":0,"enemies":"Cultist","floor":5,"turns":4},{"damage":0,"enemies":"Looter","floor":7,"turns":4},{"damage":20,"enemies":"Lagavulin","floor":10,"turns":7},{"damage":4,"enemies":"Large Slime","floor":11,"turns":7},{"damage":18,"enemies":"Red Slaver","floor":12,"turns":4},{"damage":0,"enemies":"Gremlin Nob","floor":13,"turns":2},{"damage":45,"enemies":"Hexaghost","floor":16,"turns":13},{"damage":19,"enemies":"Spheric Guardian","floor":18,"turns":5},{"damage":18,"enemies":"2 Thieves","floor":21,"turns":4},{"damage":30,"enemies":"Snake Plant","floor":22,"turns":5},{"damage":33,"enemies":"Book of Stabbing","floor":23,"turns":3}],"seed_played":"-370780822794114063","potions_obtained":[{"floor":1,"key":"Swift Potion"},{"floor":7,"key":"SmokeBomb"},{"floor":16,"key":"Poison Potion"},{"floor":21,"key":"Fruit Juice"},{"floor":22,"key":"Energy Potion"}],"is_trial":false,"path_per_floor":["?","?","?","?"],"character_chosen":"DEFECT","items_purchased":[],"campfire_rested":1,"item_purchase_floors":[],"current_hp_per_floor":[72,70,70,70,70,70,70,70,70,52,48,32,32,43,70,25,93,76,76,76,63,33,0],"gold":244,"neow_bonus":"RANDOM_COMMON_RELIC","is_prod":false,"is_daily":false,"chose_seed":false,"campfire_upgraded":2,"win_rate":0,"timestamp":1555708347,"path_taken":["M","M","$","?","M","R","M","R","T","E","M","M","E","?","R","BOSS","M","?","?","M","M","E"],"build_version":"2019-01-23","purchased_purges":1,"victory":false,"max_hp_per_floor":[75,75,75,75,75,75,75,75,75,77,77,79,79,93,93,93,93,95,95,95,100,100,100],"card_choices":[{"not_picked":["Beam Cell","Cold Snap"],"picked":"Loop","floor":1},{"not_picked":["Storm","Reprogram"],"picked":"Chaos","floor":2},{"not_picked":["Go for the Eyes","Redo"],"picked":"Conserve Battery","floor":5},{"not_picked":["Turbo","Static Discharge"],"picked":"Leap","floor":7},{"not_picked":["Leap","Reprogram","Rebound"],"picked":"Singing Bowl","floor":10},{"not_picked":["Double Energy","Coolheaded"],"picked":"Creative AI","floor":11},{"not_picked":["Rebound","Steam Power","Chaos"],"picked":"Singing Bowl","floor":12},{"not_picked":["Meteor Strike","All For One"],"picked":"Electrodynamics","floor":16},{"not_picked":["Undo","Barrage","Fusion"],"picked":"Singing Bowl","floor":18},{"not_picked":["Sweeping Beam","Heatsinks+1"],"picked":"Redo","floor":21},{"not_picked":["Conserve Battery","Compile Driver"],"picked":"Steam+1","floor":22}],"player_experience":189501,"relics_obtained":[{"floor":9,"key":"Singing Bowl"},{"floor":10,"key":"Girya"}],"event_choices":[{"cards_removed":["Strike_B"],"damage_healed":0,"gold_gain":0,"player_choice":"Card Removal","damage_taken":0,"max_hp_gain":0,"max_hp_loss":0,"event_name":"The Cleric","floor":4,"gold_loss":50},{"damage_healed":0,"gold_gain":0,"player_choice":"Success","damage_taken":3,"relics_obtained":["Mango"],"max_hp_gain":0,"max_hp_loss":0,"event_name":"Scrap Ooze","floor":14,"gold_loss":0},{"damage_healed":0,"gold_gain":0,"player_choice":"Opened","damage_taken":0,"relics_obtained":["Bag of Marbles"],"max_hp_gain":0,"max_hp_loss":0,"event_name":"The Mausoleum","floor":19,"gold_loss":0,"cards_obtained":["Writhe"]},{"damage_healed":0,"gold_gain":0,"player_choice":"Traded Relic","damage_taken":0,"relics_obtained":["Nloth\u0027s Gift"],"max_hp_gain":0,"max_hp_loss":0,"event_name":"N\u0027loth","floor":20,"relics_lost":["Girya"],"gold_loss":0}],"is_beta":false,"boss_relics":[{"not_picked":["Coffee Dripper","FrozenCore"],"picked":"Astrolabe"}],"items_purged_floors":[3],"is_endless":false,"potions_floor_spawned":[1,7,13,16,21,22],"killed_by":"Book of Stabbing","ascension_level":2}