{"path_per_floor":["M","M","M","M","?","R","M","R","T","?","?","E","R","$","R","B",null,"M","M","$","?","M","R","E","R","T","?","R","M","?","M","R","B",null,"M","?","$","M","M","R","?","M","T","M","?","R","M","$","R","B"],"character_chosen":"IRONCLAD","items_purchased":["Shrug It Off","Gremlin Horn","War Paint","Shrug It Off","Dexterity Potion"],"gold_per_floor":[113,133,148,168,168,168,182,182,182,182,212,545,545,53,53,153,153,170,188,65,65,76,76,110,110,134,49,49,61,61,81,81,177,177,191,0,0,11,22,22,22,35,35,52,52,52,67,16,16,16],"floor_reached":51,"campfire_rested":3,"playtime":8464,"current_hp_per_floor":[72,69,68,64,48,48,48,48,48,48,30,38,38,38,38,38,70,49,55,55,40,25,50,23,63,63,63,63,67,67,56,56,9,64,42,42,42,48,11,11,72,58,58,56,47,47,29,29,65,26],"items_purged":["Strike_R","Strike_R"],"gold":16,"score":727,"play_id":"0e6e5b2c-d6c4-4707-8e64-0624c8febdba","is_prod":false,"is_daily":false,"is_ascension_mode":true,"campfire_upgraded":8,"path_taken":["M","M","?","M","?","R","M","R","T","?","?","E","R","$","R","BOSS","M","M","$","?","M","R","E","R","T","?","R","?","?","M","R","BOSS","M","?","$","M","M","R","?","?","T","M","?","R","M","$","R","BOSS"],"build_version":"2018-02-15-PROD1","purchased_purges":2,"victory":true,"master_deck":["Defend_R+1","Defend_R","Defend_R+1","Defend_R","Bash+1","Body Slam+1","Iron Wave","Twin Strike","True Grit+1","Shrug It Off","Demon Form+1","Disarm+1","Shrug It Off","Shrug It Off+1","Shrug It Off+1","Clumsy","Reckless Charge+1","Wild Strike+1","Entrench+1","Shrug It Off","Battle Trance+1","Thunderclap","Madness+1","Madness"],"max_hp_per_floor":[80,80,80,80,80,80,80,80,80,80,80,80,80,80,80,80,80,80,80,80,85,85,85,85,85,85,85,85,85,85,85,85,85,82,82,82,82,82,82,82,72,72,72,72,72,72,72,72,72,72],"relics":["Burning Blood","Ancient Tea Set","Bag of Marbles","Odd Mushroom","Old Coin","Gremlin Horn","War Paint","Philosopher\u0027s Stone","Regal Pillow","Anchor","Letter Opener","Astrolabe","Red Mask","Sundial"],"card_choices":[{"not_picked":["Reckless Charge","Searing Blow"],"picked":"Body Slam"},{"not_picked":["Anger","Flex"],"picked":"Iron Wave"},{"not_picked":["Clothesline","Feel No Pain"],"picked":"Twin Strike"},{"not_picked":["Carnage","Disarm"],"picked":"True Grit"},{"not_picked":["Iron Wave","Warcry"],"picked":"Shrug It Off"},{"not_picked":["Thunderclap","Warcry"],"picked":"Demon Form"},{"not_picked":["Barricade","Anger"],"picked":"Disarm"},{"not_picked":["Armaments","Rage"],"picked":"Entrench"},{"not_picked":["Shockwave","Sword Boomerang"],"picked":"Shrug It Off"},{"not_picked":["Pommel Strike","Heavy Blade"],"picked":"Battle Trance"},{"not_picked":["Flex","Iron Wave"],"picked":"Thunderclap"}],"player_experience":170862,"potions_floor_usage":[11,12,16,35,44,47,50,50],"damage_taken":[{"damage":6,"enemies":"Cultist","floor":1,"turns":4},{"damage":9,"enemies":"2 Louse","floor":2,"turns":3},{"damage":7,"enemies":"Jaw Worm","floor":3,"turns":3},{"damage":10,"enemies":"2 Fungi Beasts","floor":4,"turns":4},{"damage":6,"enemies":"Blue Slaver","floor":7,"turns":4},{"damage":36,"enemies":"The Mushroom Lair","floor":11,"turns":6},{"damage":13,"enemies":"3 Sentries","floor":12,"turns":7},{"damage":6,"enemies":"Hexaghost","floor":16,"turns":7},{"damage":27,"enemies":"2 Thieves","floor":18,"turns":4},{"damage":0,"enemies":"Chosen","floor":19,"turns":4},{"damage":21,"enemies":"Centurion and Healer","floor":22,"turns":6},{"damage":33,"enemies":"Gremlin Leader","floor":24,"turns":7},{"damage":2,"enemies":"Snake Plant","floor":29,"turns":3},{"damage":17,"enemies":"Sentry and Sphere","floor":31,"turns":7},{"damage":53,"enemies":"Automaton","floor":33,"turns":10},{"damage":28,"enemies":"3 Darklings","floor":35,"turns":5},{"damage":0,"enemies":"Orb Walker","floor":38,"turns":4},{"damage":43,"enemies":"4 Shapes","floor":39,"turns":9},{"damage":20,"enemies":"Sphere and 2 Shapes","floor":42,"turns":6},{"damage":8,"enemies":"3 Darklings","floor":44,"turns":6},{"damage":24,"enemies":"Maw","floor":47,"turns":9},{"damage":45,"enemies":"Time Eater","floor":50,"turns":12}],"event_choices":[{"event_name":"Shining Light","player_choice":"Entered Light","floor":5,"damage_taken":0},{"event_name":"Purifier","player_choice":"One Purge","floor":10,"damage_taken":0},{"event_name":"Mushrooms","player_choice":"Fought Mushrooms","floor":11,"damage_taken":0},{"event_name":"Forgotten Altar","player_choice":"Shed Blood","floor":21,"damage_taken":0},{"event_name":"Addict","player_choice":"Obtained Relic","floor":27,"damage_taken":0},{"event_name":"The Library","player_choice":"Read","floor":30,"damage_taken":0},{"event_name":"Tomb of Lord Red Mask","player_choice":"Paid","floor":36,"damage_taken":0},{"event_name":"The Moai Head","player_choice":"Heal","floor":41,"damage_taken":0},{"event_name":"Winding Halls","player_choice":"Embrace Madness","floor":45,"damage_taken":0}],"boss_relics":[{"not_picked":["Lizard Tail","Orrery"],"picked":"Philosopher\u0027s Stone"},{"not_picked":["Runic Dome","Runic Cube"],"picked":"Astrolabe"}],"potions_floor_spawned":[1,11,12,18,29,33,35,42],"seed_played":"7896299722648347990","ascension_level":10,"is_trial":false}