{"gold_per_floor":[118,23,23,23,40,40,59,94,94,94,114,114,0,16,16,116,116,131,143,243,96,113,113,143,143,211,223,233,233,252,252],"floor_reached":31,"playtime":941,"items_purged":["Defend_B"],"score":270,"play_id":"d8e7411c-480c-4cab-96a6-82ea70b92ff8","local_time":"20181219223856","is_ascension_mode":true,"campfire_choices":[{"data":"Zap","floor":6,"key":"SMITH"},{"floor":10,"key":"REST"},{"data":"Defragment","floor":12,"key":"SMITH"},{"floor":15,"key":"REST"},{"data":"Capacitor","floor":23,"key":"SMITH"},{"floor":25,"key":"REST"},{"floor":29,"key":"REST"}],"neow_cost":"NONE","seed_source_timestamp":702685839209266,"circlet_count":0,"master_deck":["Strike_B","Strike_B","Strike_B","Defend_B","Defend_B","Defend_B","Zap+1","Dualcast","Redo","Defragment+1","Ball Lightning","Coolheaded","Hologram","Streamline","Auto Shields","Chill","FTL","Echo Form","Glacier","Sweeping Beam","Capacitor+1","Conserve Battery","Cold Snap","Beam Cell","Steam","Fusion","Ball Lightning"],"relics":["Cracked Core","Vajra","Mango","Bottled Lightning","Gremlin Horn","Runic Pyramid","Anchor","Shuriken"],"potions_floor_usage":[16],"damage_taken":[{"damage":10,"enemies":"Small Slimes","floor":1,"turns":2},{"damage":11,"enemies":"Jaw Worm","floor":5,"turns":2},{"damage":0,"enemies":"Cultist","floor":7,"turns":3},{"damage":14,"enemies":"3 Sentries","floor":8,"turns":6},{"damage":8,"enemies":"Red Slaver","floor":11,"turns":2},{"damage":3,"enemies":"Blue Slaver","floor":14,"turns":2},{"damage":27,"enemies":"Hexaghost","floor":16,"turns":8},{"damage":12,"enemies":"Spheric Guardian","floor":18,"turns":4},{"damage":5,"enemies":"Chosen","floor":19,"turns":5},{"damage":2,"enemies":"Sentry and Sphere","floor":22,"turns":8},{"damage":53,"enemies":"Book of Stabbing","floor":24,"turns":9},{"damage":22,"enemies":"Snake Plant","floor":27,"turns":7},{"damage":11,"enemies":"Snecko","floor":28,"turns":6},{"damage":0,"enemies":"Centurion and Healer","floor":30,"turns":6},{"damage":45,"enemies":"Gremlin Leader","floor":31,"turns":6}],"seed_played":"300693512426264072","potions_obtained":[{"floor":7,"key":"SneckoOil"},{"floor":14,"key":"GamblersBrew"},{"floor":22,"key":"Swift Potion"},{"floor":24,"key":"Poison Potion"}],"is_trial":false,"path_per_floor":["M","$","?","T","M","R","M","E","T","R","M","R","$","M","R","B",null,"M","M","?","$","M","R","E","R","T","M","M","R","M","E"],"character_chosen":"DEFECT","items_purchased":["Defragment","Ball Lightning","Chill","Capacitor","Conserve Battery","Cold Snap"],"campfire_rested":4,"item_purchase_floors":[2,2,13,21,21,21],"current_hp_per_floor":[65,65,58,72,61,61,61,47,47,73,65,65,65,62,88,61,89,77,72,72,72,70,70,17,43,43,21,10,36,36,0],"gold":252,"neow_bonus":"RANDOM_COMMON_RELIC","is_prod":false,"is_daily":false,"chose_seed":false,"campfire_upgraded":3,"win_rate":0,"timestamp":1545280736,"path_taken":["M","$","?","?","M","R","?","E","T","R","M","R","?","?","R","BOSS","M","M","?","$","?","R","E","R","T","M","M","R","?","E"],"build_version":"2018-12-13","purchased_purges":1,"victory":false,"max_hp_per_floor":[75,75,75,89,89,89,89,89,89,89,89,89,89,89,89,89,89,89,89,89,89,89,89,89,89,89,89,89,89,89,89],"card_choices":[{"not_picked":["Sweeping Beam","Barrage"],"picked":"Redo","floor":1},{"not_picked":["Barrage","Beam Cell"],"picked":"Coolheaded","floor":5},{"not_picked":["Beam Cell","Reprogram"],"picked":"Hologram","floor":7},{"not_picked":["Tempest","Redo"],"picked":"Streamline","floor":8},{"not_picked":["Seek","Beam Cell"],"picked":"Auto Shields","floor":11},{"not_picked":["Auto Shields","Turbo"],"picked":"FTL","floor":14},{"not_picked":["Fission","Hyperbeam"],"picked":"Echo Form","floor":16},{"not_picked":["Rebound","Undo+1"],"picked":"Glacier","floor":18},{"not_picked":["Hologram","Gash"],"picked":"Sweeping Beam","floor":19},{"not_picked":["Gash","Biased Cognition"],"picked":"Beam Cell","floor":22},{"not_picked":["Conserve Battery","Undo+1"],"picked":"Steam","floor":24},{"not_picked":["Sunder+1","Barrage"],"picked":"Fusion","floor":27},{"not_picked":["Redo","Streamline","Sweeping Beam+1"],"picked":"SKIP","floor":28},{"not_picked":["Sweeping Beam","Hologram"],"picked":"Ball Lightning","floor":30}],"player_experience":123866,"relics_obtained":[{"floor":4,"key":"Mango"},{"floor":8,"key":"Bottled Lightning"},{"floor":9,"key":"Gremlin Horn"},{"floor":24,"key":"Anchor"},{"floor":26,"key":"Shuriken"}],"event_choices":[{"cards_removed":["Strike_B"],"damage_healed":0,"gold_gain":0,"player_choice":"Card Removal","damage_taken":7,"max_hp_gain":0,"max_hp_loss":0,"event_name":"Golden Wing","floor":3,"gold_loss":0},{"damage_healed":0,"gold_gain":100,"player_choice":"Pray","damage_taken":0,"max_hp_gain":0,"max_hp_loss":0,"event_name":"Golden Shrine","floor":20,"gold_loss":0}],"is_beta":false,"boss_relics":[{"not_picked":["Busted Crown","Tiny House"],"picked":"Runic Pyramid"}],"items_purged_floors":[13],"is_endless":false,"potions_floor_spawned":[7,14,22,24,27,30],"killed_by":"Gremlin Leader","ascension_level":1}