{"gold_per_floor":[114,132,144,219,48,48,80,94,165,220,270,252,287,301,301,378,378,378,378,378,254,254,254,254,254,254,254,254,254,254,254,254,254],"floor_reached":33,"playtime":16479,"items_purged":["Strike_G","Strike_G"],"score":544,"play_id":"cb8764ae-729a-436d-804d-855e10749140","local_time":"20190415001320","is_ascension_mode":true,"campfire_choices":[{"data":"Neutralize","floor":6,"key":"SMITH"},{"floor":15,"key":"REST"},{"floor":27,"key":"REST"},{"floor":30,"key":"REST"},{"data":"Envenom","floor":32,"key":"SMITH"}],"neow_cost":"NONE","seed_source_timestamp":138496421701701,"circlet_count":0,"master_deck":["AscendersBane","Defend_G","Defend_G+1","Defend_G","Defend_G","Defend_G","Strike_G","Strike_G","Strike_G","Survivor","Neutralize+1","Dash","Footwork","Leg Sweep","Finisher","Dark Shackles","Deflect","Dagger Throw","Backflip+1","Dodge and Roll","Backstab","Wraith Form v2","Dagger Spray","Noxious Fumes","Deadly Poison+1","Footwork","Envenom+1"],"relics":["Ring of the Snake","Ice Cream","Tiny Chest","Lantern","Ectoplasm","Smiling Mask","Pantograph","Bottled Flame","War Paint"],"potions_floor_usage":[7,10,13,16,16,19,24,28,29],"damage_taken":[{"damage":0,"enemies":"Cultist","floor":1,"turns":4},{"damage":0,"enemies":"Small Slimes","floor":2,"turns":5},{"damage":0,"enemies":"2 Louse","floor":3,"turns":3},{"damage":6,"enemies":"Gremlin Nob","floor":7,"turns":4},{"damage":0,"enemies":"Large Slime","floor":8,"turns":10},{"damage":14,"enemies":"3 Sentries","floor":10,"turns":12},{"damage":4,"enemies":"Exordium Thugs","floor":12,"turns":8},{"damage":14,"enemies":"Lagavulin","floor":13,"turns":12},{"damage":0,"enemies":"2 Fungi Beasts","floor":14,"turns":5},{"damage":5,"enemies":"The Guardian","floor":16,"turns":18},{"damage":5,"enemies":"Chosen","floor":18,"turns":9},{"damage":0,"enemies":"2 Thieves","floor":19,"turns":1},{"damage":3,"enemies":"Shelled Parasite and Fungi","floor":22,"turns":10},{"damage":28,"enemies":"Book of Stabbing","floor":23,"turns":10},{"damage":4,"enemies":"Chosen and Byrds","floor":24,"turns":7},{"damage":17,"enemies":"Gremlin Leader","floor":25,"turns":9},{"damage":0,"enemies":"Sentry and Sphere","floor":28,"turns":5},{"damage":4,"enemies":"Shelled Parasite and Fungi","floor":29,"turns":8},{"damage":9,"enemies":"Centurion and Healer","floor":31,"turns":10},{"damage":74,"enemies":"Automaton","floor":33,"turns":12}],"seed_played":"-2468162922940014439","potions_obtained":[{"floor":1,"key":"Strength Potion"},{"floor":8,"key":"Regen Potion"},{"floor":12,"key":"SkillPotion"},{"floor":13,"key":"Swift Potion"},{"floor":14,"key":"SkillPotion"},{"floor":16,"key":"SmokeBomb"},{"floor":18,"key":"Ancient Potion"},{"floor":23,"key":"Ancient Potion"},{"floor":25,"key":"Energy Potion"}],"is_trial":false,"path_per_floor":["M","M","M","?","$","R","E","M","T","E","?","M","E","M","R","B",null,"M","M","T","$","M","E","M","E","T","R","M","M","R","M","R","B"],"character_chosen":"THE_SILENT","items_purchased":["Dark Shackles","Noxious Fumes"],"campfire_rested":3,"item_purchase_floors":[5,21],"current_hp_per_floor":[59,59,59,48,48,48,42,42,42,43,37,33,19,19,38,33,58,53,53,53,53,50,22,18,1,1,20,20,16,35,26,26,0],"gold":254,"neow_bonus":"THREE_CARDS","is_prod":false,"is_daily":false,"chose_seed":false,"campfire_upgraded":2,"win_rate":0,"timestamp":1555251200,"path_taken":["M","M","M","?","$","R","E","M","T","E","?","?","E","M","R","BOSS","M","M","?","$","M","E","M","E","T","R","M","?","R","M","R","BOSS"],"build_version":"2019-01-23","purchased_purges":2,"victory":false,"max_hp_per_floor":[66,66,66,66,66,66,66,66,66,66,66,66,66,66,66,66,66,66,66,66,66,66,66,66,66,66,66,66,66,66,66,66,66],"card_choices":[{"not_picked":["Deadly Poison","Prepared"],"picked":"Dash","floor":0},{"not_picked":["Outmaneuver","Deadly Poison"],"picked":"Footwork","floor":1},{"not_picked":["Sucker Punch","Poisoned Stab"],"picked":"Leg Sweep","floor":2},{"not_picked":["Slice","Riddle With Holes"],"picked":"Finisher","floor":3},{"not_picked":["Underhanded Strike","Finisher"],"picked":"Deflect","floor":7},{"not_picked":["Deflect","Eviscerate"],"picked":"Dagger Throw","floor":8},{"not_picked":["Dash","Dodge and Roll"],"picked":"Backflip","floor":10},{"not_picked":["All Out Attack","Deflect","Finisher"],"picked":"SKIP","floor":12},{"not_picked":["Tactician","Caltrops"],"picked":"Dodge and Roll","floor":13},{"not_picked":["Calculated Gamble","Distraction"],"picked":"Backstab","floor":14},{"not_picked":["Bullet Time","Tools of the Trade"],"picked":"Wraith Form v2","floor":16},{"not_picked":["Crippling Poison","Acrobatics"],"picked":"Dagger Spray","floor":18},{"not_picked":["Acrobatics","Backflip","Sucker Punch"],"picked":"SKIP","floor":22},{"not_picked":["Dagger Throw","Outmaneuver"],"picked":"Deadly Poison+1","floor":23},{"not_picked":["Sucker Punch","Prepared"],"picked":"Footwork","floor":24},{"not_picked":["Bane+1","Blade Dance"],"picked":"Envenom","floor":25},{"not_picked":["Masterful Stab","Leg Sweep","Dagger Spray"],"picked":"SKIP","floor":28},{"not_picked":["Sucker Punch","Riddle With Holes","Slice"],"picked":"SKIP","floor":29},{"not_picked":["Distraction","Sucker Punch","Dagger Spray"],"picked":"SKIP","floor":31}],"player_experience":580957,"relics_obtained":[{"floor":7,"key":"Ice Cream"},{"floor":10,"key":"Tiny Chest"},{"floor":13,"key":"Lantern"},{"floor":20,"key":"Smiling Mask"},{"floor":23,"key":"Pantograph"},{"floor":25,"key":"Bottled Flame"},{"floor":26,"key":"War Paint"}],"event_choices":[{"damage_healed":0,"gold_gain":75,"player_choice":"Gather Gold","damage_taken":11,"max_hp_gain":0,"max_hp_loss":0,"event_name":"World of Goop","floor":4,"gold_loss":0},{"damage_healed":0,"gold_gain":50,"player_choice":"Touch","damage_taken":6,"max_hp_gain":0,"max_hp_loss":0,"event_name":"FaceTrader","floor":11,"gold_loss":0}],"is_beta":false,"boss_relics":[{"not_picked":["Runic Dome","Pandora\u0027s Box"],"picked":"Ectoplasm"}],"items_purged_floors":[5,21],"is_endless":false,"potions_floor_spawned":[1,8,12,13,14,16,18,19,23,25],"killed_by":"Automaton","ascension_level":15}