{"gold_per_floor":[114,125,144,4,4,4,34,34,34,49,49,61,61,76,76,153,153,173,68,81,81,81,81,97,97,122,122,136,136],"floor_reached":29,"playtime":1853,"items_purged":["Strike_B"],"score":450,"play_id":"15511d29-7962-43cd-bdd4-4d7933ede445","local_time":"20190119195855","is_ascension_mode":true,"campfire_choices":[{"data":"Reinforced Body","floor":6,"key":"SMITH"},{"floor":8,"key":"REST"},{"data":"Static Discharge","floor":11,"key":"SMITH"},{"data":"Self Repair","floor":13,"key":"SMITH"},{"data":"Zap","floor":15,"key":"SMITH"},{"data":"Storm","floor":23,"key":"SMITH"},{"data":"Creative AI","floor":25,"key":"SMITH"},{"data":"Hologram","floor":27,"key":"SMITH"}],"neow_cost":"NONE","seed_source_timestamp":803115536922737,"circlet_count":0,"master_deck":["AscendersBane","Strike_B","Strike_B","Defend_B","Defend_B","Defend_B+1","Defend_B","Zap+1","Dualcast","Core Surge+1","Ball Lightning","Static Discharge+1","Reinforced Body+1","Cold Snap","Self Repair+1","Creative AI+1","BootSequence","Storm+1","Coolheaded","Shame","Hologram+1"],"relics":["Cracked Core","Dodecahedron","Bottled Flame","Orrery","Bronze Scales","Ancient Tea Set"],"potions_floor_usage":[7,16,29],"damage_taken":[{"damage":6,"enemies":"Cultist","floor":1,"turns":3},{"damage":0,"enemies":"2 Louse","floor":2,"turns":2},{"damage":7,"enemies":"Jaw Worm","floor":3,"turns":3},{"damage":14,"enemies":"3 Sentries","floor":7,"turns":5},{"damage":3,"enemies":"3 Louse","floor":10,"turns":3},{"damage":16,"enemies":"Exordium Thugs","floor":12,"turns":3},{"damage":0,"enemies":"Exordium Wildlife","floor":14,"turns":3},{"damage":16,"enemies":"The Guardian","floor":16,"turns":13},{"damage":16,"enemies":"Spheric Guardian","floor":18,"turns":4},{"damage":6,"enemies":"3 Byrds","floor":20,"turns":1},{"damage":7,"enemies":"Snecko","floor":24,"turns":6},{"damage":15,"enemies":"3 Cultists","floor":28,"turns":4},{"damage":55,"enemies":"Centurion and Healer","floor":29,"turns":8}],"seed_played":"1119095778190953484","potions_obtained":[{"floor":2,"key":"PowerPotion"},{"floor":7,"key":"Energy Potion"},{"floor":10,"key":"Strength Potion"},{"floor":16,"key":"LiquidBronze"},{"floor":20,"key":"Fire Potion"},{"floor":24,"key":"AttackPotion"}],"is_trial":false,"path_per_floor":["M","M","M","$","?","R","E","R","T","M","R","M","R","M","R","B",null,"M","$","M","?","?","R","M","R","T","R","M","M"],"character_chosen":"DEFECT","items_purchased":["Reinforced Body","Poison Potion","Coolheaded"],"campfire_rested":1,"item_purchase_floors":[4,4,19],"current_hp_per_floor":[58,58,51,51,30,30,16,37,37,34,34,18,18,28,28,22,59,53,53,47,47,47,47,50,50,50,50,45,0],"gold":136,"neow_bonus":"ONE_RANDOM_RARE_CARD","is_prod":false,"is_daily":false,"chose_seed":false,"campfire_upgraded":7,"win_rate":0,"timestamp":1547924335,"path_taken":["M","M","M","?","?","R","E","R","T","?","R","M","R","M","R","BOSS","M","$","M","?","?","R","M","R","T","R","?","M"],"build_version":"2019-01-17","purchased_purges":1,"victory":false,"max_hp_per_floor":[71,71,71,71,71,71,71,71,71,71,71,71,71,71,71,71,71,71,71,71,71,71,71,71,71,71,71,71,71],"card_choices":[{"not_picked":["Gash","Redo"],"picked":"Ball Lightning","floor":1},{"not_picked":["Compile Driver","Double Energy","Doom and Gloom"],"picked":"SKIP","floor":2},{"not_picked":["Compile Driver","Consume"],"picked":"Static Discharge","floor":3},{"not_picked":["Rebound","Leap"],"picked":"Cold Snap","floor":7},{"not_picked":["Heatsinks","Loop"],"picked":"Self Repair","floor":10},{"not_picked":["Streamline","Loop","Heatsinks"],"picked":"SKIP","floor":12},{"not_picked":["Gash","Barrage","Undo"],"picked":"SKIP","floor":14},{"not_picked":["Hyperbeam","Thunder Strike"],"picked":"Creative AI","floor":16},{"not_picked":["Chaos","Go for the Eyes"],"picked":"BootSequence","floor":17},{"not_picked":["Streamline","Steam"],"picked":"Storm","floor":17},{"not_picked":["Gash","Ball Lightning","Skim"],"picked":"SKIP","floor":18},{"not_picked":["Static Discharge","Barrage","Steam"],"picked":"SKIP","floor":20},{"not_picked":["Redo","Capacitor","Hello World+1"],"picked":"SKIP","floor":24},{"not_picked":["Conserve Battery","Compile Driver","Barrage"],"picked":"SKIP","floor":28}],"player_experience":549384,"relics_obtained":[{"floor":7,"key":"Dodecahedron"},{"floor":9,"key":"Bottled Flame"},{"floor":26,"key":"Ancient Tea Set"}],"event_choices":[{"damage_healed":0,"gold_gain":0,"player_choice":"Entered Light","damage_taken":21,"max_hp_gain":0,"max_hp_loss":0,"event_name":"Shining Light","floor":5,"gold_loss":0,"cards_upgraded":["Core Surge","Defend_B"]},{"damage_healed":0,"gold_gain":0,"player_choice":"Stole Relic","damage_taken":0,"relics_obtained":["Bronze Scales"],"max_hp_gain":0,"max_hp_loss":0,"event_name":"Addict","floor":21,"gold_loss":0,"cards_obtained":["Shame"]},{"damage_healed":0,"gold_gain":0,"cards_transformed":["Strike_B"],"player_choice":"Transformed","damage_taken":0,"max_hp_gain":0,"max_hp_loss":0,"event_name":"Transmorgrifier","floor":22,"gold_loss":0,"cards_obtained":["Hologram"]}],"is_beta":true,"boss_relics":[{"not_picked":["White Beast Statue","Ectoplasm"],"picked":"Orrery"}],"items_purged_floors":[19],"is_endless":false,"potions_floor_spawned":[2,7,10,16,20,24],"killed_by":"Centurion and Healer","ascension_level":20}