{"gold_per_floor":[115,65,165,178,190,190,221,221,245,420,437,462,462,474,474,574,574,590,590,440,464,484,484,502,502],"floor_reached":25,"playtime":4051,"items_purged":["Strike_B"],"score":243,"play_id":"519aefa6-1c48-415c-a2f7-2e5d0429c5cf","local_time":"20190318233038","is_ascension_mode":true,"campfire_choices":[{"data":"Zap","floor":6,"key":"SMITH"},{"data":"Redo","floor":8,"key":"SMITH"},{"data":"Defragment","floor":15,"key":"SMITH"},{"data":"Fission","floor":23,"key":"SMITH"}],"neow_cost":"NONE","seed_source_timestamp":335822982351504,"circlet_count":0,"master_deck":["Strike_B","Strike_B","Defend_B","Defend_B","Defend_B","Defend_B","Zap+1","Dualcast","Rainbow","Skim","Coolheaded","Redo+1","Defragment+1","Glacier","BootSequence","Fission+1","Redo","Capacitor","Defragment","Chill"],"relics":["Cracked Core","Anchor","Omamori","Bag of Marbles","Black Star"],"potions_floor_usage":[7,16,25],"damage_taken":[{"damage":6,"enemies":"2 Louse","floor":1,"turns":2},{"damage":0,"enemies":"Cultist","floor":4,"turns":4},{"damage":6,"enemies":"Small Slimes","floor":5,"turns":2},{"damage":28,"enemies":"Gremlin Nob","floor":7,"turns":4},{"damage":9,"enemies":"Exordium Thugs","floor":11,"turns":3},{"damage":13,"enemies":"Lagavulin","floor":12,"turns":5},{"damage":0,"enemies":"3 Louse","floor":14,"turns":3},{"damage":11,"enemies":"The Guardian","floor":16,"turns":14},{"damage":3,"enemies":"3 Byrds","floor":18,"turns":4},{"damage":15,"enemies":"Spheric Guardian","floor":22,"turns":4},{"damage":12,"enemies":"Cultist and Chosen","floor":24,"turns":9},{"damage":51,"enemies":"Gremlin Leader","floor":25,"turns":6}],"seed_played":"-717812084301537636","potions_obtained":[{"floor":5,"key":"FocusPotion"},{"floor":7,"key":"Dexterity Potion"},{"floor":12,"key":"Dexterity Potion"},{"floor":14,"key":"AttackPotion"}],"is_trial":false,"path_per_floor":["M","?","?","M","M","R","E","R","T","?","M","E","?","M","R","B",null,"M","?","$","T","M","R","M","E"],"character_chosen":"DEFECT","items_purchased":["Capacitor"],"campfire_rested":0,"item_purchase_floors":[20],"current_hp_per_floor":[69,69,69,69,63,63,35,35,35,35,26,13,31,31,31,20,75,72,75,75,75,60,60,48,0],"gold":502,"neow_bonus":"ONE_RANDOM_RARE_CARD","is_prod":false,"is_daily":false,"chose_seed":false,"campfire_upgraded":4,"win_rate":0,"timestamp":1552977038,"path_taken":["M","?","?","M","?","R","E","R","T","?","M","E","?","M","R","BOSS","M","?","$","?","M","R","M","E"],"build_version":"2019-01-23","purchased_purges":1,"victory":false,"max_hp_per_floor":[75,75,75,75,75,75,75,75,75,75,75,75,75,75,75,75,75,75,75,75,75,75,75,75,75],"card_choices":[{"not_picked":["Rebound","Reinforced Body","Darkness"],"picked":"SKIP","floor":1},{"not_picked":["Scrape","Reprogram"],"picked":"Skim","floor":4},{"not_picked":["Rebound","Undo"],"picked":"Coolheaded","floor":5},{"not_picked":["Go for the Eyes","Storm"],"picked":"Redo","floor":7},{"not_picked":["Rebound","Beam Cell"],"picked":"Defragment","floor":11},{"not_picked":["Skim","Sunder"],"picked":"Glacier","floor":12},{"not_picked":["Beam Cell","Stack"],"picked":"BootSequence","floor":14},{"not_picked":["Rainbow","Creative AI"],"picked":"Fission","floor":16},{"not_picked":["Reprogram","Go for the Eyes"],"picked":"Redo","floor":18},{"not_picked":["Streamline","Tempest+1"],"picked":"Defragment","floor":22},{"not_picked":["Hologram","Stack"],"picked":"Chill","floor":24}],"player_experience":1420752,"relics_obtained":[{"floor":7,"key":"Anchor"},{"floor":9,"key":"Omamori"},{"floor":12,"key":"Bag of Marbles"}],"event_choices":[{"cards_removed":["Strike_B"],"damage_healed":0,"gold_gain":0,"player_choice":"Card Removal","damage_taken":0,"max_hp_gain":0,"max_hp_loss":0,"event_name":"The Cleric","floor":2,"gold_loss":50},{"damage_healed":0,"gold_gain":100,"player_choice":"Pray","damage_taken":0,"max_hp_gain":0,"max_hp_loss":0,"event_name":"Golden Shrine","floor":3,"gold_loss":0},{"damage_healed":0,"gold_gain":175,"player_choice":"AGREE","damage_taken":0,"max_hp_gain":0,"max_hp_loss":0,"event_name":"Liars Game","floor":10,"gold_loss":0,"cards_obtained":["Doubt"]},{"damage_healed":18,"gold_gain":0,"player_choice":"Healed and dodged fight","damage_taken":0,"max_hp_gain":0,"max_hp_loss":0,"event_name":"Mushrooms","floor":13,"gold_loss":0,"cards_obtained":["Parasite"]},{"damage_healed":3,"gold_gain":0,"player_choice":"Full Heal","damage_taken":0,"max_hp_gain":0,"max_hp_loss":0,"event_name":"Wheel of Change","floor":19,"gold_loss":0}],"is_beta":false,"boss_relics":[{"not_picked":["Tiny House","Runic Pyramid"],"picked":"Black Star"}],"items_purged_floors":[20],"is_endless":false,"potions_floor_spawned":[5,7,12,14],"killed_by":"Gremlin Leader","ascension_level":3}