{"gold_per_floor":[116,132,132,147,165,165,198,148,201,214,240,259,275,310,310,410,410,420,445,463,111,123,148,247,278,278,278,325,337,337,367,367,367],"floor_reached":33,"playtime":2842,"items_purged":["Strike_B"],"score":392,"play_id":"ffc83647-ac0f-4dc2-8667-d00ea005aff3","local_time":"20180807235828","is_ascension_mode":true,"campfire_choices":[{"data":"Zap","floor":6,"key":"SMITH"},{"data":"Rip and Tear","floor":15,"key":"SMITH"},{"floor":27,"key":"REST"},{"floor":30,"key":"REST"},{"floor":32,"key":"REST"}],"neow_cost":"NONE","seed_source_timestamp":1229716591985101,"circlet_count":0,"master_deck":["Strike_B","Strike_B","Defend_B","Defend_B","Defend_B","Defend_B","Zap+1","Dualcast","Rip and Tear+1","Leap","Rebound","Leap","Steam","Ball Lightning","Electrodynamics","Auto Shields","Capacitor","Glacier+1","Stack+1","Go for the Eyes","Parasite","Genetic Algorithm+1","Hologram+1"],"relics":["Cracked Core","Boot","Bronze Scales","Strawberry","Tiny Chest","Omamori","Blood Vial","Cursed Key","Happy Flower","Lee\u0027s Waffle","Lantern","Calipers","Question Card","DataDisk","Dream Catcher"],"potions_floor_usage":[13,14,22,23,33,33],"damage_taken":[{"damage":1,"enemies":"Cultist","floor":1,"turns":3},{"damage":0,"enemies":"Small Slimes","floor":2,"turns":2},{"damage":0,"enemies":"2 Louse","floor":4,"turns":2},{"damage":4,"enemies":"Red Slaver","floor":5,"turns":3},{"damage":13,"enemies":"3 Sentries","floor":7,"turns":6},{"damage":4,"enemies":"3 Louse","floor":10,"turns":2},{"damage":18,"enemies":"Gremlin Nob","floor":11,"turns":4},{"damage":3,"enemies":"Blue Slaver","floor":12,"turns":2},{"damage":3,"enemies":"Exordium Thugs","floor":13,"turns":3},{"damage":15,"enemies":"Lagavulin","floor":14,"turns":4},{"damage":6,"enemies":"Hexaghost","floor":16,"turns":8},{"damage":0,"enemies":"3 Byrds","floor":18,"turns":2},{"damage":2,"enemies":"2 Thieves","floor":20,"turns":2},{"damage":25,"enemies":"Slaver and Parasite","floor":22,"turns":5},{"damage":40,"enemies":"Slavers","floor":23,"turns":6},{"damage":20,"enemies":"Gremlin Leader","floor":25,"turns":8},{"damage":1,"enemies":"Snecko","floor":29,"turns":6},{"damage":21,"enemies":"Slavers","floor":31,"turns":5},{"damage":78,"enemies":"Champ","floor":33,"turns":13}],"seed_played":"-4714737318396648239","potions_obtained":[{"floor":2,"key":"FearPotion"},{"floor":4,"key":"Explosive Potion"},{"floor":5,"key":"Dexterity Potion"},{"floor":11,"key":"AttackPotion"},{"floor":13,"key":"FearPotion"},{"floor":22,"key":"Strength Potion"},{"floor":25,"key":"SteroidPotion"},{"floor":31,"key":"SpeedPotion"}],"is_trial":false,"path_per_floor":["M","M","?","M","M","R","E","?","T","M","E","M","M","E","R","B",null,"M","T","M","$","M","E","?","E","T","R","T","M","R","E","R"],"character_chosen":"DEFECT","items_purchased":["Capacitor","Lee\u0027s Waffle"],"campfire_rested":3,"item_purchase_floors":[21,21],"current_hp_per_floor":[74,74,74,74,70,70,64,64,64,60,42,39,36,21,21,17,82,82,82,80,89,64,26,26,8,8,34,34,35,61,42,68,0],"gold":367,"neow_bonus":"RANDOM_COMMON_RELIC","is_prod":false,"is_daily":false,"chose_seed":false,"campfire_upgraded":2,"win_rate":0,"timestamp":1533650308,"path_taken":["M","?","?","M","M","R","E","?","T","?","E","M","M","E","R","BOSS","M","?","M","$","M","E","?","E","T","R","?","M","R","E","R","BOSS"],"build_version":"2018-08-02","purchased_purges":1,"victory":false,"max_hp_per_floor":[75,75,75,75,75,75,82,82,82,82,82,82,82,82,82,82,82,82,82,82,89,89,89,89,89,89,89,89,89,89,89,89,89],"card_choices":[{"not_picked":["Barrage","Force Field"],"picked":"Rip and Tear","floor":1},{"not_picked":["Aggregate","Reprogram"],"picked":"Leap","floor":2},{"not_picked":["Double Energy","Stack"],"picked":"Rebound","floor":4},{"not_picked":["All For One","Rip and Tear"],"picked":"Leap","floor":5},{"not_picked":["Sunder","Gash","Beam Cell"],"picked":"SKIP","floor":7},{"not_picked":["Beam Cell","Stack"],"picked":"Steam","floor":10},{"not_picked":["Melter","Barrage","Stack"],"picked":"SKIP","floor":11},{"not_picked":["Reprogram","Steam","Beam Cell"],"picked":"SKIP","floor":12},{"not_picked":["Hello World","Turbo"],"picked":"Ball Lightning","floor":13},{"not_picked":["Streamline","Stack","Doom and Gloom"],"picked":"SKIP","floor":14},{"not_picked":["Creative AI","Reboot"],"picked":"Electrodynamics","floor":16},{"not_picked":["Gash","Reprogram"],"picked":"Auto Shields","floor":18},{"not_picked":["Barrage+1","Turbo","Redo"],"picked":"SKIP","floor":20},{"not_picked":["Blizzard","Barrage"],"picked":"Glacier+1","floor":22},{"not_picked":["Leap","Barrage"],"picked":"Stack+1","floor":23},{"not_picked":["Rebound","Multi-Cast"],"picked":"Go for the Eyes","floor":25},{"not_picked":["Static Discharge","Chaos","Barrage"],"picked":"Genetic Algorithm+1","floor":29},{"not_picked":["Genetic Algorithm","Barrage","Tempest","Melter"],"picked":"SKIP","floor":31},{"not_picked":["Turbo","Gash+1","Beam Cell+1"],"picked":"Hologram+1","floor":32}],"player_experience":358720,"relics_obtained":[{"floor":7,"key":"Strawberry"},{"floor":9,"key":"Tiny Chest"},{"floor":11,"key":"Omamori"},{"floor":14,"key":"Blood Vial"},{"floor":19,"key":"Happy Flower"},{"floor":23,"key":"Lantern"},{"floor":25,"key":"Calipers"},{"floor":26,"key":"Question Card"},{"floor":28,"key":"DataDisk"},{"floor":31,"key":"Dream Catcher"}],"event_choices":[{"event_name":"WeMeetAgain","player_choice":"Potion","floor":3,"damage_taken":0},{"event_name":"The Cleric","player_choice":"Card Removal","floor":8,"damage_taken":0},{"event_name":"Nest","player_choice":"Stole From Cult","floor":24,"damage_taken":0}],"is_beta":false,"boss_relics":[{"not_picked":["Busted Crown","Runic Dome"],"picked":"Cursed Key"}],"items_purged_floors":[21],"is_endless":false,"potions_floor_spawned":[2,4,5,11,13,22,25,31],"killed_by":"Champ","ascension_level":4}