{"gold_per_floor":[115,126,138,138,155,188,188,215,215,249,249,249,269,281,281,384,384,403,403,231,257,257,285,285,285],"floor_reached":25,"playtime":2067,"items_purged":["Strike_R"],"score":348,"play_id":"a67fffd9-04cb-43b9-bb27-157d5af72cb4","local_time":"20190413011541","is_ascension_mode":true,"campfire_choices":[{"data":"Flame Barrier","floor":7,"key":"SMITH"},{"data":"Body Slam","floor":12,"key":"SMITH"},{"data":"Clothesline","floor":15,"key":"SMITH"},{"data":"Inflame","floor":24,"key":"SMITH"}],"neow_cost":"NONE","seed_source_timestamp":2496279096788279,"circlet_count":0,"master_deck":["Strike_R","Strike_R+1","Strike_R","Strike_R","Defend_R","Defend_R","Defend_R","Defend_R","Bash+1","Flame Barrier+1","Heavy Blade","Clothesline+1","Body Slam+1","Inflame+1","Pummel","Headbutt","Feed","Armaments","Juggernaut","Ghostly Armor","Flash of Steel","Infernal Blade+1","Wild Strike+1"],"relics":["Burning Blood","Ginger","Omamori","StoneCalendar","Coffee Dripper","Red Mask","Blood Vial"],"potions_floor_usage":[10,16,16,16,16,21,21,23,23],"damage_taken":[{"damage":0,"enemies":"Small Slimes","floor":1,"turns":4},{"damage":7,"enemies":"Jaw Worm","floor":2,"turns":6},{"damage":0,"enemies":"Cultist","floor":3,"turns":5},{"damage":8,"enemies":"3 Louse","floor":5,"turns":4},{"damage":38,"enemies":"Lagavulin","floor":6,"turns":9},{"damage":2,"enemies":"Gremlin Nob","floor":8,"turns":3},{"damage":15,"enemies":"3 Sentries","floor":10,"turns":8},{"damage":0,"enemies":"Large Slime","floor":13,"turns":4},{"damage":9,"enemies":"2 Fungi Beasts","floor":14,"turns":2},{"damage":10,"enemies":"The Guardian","floor":16,"turns":9},{"damage":6,"enemies":"Spheric Guardian","floor":18,"turns":3},{"damage":21,"enemies":"Masked Bandits","floor":21,"turns":5},{"damage":51,"enemies":"Slavers","floor":23,"turns":7},{"damage":14,"enemies":"Shell Parasite","floor":25,"turns":2}],"seed_played":"-6730794259198547629","potions_obtained":[{"floor":1,"key":"SneckoOil"},{"floor":6,"key":"EntropicBrew"},{"floor":8,"key":"Regen Potion"},{"floor":13,"key":"Block Potion"},{"floor":16,"key":"Fire Potion"},{"floor":21,"key":"Block Potion"}],"is_trial":false,"path_per_floor":["M","M","M","?","M","E","R","E","T","E","?","R","M","M","R","B",null,"M","?","$","?","?","E","R","M"],"character_chosen":"IRONCLAD","items_purchased":["Flash of Steel"],"campfire_rested":0,"item_purchase_floors":[20],"current_hp_per_floor":[86,85,88,70,68,36,36,40,40,46,46,46,55,55,55,51,83,83,83,83,71,52,10,10,0],"gold":285,"neow_bonus":"TEN_PERCENT_HP_BONUS","is_prod":false,"is_daily":false,"chose_seed":false,"campfire_upgraded":4,"win_rate":0,"timestamp":1555082141,"path_taken":["M","M","M","?","M","E","R","E","T","E","?","R","M","?","R","BOSS","M","?","$","?","?","E","R","?"],"build_version":"2019-01-23","purchased_purges":1,"victory":false,"max_hp_per_floor":[88,88,88,88,88,88,88,88,88,88,88,88,91,94,94,94,94,94,94,94,97,102,105,105,105],"card_choices":[{"not_picked":["Sentinel","Shrug It Off"],"picked":"Flame Barrier","floor":1},{"not_picked":["Flex","Bloodletting"],"picked":"Heavy Blade","floor":2},{"not_picked":["Corruption","Flame Barrier"],"picked":"Clothesline","floor":3},{"not_picked":["Blood for Blood","Anger"],"picked":"Body Slam","floor":5},{"not_picked":["Sentinel","Thunderclap"],"picked":"Inflame","floor":6},{"not_picked":["Warcry","Body Slam"],"picked":"Pummel","floor":8},{"not_picked":["Perfected Strike","Wild Strike"],"picked":"Headbutt","floor":10},{"not_picked":["Flex","Blood for Blood"],"picked":"Armaments","floor":13},{"not_picked":["Evolve","Headbutt","Thunderclap"],"picked":"SKIP","floor":14},{"not_picked":["Berserk","Bludgeon"],"picked":"Juggernaut","floor":16},{"not_picked":["Body Slam","Rage","Armaments"],"picked":"SKIP","floor":18},{"not_picked":["Armaments","Anger"],"picked":"Infernal Blade+1","floor":21},{"not_picked":["Perfected Strike","Body Slam"],"picked":"Wild Strike+1","floor":23}],"player_experience":494092,"relics_obtained":[{"floor":6,"key":"Ginger"},{"floor":8,"key":"Omamori"},{"floor":10,"key":"StoneCalendar"},{"floor":21,"key":"Red Mask"},{"floor":23,"key":"Blood Vial"}],"event_choices":[{"damage_healed":0,"gold_gain":0,"player_choice":"Entered Light","damage_taken":18,"max_hp_gain":0,"max_hp_loss":0,"event_name":"Shining Light","floor":4,"gold_loss":0,"cards_upgraded":["Strike_R","Bash"]},{"damage_healed":0,"gold_gain":0,"player_choice":"1 cards matched","damage_taken":0,"max_hp_gain":0,"max_hp_loss":0,"event_name":"Match and Keep!","floor":11,"gold_loss":0,"cards_obtained":["Feed"]},{"damage_healed":0,"gold_gain":0,"player_choice":"Read","damage_taken":0,"max_hp_gain":0,"max_hp_loss":0,"event_name":"The Library","floor":19,"gold_loss":0,"cards_obtained":["Ghostly Armor"]},{"damage_healed":0,"gold_gain":0,"player_choice":"Fought Bandits","damage_taken":0,"max_hp_gain":0,"max_hp_loss":0,"event_name":"Masked Bandits","floor":21,"gold_loss":0},{"damage_healed":0,"gold_gain":0,"player_choice":"Shed Blood","damage_taken":24,"max_hp_gain":5,"max_hp_loss":0,"event_name":"Forgotten Altar","floor":22,"gold_loss":0}],"is_beta":false,"boss_relics":[{"not_picked":["Runic Dome","Pandora\u0027s Box"],"picked":"Coffee Dripper"}],"items_purged_floors":[20],"is_endless":false,"potions_floor_spawned":[1,6,8,13,16,21],"killed_by":"Shell Parasite","ascension_level":7}