{"path_per_floor":["M","?","?","M","M","R","E","R","T","R","M","R","$","M","R","B",null,"M","M","?","$","M","R","M","T","T","M","M","?","R","M","R"],"character_chosen":"IRONCLAD","items_purchased":["Body Slam","Shrug It Off"],"gold_per_floor":[119,119,69,85,105,105,137,137,137,137,147,147,23,34,34,136,136,152,166,166,13,23,23,34,34,34,46,61,61,61,71,71],"floor_reached":33,"campfire_rested":1,"playtime":2246,"current_hp_per_floor":[80,80,80,80,80,80,65,65,65,65,69,69,69,75,75,39,80,80,31,31,31,17,17,9,9,9,7,13,13,52,48,48],"items_purged":["Strike_R","Strike_R"],"gold":71,"score":249,"play_id":"5cd7d09a-105a-449e-a390-3824065d9130","is_prod":false,"is_daily":false,"is_ascension_mode":false,"campfire_upgraded":7,"path_taken":["M","?","?","?","M","R","E","R","T","R","M","R","$","M","R","BOSS","M","M","?","$","M","R","?","?","T","M","M","?","R","M","R","BOSS"],"build_version":"2018-02-08-PROD1","purchased_purges":2,"victory":false,"master_deck":["Defend_R","Defend_R","Defend_R","Defend_R","Bash","Headbutt+1","Iron Wave+1","True Grit+1","Corruption+1","Body Slam+1","Barricade+1","Spot Weakness","True Grit","Shrug It Off","Shockwave+1","Fiend Fire","Sword Boomerang+1","Clash+1"],"max_hp_per_floor":[80,80,80,80,80,80,80,80,80,80,80,80,80,80,80,80,80,80,80,80,80,80,80,80,80,80,80,80,80,80,80,80],"relics":["Burning Blood","Regal Pillow","Pantograph","Sozu","Molten Egg 2","Dodecahedron"],"card_choices":[{"not_picked":["Heavy Blade","Sword Boomerang"],"picked":"Headbutt"},{"not_picked":["Dual Wield","Perfected Strike"],"picked":"Iron Wave"},{"not_picked":["Iron Wave","Headbutt"],"picked":"True Grit"},{"not_picked":["Hemokinesis","Anger"],"picked":"Corruption"},{"not_picked":["Juggernaut","Limit Break"],"picked":"Barricade"},{"not_picked":["Thunderclap","Heavy Blade"],"picked":"Spot Weakness"},{"not_picked":["Anger","Pommel Strike"],"picked":"True Grit"},{"not_picked":["Metallicize","Warcry"],"picked":"Shockwave"},{"not_picked":["Pommel Strike","Sever Soul"],"picked":"Fiend Fire"},{"not_picked":["Perfected Strike","Infernal Blade"],"picked":"Sword Boomerang"}],"player_experience":83013,"potions_floor_usage":[16],"damage_taken":[{"damage":0,"enemies":"Small Slimes","floor":1,"turns":3},{"damage":6,"enemies":"Jaw Worm","floor":4,"turns":6},{"damage":4,"enemies":"Blue Slaver","floor":5,"turns":6},{"damage":21,"enemies":"Gremlin Nob","floor":7,"turns":5},{"damage":2,"enemies":"Lots of Slimes","floor":11,"turns":5},{"damage":0,"enemies":"Large Slime","floor":14,"turns":5},{"damage":47,"enemies":"Hexaghost","floor":16,"turns":9},{"damage":6,"enemies":"3 Byrds","floor":18,"turns":7},{"damage":55,"enemies":"Chosen","floor":19,"turns":8},{"damage":20,"enemies":"Sentry and Sphere","floor":22,"turns":6},{"damage":14,"enemies":"Centurion and Healer","floor":24,"turns":7},{"damage":8,"enemies":"Cultist and Chosen","floor":27,"turns":6},{"damage":0,"enemies":"Snake Plant","floor":28,"turns":4},{"damage":10,"enemies":"Slaver and Parasite","floor":31,"turns":5},{"damage":81,"enemies":"Champ","floor":33,"turns":12}],"event_choices":[{"event_name":"Liars Game","player_choice":"disagreed","floor":2,"damage_taken":0},{"event_name":"The Cleric","player_choice":"Card Removal","floor":3,"damage_taken":0},{"event_name":"The Woman in Blue","player_choice":"Bought 0 Potions","floor":20,"damage_taken":0},{"event_name":"Transmorgrifier","player_choice":"Transform","floor":29,"damage_taken":0}],"boss_relics":[{"not_picked":["Question Card","Runic Dome"],"picked":"Sozu"}],"potions_floor_spawned":[7,11,14,27,28,31],"seed_played":"4716660894055312701","killed_by":"Champ","ascension_level":0,"is_trial":false}