{"gold_per_floor":[215,234,244,258,39,69,69,99,99,134,134,152,168,194,194,296,296,310,310,235,246,4,39,39,68,68,68,82,82,112,112,112,217,217,233,7,22,38,48,77,77,110,110,140,0,0,19,32,32,32],"floor_reached":51,"playtime":5030,"items_purged":["Strike_G","Defend_G","Writhe"],"score":1313,"play_id":"3330ae83-bbac-43ac-8a5f-332269d5863c","local_time":"20180730065544","is_ascension_mode":true,"campfire_choices":[{"data":"Glass Knife","floor":7,"key":"SMITH"},{"data":"Malaise","floor":15,"key":"SMITH"},{"data":"Wraith Form v2","floor":24,"key":"SMITH"},{"data":"Noxious Fumes","floor":27,"key":"SMITH"},{"data":"Cloak And Dagger","floor":32,"key":"SMITH"},{"data":"After Image","floor":46,"key":"SMITH"},{"data":"Blade Dance","floor":49,"key":"SMITH"}],"neow_cost":"NONE","seed_source_timestamp":474911064045938,"circlet_count":0,"master_deck":["Defend_G+1","Defend_G","Defend_G+1","Strike_G","Strike_G","Strike_G","Survivor","Neutralize","AscendersBane","Dagger Spray","Cloak And Dagger+1","Endless Agony","Noxious Fumes+1","Glass Knife+1","All Out Attack","Malaise+1","After Image+1","Bandage Up","Wraith Form v2+1","Sucker Punch+1","Dagger Spray+1","Dash","Adrenaline","Accuracy+1","Blur+1","Blade Dance+1","Dagger Spray+1","Malaise","Doubt","Prepared+1","Escape Plan","Infinite Blades+1"],"relics":["Ring of the Serpent","War Paint","Snake Skull","Lantern","Pantograph","Matryoshka","Cursed Key","Oddly Smooth Stone","Bottled Flame","Bag of Preparation","Kunai","Ninja Scroll","Sundial","Strawberry","Vajra","Mercury Hourglass","Ancient Tea Set","Red Mask"],"potions_floor_usage":[6,6,10,14,23,23,23,33,50,50,50],"damage_taken":[{"damage":2,"enemies":"2 Louse","floor":1,"turns":3},{"damage":2,"enemies":"Jaw Worm","floor":2,"turns":4},{"damage":1,"enemies":"Cultist","floor":3,"turns":5},{"damage":2,"enemies":"Lots of Slimes","floor":4,"turns":2},{"damage":13,"enemies":"Lagavulin","floor":6,"turns":8},{"damage":29,"enemies":"Gremlin Nob","floor":8,"turns":5},{"damage":1,"enemies":"Lagavulin","floor":10,"turns":5},{"damage":0,"enemies":"Exordium Wildlife","floor":12,"turns":3},{"damage":0,"enemies":"3 Louse","floor":13,"turns":2},{"damage":4,"enemies":"Gremlin Nob","floor":14,"turns":3},{"damage":0,"enemies":"Hexaghost","floor":16,"turns":12},{"damage":14,"enemies":"Spheric Guardian","floor":18,"turns":6},{"damage":0,"enemies":"Shell Parasite","floor":21,"turns":7},{"damage":13,"enemies":"Slavers","floor":23,"turns":5},{"damage":7,"enemies":"Book of Stabbing","floor":25,"turns":7},{"damage":24,"enemies":"Snecko","floor":28,"turns":7},{"damage":1,"enemies":"Gremlin Leader","floor":30,"turns":8},{"damage":6,"enemies":"Champ","floor":33,"turns":18},{"damage":1,"enemies":"Orb Walker","floor":35,"turns":3},{"damage":0,"enemies":"3 Shapes","floor":37,"turns":2},{"damage":0,"enemies":"Sphere and 2 Shapes","floor":38,"turns":5},{"damage":6,"enemies":"Spire Growth","floor":39,"turns":5},{"damage":0,"enemies":"Giant Head","floor":40,"turns":10},{"damage":1,"enemies":"2 Orb Walkers","floor":42,"turns":6},{"damage":0,"enemies":"Nemesis","floor":44,"turns":5},{"damage":0,"enemies":"Flame Bruiser 2 Orb","floor":47,"turns":4},{"damage":0,"enemies":"4 Shapes","floor":48,"turns":3},{"damage":20,"enemies":"Donu and Deca","floor":50,"turns":9}],"seed_played":"-8644025276749819209","potions_obtained":[{"floor":2,"key":"EssenceOfSteel"},{"floor":3,"key":"Swift Potion"},{"floor":8,"key":"Regen Potion"},{"floor":10,"key":"Ancient Potion"},{"floor":13,"key":"SteroidPotion"},{"floor":14,"key":"Dexterity Potion"},{"floor":16,"key":"GamblersBrew"},{"floor":21,"key":"SteroidPotion"},{"floor":23,"key":"Ancient Potion"},{"floor":28,"key":"SpeedPotion"},{"floor":33,"key":"GamblersBrew"},{"floor":35,"key":"FearPotion"},{"floor":38,"key":"Strength Potion"}],"is_trial":false,"path_per_floor":["M","M","M","M","$","E","R","E","T","E","?","M","M","E","R","B",null,"M","?","?","M","$","E","R","E","T","R","M","?","E","?","R","B",null,"M","$","M","M","M","E","?","E","T","E","?","R","M","M","R","B"],"character_chosen":"THE_SILENT","items_purchased":["Noxious Fumes","Glass Knife","Wraith Form v2","Dexterity Potion","Strength Potion"],"campfire_rested":0,"item_purchase_floors":[5,5,22,36,36],"current_hp_per_floor":[61,59,58,56,56,43,43,14,14,28,33,33,33,29,29,54,70,56,42,42,46,46,37,37,34,34,34,14,14,17,17,17,40,66,69,69,69,73,71,75,75,82,82,82,82,82,82,82,82,66],"gold":32,"neow_bonus":"HUNDRED_GOLD","is_prod":false,"is_daily":false,"chose_seed":false,"campfire_upgraded":7,"win_rate":0,"timestamp":1532897744,"path_taken":["M","M","M","M","$","E","R","E","T","E","?","?","M","E","R","BOSS","M","?","?","M","?","E","R","E","T","R","M","?","E","?","R","BOSS","M","$","M","M","?","E","?","E","T","E","?","R","M","M","R","BOSS"],"build_version":"2018-07-26","purchased_purges":3,"victory":true,"max_hp_per_floor":[70,70,70,70,70,70,70,70,70,70,75,75,75,75,75,75,75,75,75,75,75,75,75,75,75,75,75,75,75,75,75,75,75,75,75,75,75,75,75,75,75,82,82,82,82,82,82,82,82,82],"card_choices":[{"not_picked":["Dodge and Roll","Underhanded Strike"],"picked":"Dagger Spray","floor":1},{"not_picked":["Reflex","Bane"],"picked":"Cloak And Dagger","floor":2},{"not_picked":["Backflip","Slice"],"picked":"Endless Agony","floor":3},{"not_picked":["Outmaneuver","Expertise","Tactician"],"picked":"SKIP","floor":4},{"not_picked":["Outmaneuver","Flechettes","Terror"],"picked":"SKIP","floor":6},{"not_picked":["Riddle With Holes","Burst","Sucker Punch"],"picked":"SKIP","floor":8},{"not_picked":["Caltrops","Slice"],"picked":"All Out Attack","floor":10},{"not_picked":["Bane","Choke","Underhanded Strike"],"picked":"SKIP","floor":12},{"not_picked":["Catalyst","Escape Plan","Heel Hook"],"picked":"SKIP","floor":13},{"not_picked":["Finisher","Eviscerate"],"picked":"Malaise","floor":14},{"not_picked":["Corpse Explosion","Night Terror"],"picked":"After Image","floor":16},{"not_picked":["Dagger Throw","Escape Plan","Slice"],"picked":"SKIP","floor":18},{"not_picked":["Deflect","Terror","Flying Knee"],"picked":"SKIP","floor":21},{"not_picked":["Riddle With Holes","Heel Hook","Calculated Gamble"],"picked":"SKIP","floor":23},{"not_picked":["Bane","Quick Slash","Deadly Poison"],"picked":"SKIP","floor":25},{"not_picked":["Bane","Unload"],"picked":"Sucker Punch+1","floor":28},{"not_picked":["Reflex","Slice"],"picked":"Dagger Spray+1","floor":30},{"not_picked":["Die Die Die","Night Terror"],"picked":"Adrenaline","floor":33},{"not_picked":["Dagger Spray","Distraction"],"picked":"Accuracy+1","floor":35},{"not_picked":["Deadly Poison+1","Slice"],"picked":"Blur+1","floor":37},{"not_picked":["Dagger Throw","Outmaneuver+1"],"picked":"Blade Dance","floor":38},{"not_picked":["Bullet Time","Deflect"],"picked":"Dagger Spray+1","floor":39},{"not_picked":["Dagger Throw+1","Deflect+1","Reflex+1"],"picked":"SKIP","floor":40},{"not_picked":["Finisher","Dagger Throw+1"],"picked":"Malaise","floor":42},{"not_picked":["Dash+1","Outmaneuver+1"],"picked":"Prepared+1","floor":44},{"not_picked":["Sucker Punch","Poisoned Stab+1"],"picked":"Escape Plan","floor":47},{"not_picked":["Flechettes+1","Wraith Form v2"],"picked":"Infinite Blades+1","floor":48}],"player_experience":282647,"relics_obtained":[{"floor":6,"key":"War Paint"},{"floor":8,"key":"Snake Skull"},{"floor":9,"key":"Lantern"},{"floor":10,"key":"Pantograph"},{"floor":14,"key":"Matryoshka"},{"floor":23,"key":"Oddly Smooth Stone"},{"floor":25,"key":"Bottled Flame"},{"floor":26,"key":"Bag of Preparation"},{"floor":26,"key":"Kunai"},{"floor":30,"key":"Ninja Scroll"},{"floor":40,"key":"Sundial"},{"floor":42,"key":"Strawberry"},{"floor":43,"key":"Vajra"},{"floor":43,"key":"Mercury Hourglass"},{"floor":44,"key":"Ancient Tea Set"}],"event_choices":[{"event_name":"Big Fish","player_choice":"Donut","floor":11,"damage_taken":0},{"event_name":"Knowing Skull","player_choice":"CARD ","floor":19,"damage_taken":0},{"event_name":"Beggar","player_choice":"Gave Gold","floor":20,"damage_taken":0},{"event_name":"Back to Basics","player_choice":"Elegance","floor":29,"damage_taken":0},{"event_name":"Match and Keep!","player_choice":"1 cards matched","floor":31,"damage_taken":0},{"event_name":"SecretPortal","player_choice":"Rejected Portal.","floor":41,"damage_taken":0},{"event_name":"Tomb of Lord Red Mask","player_choice":"Paid","floor":45,"damage_taken":0}],"is_beta":false,"boss_relics":[{"not_picked":["WristBlade","Fusion Hammer"],"picked":"Cursed Key"},{"not_picked":["Lizard Tail","Snecko Eye"],"picked":"Ring of the Serpent"}],"items_purged_floors":[5,22,36],"is_endless":false,"potions_floor_spawned":[2,3,8,10,13,14,16,21,23,28,33,35,38,40],"ascension_level":10}