{"gold_per_floor":[116,116,44,64,64,64,83,99,123,153,165,193,193,206,206,303,303,322,302,227,227,245,245,245],"floor_reached":24,"playtime":1321,"items_purged":[],"score":340,"play_id":"8edc96d0-5f85-4d8f-9549-51a2bec23551","local_time":"20190323004302","is_ascension_mode":true,"campfire_choices":[{"data":"Defragment","floor":6,"key":"SMITH"},{"data":"Buffer","floor":13,"key":"SMITH"},{"data":"Glacier","floor":15,"key":"SMITH"},{"data":"Loop","floor":23,"key":"SMITH"}],"neow_cost":"NONE","seed_source_timestamp":267342053599979,"circlet_count":0,"master_deck":["Zap","Dualcast","Loop+1","Genetic Algorithm","Self Repair","Steam","Skim","Beam Cell","Rainbow","Redo","Defragment+1","Cold Snap","Glacier+1","Coolheaded","Buffer+1","Doom and Gloom","Capacitor","Streamline","Buffer","Ball Lightning","Glacier+1"],"relics":["Pandora\u0027s Box","NlothsMask","Happy Flower","Ancient Tea Set","Inserter"],"potions_floor_usage":[12,19],"damage_taken":[{"damage":11,"enemies":"Jaw Worm","floor":1,"turns":4},{"damage":3,"enemies":"Cultist","floor":4,"turns":4},{"damage":9,"enemies":"2 Louse","floor":7,"turns":3},{"damage":6,"enemies":"Exordium Wildlife","floor":8,"turns":4},{"damage":0,"enemies":"Gremlin Nob","floor":10,"turns":5},{"damage":14,"enemies":"Red Slaver","floor":11,"turns":6},{"damage":18,"enemies":"3 Sentries","floor":12,"turns":6},{"damage":0,"enemies":"Blue Slaver","floor":14,"turns":5},{"damage":0,"enemies":"The Guardian","floor":16,"turns":8},{"damage":19,"enemies":"Chosen","floor":18,"turns":9},{"damage":15,"enemies":"2 Thieves","floor":19,"turns":4},{"damage":0,"enemies":"Sentry and Sphere","floor":22,"turns":10},{"damage":82,"enemies":"Gremlin Leader","floor":24,"turns":9}],"seed_played":"4315575725898697314","potions_obtained":[{"floor":1,"key":"FearPotion"},{"floor":7,"key":"Explosive Potion"},{"floor":11,"key":"SkillPotion"},{"floor":16,"key":"PowerPotion"},{"floor":18,"key":"Fire Potion"}],"is_trial":false,"path_per_floor":["M","?","$","M","$","R","M","M","T","E","M","E","R","M","R","B",null,"M","M","?","?","M","R","E"],"character_chosen":"DEFECT","items_purchased":["Defragment"],"campfire_rested":0,"item_purchase_floors":[3],"current_hp_per_floor":[71,71,71,75,75,75,73,74,74,75,68,57,57,64,64,64,75,63,55,55,55,62,62,0],"gold":245,"neow_bonus":"BOSS_RELIC","is_prod":false,"is_daily":false,"chose_seed":false,"campfire_upgraded":4,"win_rate":0,"timestamp":1553319782,"path_taken":["M","?","?","M","$","R","M","M","T","E","M","E","R","?","R","BOSS","M","M","?","?","?","R","E"],"build_version":"2019-01-23","purchased_purges":0,"victory":false,"max_hp_per_floor":[75,75,75,75,75,75,75,75,75,75,75,75,75,75,75,75,75,75,75,75,75,75,75,75],"card_choices":[{"not_picked":["Scrape","Storm"],"picked":"Redo","floor":1},{"not_picked":["Defragment","Coolheaded"],"picked":"Cold Snap","floor":4},{"not_picked":["Skim","Sweeping Beam"],"picked":"Glacier","floor":7},{"not_picked":["Rebound","Self Repair"],"picked":"Coolheaded","floor":8},{"not_picked":["Sweeping Beam","Barrage"],"picked":"Buffer","floor":10},{"not_picked":["Reprogram","Chill"],"picked":"Doom and Gloom","floor":11},{"not_picked":["Sunder","Glacier"],"picked":"Capacitor","floor":12},{"not_picked":["Compile Driver","Leap"],"picked":"Streamline","floor":14},{"not_picked":["Rainbow","Meteor Strike"],"picked":"Buffer","floor":16},{"not_picked":["Streamline","Stack","Sweeping Beam"],"picked":"SKIP","floor":18},{"not_picked":["Barrage","Sweeping Beam"],"picked":"Ball Lightning","floor":19},{"not_picked":["Genetic Algorithm","Chaos","Rebound+1"],"picked":"SKIP","floor":22}],"player_experience":114035,"relics_obtained":[{"floor":10,"key":"Happy Flower"},{"floor":12,"key":"Ancient Tea Set"}],"event_choices":[{"damage_healed":0,"gold_gain":0,"player_choice":"Trade","damage_taken":0,"relics_obtained":["NlothsMask"],"max_hp_gain":0,"max_hp_loss":0,"event_name":"FaceTrader","floor":2,"gold_loss":0},{"cards_removed":["Hello World"],"damage_healed":0,"gold_gain":0,"player_choice":"Gave Gold","damage_taken":0,"max_hp_gain":0,"max_hp_loss":0,"event_name":"Beggar","floor":20,"gold_loss":75},{"damage_healed":0,"gold_gain":0,"player_choice":"Copied","damage_taken":0,"max_hp_gain":0,"max_hp_loss":0,"event_name":"Duplicator","floor":21,"gold_loss":0,"cards_obtained":["Glacier"]}],"is_beta":false,"boss_relics":[{"not_picked":["Eternal Feather","Cursed Key"],"picked":"Inserter"}],"items_purged_floors":[],"is_endless":false,"potions_floor_spawned":[1,7,11,16,18],"killed_by":"Gremlin Leader","ascension_level":4}