{"path_per_floor":["M","M","?","?","M","R","E","$","T","R","M","R","$","M","R","B",null,"M","$","M","M","$","R","?","M","T","?","M","M","R","M","R"],"character_chosen":"IRONCLAD","items_purchased":["Inflame"],"gold_per_floor":[110,122,122,222,236,236,263,119,195,195,206,206,106,124,124,226,226,245,120,136,151,1,1,1,19,19,19,30,46,46,57,57],"floor_reached":33,"campfire_rested":1,"playtime":1198,"current_hp_per_floor":[80,80,73,73,75,75,54,54,54,54,60,60,60,66,66,61,80,65,65,49,41,41,41,41,33,40,40,43,49,49,48,74],"items_purged":["Strike_R","Strike_R","Strike_R","Strike_R"],"gold":57,"score":249,"play_id":"364270c6-3f8a-469b-aa61-1c1d37f81bff","is_prod":false,"is_daily":false,"is_ascension_mode":false,"campfire_upgraded":6,"path_taken":["M","M","?","?","?","R","E","$","T","R","?","R","$","M","R","BOSS","M","$","M","M","$","R","?","M","T","?","M","M","R","?","R","BOSS"],"build_version":"2018-02-12-PROD1","purchased_purges":4,"victory":false,"master_deck":["Defend_R+1","Defend_R+1","Defend_R+1","Defend_R+1","Bash","Cleave+1","Cleave+1","True Grit+1","Inflame+1","Disarm+1","Body Slam+1"],"max_hp_per_floor":[80,80,80,80,80,80,80,80,80,80,80,80,80,80,80,80,80,80,80,80,80,80,80,80,80,87,87,87,87,87,87,87],"relics":["Burning Blood","Bag of Marbles","Orichalcum","Matryoshka","Runic Dome","Strawberry","Champion Belt"],"card_choices":[{"not_picked":["Seeing Red","Exhume"],"picked":"Cleave"},{"not_picked":["Metallicize","Twin Strike"],"picked":"Cleave"},{"not_picked":["Searing Blow","Feel No Pain"],"picked":"True Grit"},{"not_picked":["Havoc","Second Wind"],"picked":"Disarm"},{"not_picked":["Anger","Twin Strike"],"picked":"Body Slam"}],"player_experience":105610,"potions_floor_usage":[16,16,25,28,29,33],"damage_taken":[{"damage":2,"enemies":"Small Slimes","floor":1,"turns":3},{"damage":0,"enemies":"2 Louse","floor":2,"turns":2},{"damage":4,"enemies":"Blue Slaver","floor":5,"turns":6},{"damage":27,"enemies":"3 Sentries","floor":7,"turns":7},{"damage":0,"enemies":"Lots of Slimes","floor":11,"turns":1},{"damage":0,"enemies":"Large Slime","floor":14,"turns":3},{"damage":11,"enemies":"The Guardian","floor":16,"turns":12},{"damage":21,"enemies":"Shell Parasite","floor":18,"turns":5},{"damage":22,"enemies":"Spheric Guardian","floor":20,"turns":5},{"damage":14,"enemies":"Chosen and Byrds","floor":21,"turns":6},{"damage":14,"enemies":"Cultist and Chosen","floor":25,"turns":6},{"damage":3,"enemies":"Centurion and Healer","floor":28,"turns":6},{"damage":0,"enemies":"Slaver and Parasite","floor":29,"turns":8},{"damage":7,"enemies":"Cultist and Chosen","floor":31,"turns":5},{"damage":78,"enemies":"Automaton","floor":33,"turns":10}],"event_choices":[{"event_name":"Golden Wing","player_choice":"Card Removal","floor":3,"damage_taken":0},{"event_name":"Golden Shrine","player_choice":"Pray","floor":4,"damage_taken":0},{"event_name":"Beggar","player_choice":"Ignored","floor":24,"damage_taken":0},{"event_name":"Back to Basics","player_choice":"Simplicity","floor":27,"damage_taken":0}],"boss_relics":[{"not_picked":["Lizard Tail","Philosopher\u0027s Stone"],"picked":"Runic Dome"}],"potions_floor_spawned":[2,7,14,18,20,25],"seed_played":"5831156639218932332","killed_by":"Automaton","ascension_level":0,"is_trial":false}