{"path_per_floor":["M","?","M","M","M","R","?","R","T","R","T","M","$","M","R","B",null,"M","M","$","M","$","R","?","R","T","M","R","M","R","?","R","B",null,"M","?","?","?","M","R","M","M","T","R","?","E","$","?","R","B"],"character_chosen":"IRONCLAD","items_purchased":["Omamori","Evolve","Shrug It Off","Feel No Pain"],"gold_per_floor":[117,117,127,138,158,158,214,214,214,214,268,281,56,73,73,170,170,189,201,4,17,17,17,17,17,44,60,60,73,73,73,73,178,178,192,0,0,0,15,15,28,46,73,73,73,101,29,129,129,129],"floor_reached":51,"campfire_rested":2,"playtime":2488,"current_hp_per_floor":[78,83,85,85,77,77,43,43,43,43,43,32,32,47,47,32,72,78,79,79,81,81,81,81,81,81,83,83,85,85,85,85,64,80,49,49,49,38,35,35,35,26,26,66,66,44,44,44,84,52],"items_purged":["Strike_R","Strike_R"],"gold":129,"score":687,"play_id":"d3460d85-b824-40cc-a979-d8c5cc884cba","is_prod":false,"is_daily":false,"is_ascension_mode":true,"campfire_upgraded":10,"path_taken":["M","?","M","M","M","R","?","R","T","R","?","M","$","M","R","BOSS","M","M","$","M","$","R","?","R","T","M","R","M","R","?","R","BOSS","M","?","?","?","M","R","M","M","T","R","?","E","$","?","R","BOSS"],"build_version":"2018-02-15-PROD1","purchased_purges":2,"victory":true,"master_deck":["Strike_R+1","Strike_R+1","Defend_R+1","Defend_R+1","Defend_R+1","Defend_R+1","Bash","Twin Strike+1","Body Slam+1","Shrug It Off+1","Pommel Strike+1","Offering+1","Clash","Barricade+1","Evolve+1","Shrug It Off+1","Shockwave+1","Battle Trance+1","Double Tap+1","Decay","Regret","Entrench+1","Madness+1","Madness","Ghostly Armor","Feel No Pain"],"max_hp_per_floor":[80,85,85,85,85,85,85,85,85,85,85,85,85,85,85,85,85,85,85,85,85,85,85,85,85,85,85,85,85,85,85,85,85,85,85,85,85,85,85,85,85,85,85,85,85,85,85,85,85,85],"relics":["Burning Blood","NeowsBlessing","Orichalcum","Dead Branch","Anchor","Omamori","Velvet Choker","Bag of Preparation","Oddly Smooth Stone","Calling Bell","Juzu Bracelet","Blood Vial","War Paint","Red Mask","Regal Pillow","Mercury Hourglass"],"card_choices":[{"not_picked":["Dropkick","Double Tap"],"picked":"Twin Strike"},{"not_picked":["Spot Weakness","Anger"],"picked":"Body Slam"},{"not_picked":["Fire Breathing","Rampage"],"picked":"Shrug It Off"},{"not_picked":["Twin Strike","Flex"],"picked":"Pommel Strike"},{"not_picked":["Iron Wave","Rampage"],"picked":"Offering"},{"not_picked":["Evolve","Iron Wave"],"picked":"Clash"},{"not_picked":["Exhume","Berserk"],"picked":"Barricade"},{"not_picked":["Clash","Wild Strike"],"picked":"Shockwave"},{"not_picked":["Second Wind","Headbutt"],"picked":"Battle Trance"},{"not_picked":["Bludgeon","Demon Form"],"picked":"Double Tap"},{"not_picked":["Rampage","Headbutt"],"picked":"Entrench"},{"not_picked":["Headbutt","Pommel Strike"],"picked":"Ghostly Armor"}],"player_experience":134792,"potions_floor_usage":[7,14,16,16,33,46,50,50,50],"damage_taken":[{"damage":0,"enemies":"Cultist","floor":1,"turns":1},{"damage":0,"enemies":"Small Slimes","floor":3,"turns":1},{"damage":0,"enemies":"Jaw Worm","floor":4,"turns":1},{"damage":14,"enemies":"Looter","floor":5,"turns":3},{"damage":40,"enemies":"Lagavulin Event","floor":7,"turns":6},{"damage":17,"enemies":"Exordium Thugs","floor":12,"turns":4},{"damage":6,"enemies":"Blue Slaver","floor":14,"turns":6},{"damage":21,"enemies":"The Guardian","floor":16,"turns":8},{"damage":0,"enemies":"Shell Parasite","floor":18,"turns":4},{"damage":5,"enemies":"2 Thieves","floor":19,"turns":3},{"damage":4,"enemies":"Snecko","floor":21,"turns":7},{"damage":4,"enemies":"Cultist and Chosen","floor":27,"turns":4},{"damage":0,"enemies":"3 Cultists","floor":29,"turns":5},{"damage":27,"enemies":"Automaton","floor":33,"turns":12},{"damage":39,"enemies":"3 Darklings","floor":35,"turns":11},{"damage":11,"enemies":"3 Shapes","floor":39,"turns":7},{"damage":12,"enemies":"Maw","floor":41,"turns":7},{"damage":17,"enemies":"3 Darklings","floor":42,"turns":7},{"damage":30,"enemies":"Nemesis","floor":46,"turns":9},{"damage":39,"enemies":"Time Eater","floor":50,"turns":9}],"event_choices":[{"event_name":"Big Fish","player_choice":"Donut","floor":2,"damage_taken":0},{"event_name":"Dead Adventurer","player_choice":"Searched \u00272\u0027 times","floor":7,"damage_taken":0},{"event_name":"Back to Basics","player_choice":"Simplicity","floor":24,"damage_taken":0},{"event_name":"The Mausoleum","player_choice":"Yes","floor":31,"damage_taken":0},{"event_name":"Tomb of Lord Red Mask","player_choice":"Paid","floor":36,"damage_taken":0},{"event_name":"Winding Halls","player_choice":"Embrace Madness","floor":38,"damage_taken":0},{"event_name":"Mysterious Sphere","player_choice":"Ignore","floor":45,"damage_taken":0},{"event_name":"Golden Shrine","player_choice":"Pray","floor":48,"damage_taken":0}],"boss_relics":[{"not_picked":["Black Blood","Snecko Eye"],"picked":"Velvet Choker"},{"not_picked":["Sozu","Astrolabe"],"picked":"Calling Bell"}],"potions_floor_spawned":[1,4,7,7,14,18,29,39,46],"seed_played":"155191302786518415","ascension_level":6,"is_trial":false}