{"gold_per_floor":[115,115,115,132,151,151,180,180,180,180,192,211,211,239,239,342,342,324,249,276,186,203,203,233,233,284,312,312,312,363,363],"floor_reached":31,"playtime":1668,"items_purged":[],"score":332,"play_id":"a4c57e6c-e500-4d28-926a-e837e6a13855","local_time":"20190320001144","is_ascension_mode":true,"campfire_choices":[{"data":"Deadly Poison","floor":6,"key":"SMITH"},{"data":"Blur","floor":8,"key":"SMITH"},{"data":"Dodge and Roll","floor":10,"key":"SMITH"},{"data":"Skewer","floor":13,"key":"SMITH"},{"data":"Dodge and Roll","floor":15,"key":"SMITH"},{"floor":23,"key":"REST"},{"data":"Well Laid Plans","floor":25,"key":"SMITH"},{"floor":28,"key":"REST"}],"neow_cost":"NONE","seed_source_timestamp":5914852663180,"circlet_count":0,"master_deck":["Defend_G","Defend_G","Defend_G","Defend_G","Defend_G","Strike_G","Strike_G","Strike_G","Strike_G+1","Survivor","Neutralize+1","Deadly Poison+1","Blur+1","Dodge and Roll+1","Acrobatics","Backflip","Skewer+1","Dodge and Roll+1","Wraith Form v2","Catalyst","Bane","Cloak And Dagger","Well Laid Plans+1"],"relics":["Ring of the Snake","Sundial","Bronze Scales","The Courier","Omamori","Black Star","Red Mask","Pear","Dodecahedron","Smiling Mask","Juzu Bracelet","Pantograph","Art of War"],"potions_floor_usage":[16,18,20,24,31],"damage_taken":[{"damage":0,"enemies":"Jaw Worm","floor":1,"turns":6},{"damage":2,"enemies":"2 Louse","floor":4,"turns":4},{"damage":0,"enemies":"Cultist","floor":5,"turns":4},{"damage":20,"enemies":"Lagavulin","floor":7,"turns":9},{"damage":3,"enemies":"Exordium Wildlife","floor":11,"turns":4},{"damage":6,"enemies":"Blue Slaver","floor":12,"turns":3},{"damage":8,"enemies":"Gremlin Nob","floor":14,"turns":4},{"damage":6,"enemies":"Hexaghost","floor":16,"turns":9},{"damage":13,"enemies":"2 Thieves","floor":18,"turns":4},{"damage":37,"enemies":"Masked Bandits","floor":20,"turns":6},{"damage":13,"enemies":"3 Byrds","floor":22,"turns":3},{"damage":22,"enemies":"Slavers","floor":24,"turns":8},{"damage":11,"enemies":"Book of Stabbing","floor":27,"turns":8},{"damage":41,"enemies":"Slavers","floor":31,"turns":6}],"seed_played":"-8251124635025166363","potions_obtained":[{"floor":5,"key":"GhostInAJar"},{"floor":7,"key":"Swift Potion"},{"floor":11,"key":"LiquidBronze"},{"floor":12,"key":"Explosive Potion"},{"floor":20,"key":"SpeedPotion"},{"floor":22,"key":"Dexterity Potion"}],"is_trial":false,"path_per_floor":["M","?","?","M","M","R","E","R","T","R","M","M","R","E","R","B",null,"M","?","?","?","M","R","E","R","T","E","R","?","T","E"],"character_chosen":"THE_SILENT","items_purchased":[],"campfire_rested":2,"item_purchase_floors":[],"current_hp_per_floor":[77,77,77,75,75,75,55,55,55,55,52,46,46,38,38,32,77,64,64,27,27,14,37,25,25,25,14,40,40,40,0],"gold":363,"neow_bonus":"TEN_PERCENT_HP_BONUS","is_prod":false,"is_daily":false,"chose_seed":false,"campfire_upgraded":6,"win_rate":0,"timestamp":1553058704,"path_taken":["M","?","?","M","M","R","E","R","T","R","M","M","R","E","R","BOSS","M","?","?","?","M","R","E","R","T","E","R","?","?","E"],"build_version":"2019-01-23","purchased_purges":0,"victory":false,"max_hp_per_floor":[77,77,77,77,77,77,77,77,77,77,77,77,77,77,77,77,77,77,77,77,77,77,77,87,87,87,87,87,87,87,87],"card_choices":[{"not_picked":["Flying Knee","Quick Slash"],"picked":"Deadly Poison","floor":1},{"not_picked":["Flying Knee","Concentrate"],"picked":"Blur","floor":4},{"not_picked":["Deadly Poison","Grand Finale"],"picked":"Dodge and Roll","floor":5},{"not_picked":["Setup","Distraction"],"picked":"Acrobatics","floor":7},{"not_picked":["Deadly Poison","Flying Knee"],"picked":"Backflip","floor":11},{"not_picked":["Prepared","Outmaneuver"],"picked":"Skewer","floor":12},{"not_picked":["Dagger Throw","Acrobatics"],"picked":"Dodge and Roll","floor":14},{"not_picked":["Doppelganger","Burst"],"picked":"Wraith Form v2","floor":16},{"not_picked":["Quick Slash","Terror"],"picked":"Catalyst","floor":18},{"not_picked":["Sucker Punch","Endless Agony"],"picked":"Bane","floor":20},{"not_picked":["Outmaneuver+1","Underhanded Strike"],"picked":"Cloak And Dagger","floor":22},{"not_picked":["Heel Hook","Deadly Poison"],"picked":"Well Laid Plans","floor":24},{"not_picked":["Riddle With Holes","Underhanded Strike","Wraith Form v2"],"picked":"SKIP","floor":27}],"player_experience":82008,"relics_obtained":[{"floor":7,"key":"Bronze Scales"},{"floor":9,"key":"The Courier"},{"floor":14,"key":"Omamori"},{"floor":20,"key":"Red Mask"},{"floor":24,"key":"Pear"},{"floor":24,"key":"Dodecahedron"},{"floor":27,"key":"Smiling Mask"},{"floor":27,"key":"Juzu Bracelet"},{"floor":30,"key":"Art of War"}],"event_choices":[{"damage_healed":0,"gold_gain":0,"player_choice":"Grow","damage_taken":0,"max_hp_gain":0,"max_hp_loss":0,"event_name":"Living Wall","floor":2,"gold_loss":0,"cards_upgraded":["Neutralize"]},{"damage_healed":0,"gold_gain":0,"player_choice":"Box","damage_taken":0,"relics_obtained":["Sundial"],"max_hp_gain":0,"max_hp_loss":0,"event_name":"Big Fish","floor":3,"gold_loss":0,"cards_obtained":["Regret"]},{"cards_removed":["Regret"],"damage_healed":0,"gold_gain":0,"player_choice":"Gave Gold","damage_taken":0,"max_hp_gain":0,"max_hp_loss":0,"event_name":"Beggar","floor":19,"gold_loss":75},{"damage_healed":0,"gold_gain":0,"player_choice":"Fought Bandits","damage_taken":0,"max_hp_gain":0,"max_hp_loss":0,"event_name":"Masked Bandits","floor":20,"gold_loss":0},{"cards_removed":["Strike_G"],"damage_healed":0,"gold_gain":0,"player_choice":"Upgrade and Remove","damage_taken":0,"max_hp_gain":0,"max_hp_loss":0,"event_name":"Designer","floor":21,"gold_loss":90,"cards_upgraded":["Strike_G"]},{"damage_healed":0,"gold_gain":0,"player_choice":"Opened","damage_taken":0,"relics_obtained":["Pantograph"],"max_hp_gain":0,"max_hp_loss":0,"event_name":"The Mausoleum","floor":29,"gold_loss":0}],"is_beta":false,"boss_relics":[{"not_picked":["Sozu","Empty Cage"],"picked":"Black Star"}],"items_purged_floors":[],"is_endless":false,"potions_floor_spawned":[5,7,11,12,14,20,22],"killed_by":"Slavers","ascension_level":2}