{"gold_per_floor":[369,369,382,0,15,41,41,75,102,102,117,117,117,117,117,191,191,162,112,112,33,33,33,33,33,33,33,33,48,48,48,48,48],"floor_reached":33,"playtime":1251,"items_purged":["Strike_B","Writhe"],"score":494,"play_id":"08ef3e14-098d-4ddf-aa85-c39ea24eaf29","local_time":"20190118201528","is_ascension_mode":true,"campfire_choices":[{"floor":7.0,"key":"REST"},{"data":"Defragment","floor":10.0,"key":"SMITH"},{"data":"Defragment","floor":13.0,"key":"SMITH"},{"floor":15.0,"key":"REST"},{"data":"Redo","floor":23.0,"key":"SMITH"},{"data":"Biased Cognition","floor":25.0,"key":"SMITH"},{"data":"Coolheaded","floor":27.0,"key":"SMITH"},{"floor":32.0,"key":"REST"}],"neow_cost":"TEN_PERCENT_HP_LOSS","seed_source_timestamp":718047293952853,"circlet_count":0,"master_deck":["AscendersBane","Defend_B","Defend_B","Defend_B","Defend_B","Zap","Dualcast","Defragment+1","Cold Snap","Defragment+1","Biased Cognition+1","Coolheaded+1","Redo+1","Leap","Shame","Decay","Amplify"],"special_seed":0,"relics":["Cracked Core","Symbiotic Virus","Centennial Puzzle","Smiling Mask","Juzu Bracelet","Inserter","Ornamental Fan","Frozen Egg 2","Matryoshka","Meat on the Bone","Shuriken"],"potions_floor_usage":[],"damage_taken":[{"damage":4.0,"enemies":"Jaw Worm","floor":1.0,"turns":4.0},{"damage":6.0,"enemies":"2 Louse","floor":3.0,"turns":3.0},{"damage":1.0,"enemies":"Small Slimes","floor":5.0,"turns":3.0},{"damage":35.0,"enemies":"Gremlin Nob","floor":6.0,"turns":4.0},{"damage":11.0,"enemies":"Lagavulin","floor":8.0,"turns":5.0},{"damage":5.0,"enemies":"Blue Slaver","floor":11.0,"turns":3.0},{"damage":13.0,"enemies":"Slime Boss","floor":16.0,"turns":6.0},{"damage":14.0,"enemies":"2 Thieves","floor":18.0,"turns":4.0},{"damage":2.0,"enemies":"Chosen","floor":29.0,"turns":4.0},{"damage":70,"enemies":"Collector","floor":33,"turns":5}],"seed_played":"2459879861890529533","potions_obtained":[{"floor":3.0,"key":"Dexterity Potion"},{"floor":5.0,"key":"Fire Potion"},{"floor":6.0,"key":"GamblersBrew"},{"floor":29.0,"key":"Explosive Potion"}],"is_trial":false,"path_per_floor":["M","?","M","$","M","E","R","E","T","R","M","?","R","?","R","B",null,"M","$","?","$","?","R","?","R","T","R","?","M","$","?","R","B"],"character_chosen":"DEFECT","items_purchased":["Defragment","Symbiotic Virus","PowerPotion","Leap"],"campfire_rested":3,"item_purchase_floors":[4,4,4,21],"current_hp_per_floor":[60,60,54,54,53,18,37,26,26,26,21,14,14,14,33,20,53,39,39,39,39,39,39,39,39,39,39,39,37,37,37,56,0],"gold":48,"neow_bonus":"TWO_FIFTY_GOLD","is_prod":false,"is_daily":false,"chose_seed":false,"campfire_upgraded":5,"win_rate":0,"timestamp":1547838928,"path_taken":["M","?","M","$","M","E","R","E","T","R","M","?","R","?","R","BOSS","M","$","?","$","?","R","?","R","T","R","?","M","$","?","R","BOSS"],"build_version":"2019-01-16","purchased_purges":2,"victory":false,"max_hp_per_floor":[64,64,64,64,64,64,64,64,64,64,64,64,64,64,64,64,64,64,64,64,64,64,64,64,64,64,64,64,64,64,64,64,64],"card_choices":[{"not_picked":["Gash","Redo"],"picked":"Defragment","floor":1.0},{"not_picked":["Steam","Hologram"],"picked":"Cold Snap","floor":3.0},{"not_picked":["Barrage","Chaos","Scrape"],"picked":"SKIP","floor":5.0},{"not_picked":["Scrape","Turbo","Beam Cell"],"picked":"SKIP","floor":6.0},{"not_picked":["Go for the Eyes","Gash"],"picked":"Biased Cognition","floor":8.0},{"not_picked":["Stack","Hologram"],"picked":"Coolheaded","floor":11.0},{"not_picked":["Stack","Steam"],"picked":"Redo","floor":18.0},{"not_picked":["Leap","Chaos","Streamline"],"picked":"SKIP","floor":29.0}],"player_experience":512021,"relics_obtained":[{"floor":6.0,"key":"Centennial Puzzle"},{"floor":8.0,"key":"Smiling Mask"},{"floor":9.0,"key":"Juzu Bracelet"},{"floor":26.0,"key":"Meat on the Bone"},{"floor":26.0,"key":"Shuriken"}],"event_choices":[{"damage_healed":0.0,"max_hp_gain":0.0,"max_hp_loss":0.0,"gold_gain":0.0,"event_name":"Shining Light","player_choice":"Ignored","floor":2.0,"gold_loss":0.0,"damage_taken":0.0},{"cards_removed":["Strike_B"],"damage_healed":0.0,"max_hp_gain":0.0,"max_hp_loss":0.0,"gold_gain":0.0,"event_name":"Golden Wing","player_choice":"Card Removal","floor":12.0,"gold_loss":0.0,"damage_taken":7.0},{"cards_removed":["Strike_B"],"damage_healed":0.0,"max_hp_gain":0.0,"max_hp_loss":0.0,"gold_gain":0.0,"event_name":"Living Wall","player_choice":"Forget","floor":14.0,"gold_loss":0.0,"damage_taken":0.0},{"damage_healed":0.0,"max_hp_gain":0.0,"max_hp_loss":0.0,"gold_gain":0.0,"event_name":"The Mausoleum","player_choice":"Opened","floor":20.0,"gold_loss":0.0,"damage_taken":0.0,"relics_obtained":["Ornamental Fan"],"cards_obtained":["Writhe"]},{"damage_healed":0.0,"max_hp_gain":0.0,"max_hp_loss":0.0,"gold_gain":0.0,"event_name":"Addict","player_choice":"Stole Relic","floor":22.0,"gold_loss":0.0,"damage_taken":0.0,"relics_obtained":["Frozen Egg 2"],"cards_obtained":["Shame"]},{"damage_healed":0.0,"max_hp_gain":0.0,"max_hp_loss":0.0,"gold_gain":0.0,"event_name":"WeMeetAgain","player_choice":"Gave Potion","floor":24.0,"gold_loss":0.0,"damage_taken":0.0,"relics_obtained":["Matryoshka"]},{"damage_healed":0.0,"max_hp_gain":0.0,"max_hp_loss":0.0,"gold_gain":0.0,"event_name":"Forgotten Altar","player_choice":"Smashed Altar","floor":28.0,"gold_loss":0.0,"damage_taken":0.0,"cards_obtained":["Decay"]},{"damage_healed":0.0,"max_hp_gain":0.0,"max_hp_loss":0.0,"gold_gain":0.0,"cards_transformed":["Strike_B"],"event_name":"Transmorgrifier","player_choice":"Transformed","floor":31.0,"gold_loss":0.0,"damage_taken":0.0,"cards_obtained":["Amplify"]}],"is_beta":true,"boss_relics":[{"not_picked":["Runic Pyramid","Coffee Dripper"],"picked":"Inserter"}],"items_purged_floors":[19,21],"is_endless":false,"potions_floor_spawned":[3,5,6,11,29],"killed_by":"Collector","ascension_level":20}