{"gold_per_floor":[110,13,31,106,71,71,106,123,123,148,179,191,223,255,267,378,390,417,446,19,19,36,36,65,84,84,96,96,113,113,133,133,237,237,249,268,21,34,47,47,47,58,105,115,115,43,43,60,60,60],"floor_reached":50,"playtime":2649,"items_purged":[],"score":529,"play_id":"1f81e95c-3708-4f3f-af63-0ee1037ddac0","local_time":"20190410012027","is_ascension_mode":true,"campfire_choices":[{"data":"Zap","floor":6,"key":"SMITH"},{"floor":15,"key":"REST"},{"floor":23,"key":"REST"},{"data":"Defragment","floor":28,"key":"SMITH"},{"floor":32,"key":"REST"},{"floor":40,"key":"REST"},{"floor":49,"key":"RECALL"}],"neow_cost":"NONE","seed_source_timestamp":67262930867129,"circlet_count":0,"master_deck":["Strike_B","Strike_B","Strike_B","Strike_B","Defend_B","Defend_B","Defend_B","Defend_B","Zap+1","Dualcast","FTL","Sunder","Coolheaded","Beam Cell","Defragment+1","Coolheaded","Scrape","Skim","Cold Snap","Scrape","Core Surge","Capacitor+1","FTL","Glacier","Beam Cell","Ball Lightning","Beam Cell+1","Steam","Go for the Eyes","Hologram+1","Buffer","Gash","Gash","Go for the Eyes+1","Steam","Parasite","Capacitor"],"relics":["FrozenCore","Vajra","Cables","Orichalcum","MawBank","Thread and Needle","Matryoshka","Meat on the Bone","MutagenicStrength","Runic Pyramid","Mummified Hand","Art of War","Lantern"],"potions_floor_usage":[33,48,50],"damage_taken":[{"damage":7,"enemies":"Small Slimes","floor":1,"turns":3},{"damage":6,"enemies":"Jaw Worm","floor":3,"turns":3},{"damage":32,"enemies":"Lagavulin","floor":7,"turns":4},{"damage":0,"enemies":"Cultist","floor":8,"turns":2},{"damage":3,"enemies":"3 Sentries","floor":10,"turns":8},{"damage":0,"enemies":"2 Fungi Beasts","floor":11,"turns":3},{"damage":0,"enemies":"Exordium Thugs","floor":13,"turns":3},{"damage":0,"enemies":"3 Louse","floor":14,"turns":2},{"damage":28,"enemies":"Hexaghost","floor":16,"turns":10},{"damage":1,"enemies":"Chosen","floor":18,"turns":5},{"damage":16,"enemies":"2 Thieves","floor":19,"turns":5},{"damage":13,"enemies":"Colosseum Slavers","floor":21,"turns":4},{"damage":2,"enemies":"Shelled Parasite and Fungi","floor":22,"turns":5},{"damage":5,"enemies":"Book of Stabbing","floor":24,"turns":5},{"damage":5,"enemies":"Snecko","floor":25,"turns":7},{"damage":0,"enemies":"3 Cultists","floor":27,"turns":5},{"damage":8,"enemies":"Centurion and Healer","floor":29,"turns":6},{"damage":0,"enemies":"Sentry and Sphere","floor":31,"turns":6},{"damage":2,"enemies":"Champ","floor":33,"turns":11},{"damage":0,"enemies":"Orb Walker","floor":35,"turns":4},{"damage":53,"enemies":"3 Shapes","floor":36,"turns":6},{"damage":3,"enemies":"Maw","floor":38,"turns":8},{"damage":0,"enemies":"4 Shapes","floor":39,"turns":7},{"damage":0,"enemies":"Spire Growth","floor":42,"turns":5},{"damage":21,"enemies":"Writhing Mass","floor":44,"turns":8},{"damage":30,"enemies":"4 Shapes","floor":48,"turns":6},{"damage":61,"enemies":"Time Eater","floor":50,"turns":16}],"seed_played":"1698016600045135829","potions_obtained":[{"floor":1,"key":"Regen Potion"},{"floor":8,"key":"Weak Potion"},{"floor":10,"key":"LiquidBronze"},{"floor":12,"key":"FairyPotion"},{"floor":33,"key":"FearPotion"}],"is_trial":false,"path_per_floor":["M","$","M","?","?","R","E","M","T","E","M","?","M","M","R","B",null,"M","M","$","?","M","R","E","M","T","M","R","M","?","M","R","B",null,"M","M","$","M","M","R","?","M","T","M","?","$","?","M","R","B"],"character_chosen":"DEFECT","items_purchased":["Sunder","Coolheaded","Thread and Needle","Glacier","Beam Cell","Ball Lightning","Mummified Hand","Regen Potion"],"campfire_rested":4,"item_purchase_floors":[2,2,20,20,20,20,37,46],"current_hp_per_floor":[68,68,62,51,69,69,37,37,37,34,34,34,34,34,56,28,75,74,58,58,45,43,65,60,55,55,55,55,47,47,47,69,67,75,75,34,34,43,43,65,65,65,65,44,44,44,44,41,41,0],"gold":60,"neow_bonus":"RANDOM_COMMON_RELIC","is_prod":false,"is_daily":false,"chose_seed":false,"campfire_upgraded":2,"win_rate":0,"timestamp":1554877227,"path_taken":["M","$","M","?","?","R","E","?","T","E","M","?","M","M","R","BOSS","M","M","$","?","M","R","E","M","T","M","R","M","?","?","R","BOSS","M","M","$","M","M","R","?","M","T","M","?","$","?","M","R","BOSS"],"build_version":"2019-01-23","purchased_purges":0,"victory":false,"max_hp_per_floor":[75,75,75,75,75,75,75,75,75,75,75,75,75,75,75,75,75,75,75,75,75,75,75,75,75,75,75,75,75,75,75,75,75,75,75,75,75,75,75,75,75,75,75,75,75,75,75,75,75,75],"card_choices":[{"not_picked":["BootSequence","Redo"],"picked":"FTL","floor":1},{"not_picked":["Conserve Battery","Sweeping Beam"],"picked":"Beam Cell","floor":3},{"not_picked":["Amplify","Doom and Gloom"],"picked":"Defragment","floor":7},{"not_picked":["White Noise","Beam Cell"],"picked":"Coolheaded","floor":8},{"not_picked":["FTL","Redo"],"picked":"Scrape","floor":10},{"not_picked":["Beam Cell","Reinforced Body"],"picked":"Skim","floor":11},{"not_picked":["Heatsinks","Sweeping Beam"],"picked":"Cold Snap","floor":13},{"not_picked":["Redo","Reboot"],"picked":"Scrape","floor":14},{"not_picked":["Meteor Strike","Creative AI"],"picked":"Core Surge","floor":16},{"not_picked":["Sweeping Beam","Conserve Battery"],"picked":"Capacitor+1","floor":18},{"not_picked":["Leap","Hologram"],"picked":"FTL","floor":19},{"not_picked":["Redo","Stack"],"picked":"Beam Cell+1","floor":22},{"not_picked":["Conserve Battery","Compile Driver"],"picked":"Steam","floor":24},{"not_picked":["Thunder Strike","Barrage"],"picked":"Go for the Eyes","floor":25},{"not_picked":["Sweeping Beam+1","Leap"],"picked":"Hologram+1","floor":27},{"not_picked":["Undo","Doom and Gloom+1"],"picked":"BootSequence","floor":29},{"not_picked":["Genetic Algorithm","Cold Snap+1","Streamline"],"picked":"SKIP","floor":31},{"not_picked":["Fission","Meteor Strike"],"picked":"Buffer","floor":33},{"not_picked":["Ball Lightning+1","Turbo"],"picked":"Gash","floor":35},{"not_picked":["Compile Driver","Ball Lightning","Storm"],"picked":"SKIP","floor":36},{"not_picked":["Ball Lightning","Turbo"],"picked":"Gash","floor":38},{"not_picked":["Turbo","Streamline+1"],"picked":"Go for the Eyes+1","floor":39},{"not_picked":["Echo Form","Conserve Battery+1"],"picked":"Steam","floor":42},{"not_picked":["Hologram","Auto Shields"],"picked":"Capacitor","floor":44},{"not_picked":["Cold Snap","Streamline+1","Skim"],"picked":"SKIP","floor":48}],"player_experience":139684,"relics_obtained":[{"floor":7,"key":"Cables"},{"floor":9,"key":"Orichalcum"},{"floor":10,"key":"MawBank"},{"floor":24,"key":"Matryoshka"},{"floor":26,"key":"Meat on the Bone"},{"floor":43,"key":"Art of War"},{"floor":43,"key":"Lantern"}],"event_choices":[{"damage_healed":0,"gold_gain":75,"player_choice":"Gather Gold","damage_taken":11,"max_hp_gain":0,"max_hp_loss":0,"event_name":"World of Goop","floor":4,"gold_loss":0},{"damage_healed":18,"gold_gain":0,"player_choice":"Healed","damage_taken":0,"max_hp_gain":0,"max_hp_loss":0,"event_name":"The Cleric","floor":5,"gold_loss":35},{"damage_healed":0,"gold_gain":0,"player_choice":"Got Potions","damage_taken":0,"max_hp_gain":0,"max_hp_loss":0,"event_name":"Lab","floor":12,"gold_loss":0},{"damage_healed":0,"gold_gain":0,"player_choice":"Fight","damage_taken":0,"max_hp_gain":0,"max_hp_loss":0,"event_name":"Colosseum","floor":21,"gold_loss":0},{"damage_healed":0,"gold_gain":0,"player_choice":"Fled From Nobs","damage_taken":0,"max_hp_gain":0,"max_hp_loss":0,"event_name":"Colosseum","floor":21,"gold_loss":0},{"damage_healed":0,"gold_gain":0,"player_choice":"Inject Mutagens","damage_taken":0,"relics_obtained":["MutagenicStrength"],"max_hp_gain":0,"max_hp_loss":0,"event_name":"Drug Dealer","floor":30,"gold_loss":0},{"cards_removed":["BootSequence"],"damage_healed":0,"gold_gain":0,"player_choice":"Removed Skill","damage_taken":0,"max_hp_gain":0,"max_hp_loss":0,"event_name":"Falling","floor":41,"gold_loss":0},{"damage_healed":0,"gold_gain":0,"player_choice":"Memory 1","damage_taken":0,"max_hp_gain":0,"max_hp_loss":0,"event_name":"SensoryStone","floor":45,"gold_loss":0},{"damage_healed":0,"gold_gain":0,"player_choice":"Ignored","damage_taken":0,"max_hp_gain":0,"max_hp_loss":0,"event_name":"Mysterious Sphere","floor":47,"gold_loss":0}],"is_beta":false,"boss_relics":[{"not_picked":["Tiny House","Calling Bell"],"picked":"FrozenCore"},{"not_picked":["Fusion Hammer","Black Star"],"picked":"Runic Pyramid"}],"items_purged_floors":[],"is_endless":false,"potions_floor_spawned":[1,8,10,14,18,21,24,25,29,31,33,35,36,39,44],"killed_by":"Time Eater","ascension_level":1}