{"gold_per_floor":[116,116,116,135,147,147,167,178,228,242,272,272,284,301,301,398,398,411,430,430,464,479,513,75,75,102,102,119,136,136,151,151,254,254,271,282,16,116,132,132,132,144,144,156,176,176,208,218,218,218],"floor_reached":50,"playtime":6392,"items_purged":["Strike_B"],"score":517,"play_id":"2fdc5e6b-e20d-4f33-8243-91459433a116","local_time":"20181222123430","is_ascension_mode":false,"campfire_choices":[{"data":"Coolheaded","floor":6,"key":"SMITH"},{"data":"Steam","floor":12,"key":"SMITH"},{"data":"Conserve Battery","floor":15,"key":"SMITH"},{"floor":25,"key":"REST"},{"floor":27,"key":"REST"},{"data":"Buffer","floor":30,"key":"SMITH"},{"data":"Coolheaded","floor":32,"key":"SMITH"},{"floor":40,"key":"DIG"},{"data":"Coolheaded","floor":46,"key":"SMITH"},{"data":"Biased Cognition","floor":49,"key":"SMITH"}],"neow_cost":"NONE","seed_source_timestamp":124562343768146,"circlet_count":0,"master_deck":["Strike_B","Strike_B+1","Defend_B","Defend_B","Defend_B","Zap","Dualcast+1","Self Repair","Coolheaded+1","Ball Lightning","Ball Lightning","Steam+1","Coolheaded+1","Conserve Battery+1","Buffer+1","White Noise+1","Cold Snap","Leap+1","Genetic Algorithm","Bandage Up","Conserve Battery","Compile Driver","Coolheaded+1","Biased Cognition+1","Redo","White Noise+1","Impatience","Parasite","Conserve Battery+1","Coolheaded+1"],"relics":["Cracked Core","Lantern","Odd Mushroom","Lizard Tail","MutagenicStrength","Red Mask","Darkstone Periapt","Pocketwatch","Ancient Tea Set","Inserter","PrismaticShard","Shovel","Orichalcum","Bottled Flame","Happy Flower"],"potions_floor_usage":[16,21,22,23,33,33,38,50,50],"damage_taken":[{"damage":0,"enemies":"2 Louse","floor":1,"turns":2},{"damage":6,"enemies":"Jaw Worm","floor":4,"turns":3},{"damage":1,"enemies":"Cultist","floor":5,"turns":3},{"damage":0,"enemies":"Blue Slaver","floor":7,"turns":4},{"damage":7,"enemies":"Exordium Wildlife","floor":8,"turns":3},{"damage":5,"enemies":"Looter","floor":10,"turns":2},{"damage":15,"enemies":"The Mushroom Lair","floor":11,"turns":4},{"damage":7,"enemies":"Blue Slaver","floor":13,"turns":2},{"damage":11,"enemies":"Large Slime","floor":14,"turns":3},{"damage":29,"enemies":"Hexaghost","floor":16,"turns":11},{"damage":11,"enemies":"Shell Parasite","floor":18,"turns":8},{"damage":14,"enemies":"3 Byrds","floor":19,"turns":5},{"damage":47,"enemies":"Masked Bandits","floor":21,"turns":8},{"damage":11,"enemies":"Cultist and Chosen","floor":22,"turns":8},{"damage":23,"enemies":"Slavers","floor":23,"turns":7},{"damage":14,"enemies":"Snake Plant","floor":28,"turns":5},{"damage":3,"enemies":"Snecko","floor":29,"turns":5},{"damage":0,"enemies":"Shelled Parasite and Fungi","floor":31,"turns":6},{"damage":71,"enemies":"Automaton","floor":33,"turns":20},{"damage":2,"enemies":"3 Shapes","floor":35,"turns":3},{"damage":0,"enemies":"Orb Walker","floor":36,"turns":4},{"damage":16,"enemies":"Mind Bloom Boss Battle","floor":38,"turns":9},{"damage":0,"enemies":"Jaw Worm Horde","floor":39,"turns":5},{"damage":15,"enemies":"Writhing Mass","floor":42,"turns":10},{"damage":2,"enemies":"4 Shapes","floor":44,"turns":8},{"damage":11,"enemies":"Transient","floor":45,"turns":5},{"damage":11,"enemies":"Nemesis","floor":47,"turns":10},{"damage":0,"enemies":"Spire Growth","floor":48,"turns":5},{"damage":160,"enemies":"Donu and Deca","floor":50,"turns":16}],"seed_played":"-252618876726286738","potions_obtained":[{"floor":1,"key":"PowerPotion"},{"floor":4,"key":"PowerPotion"},{"floor":13,"key":"PowerPotion"},{"floor":16,"key":"Weak Potion"},{"floor":29,"key":"Block Potion"},{"floor":31,"key":"FocusPotion"},{"floor":33,"key":"Fire Potion"},{"floor":35,"key":"Explosive Potion"},{"floor":36,"key":"AttackPotion"},{"floor":42,"key":"LiquidBronze"},{"floor":45,"key":"AttackPotion"}],"is_trial":false,"path_per_floor":["M","?","?","M","M","R","M","M","T","M","?","R","M","M","R","B",null,"M","M","?","?","M","E","$","R","T","R","M","M","R","M","R","B",null,"M","M","$","?","M","R","?","M","T","M","M","R","E","M","R","B"],"character_chosen":"DEFECT","items_purchased":["Pocketwatch","Bandage Up","Conserve Battery","PrismaticShard"],"campfire_rested":2,"item_purchase_floors":[24,24,24,37],"current_hp_per_floor":[82,75,59,60,66,66,73,73,73,75,67,67,67,63,63,34,82,78,71,71,31,27,11,11,35,35,59,56,64,64,75,75,8,82,82,82,82,70,82,82,82,80,80,88,81,81,81,85,85,0],"gold":218,"neow_bonus":"TEN_PERCENT_HP_BONUS","is_prod":false,"is_daily":false,"chose_seed":false,"campfire_upgraded":7,"win_rate":0.0,"timestamp":1545510870,"path_taken":["M","?","?","M","M","R","M","?","T","?","?","R","M","M","R","BOSS","M","M","?","?","M","E","$","R","T","R","M","M","R","M","R","BOSS","M","M","$","?","M","R","?","M","T","M","M","R","E","M","R","BOSS"],"build_version":"2018-12-20","purchased_purges":1,"victory":false,"max_hp_per_floor":[82,82,82,82,82,82,82,82,82,82,82,82,82,82,82,82,82,82,82,82,82,82,82,82,82,82,82,82,82,82,82,82,82,82,82,82,82,82,82,82,82,88,88,88,88,88,88,88,88,88],"card_choices":[{"not_picked":["Genetic Algorithm","Compile Driver"],"picked":"Self Repair","floor":1},{"not_picked":["Hologram","Beam Cell","Go for the Eyes"],"picked":"SKIP","floor":4},{"not_picked":["Darkness","Fusion"],"picked":"Coolheaded","floor":5},{"not_picked":["Gash","Compile Driver"],"picked":"Ball Lightning","floor":7},{"not_picked":["Aggregate","Cold Snap"],"picked":"Ball Lightning","floor":8},{"not_picked":["Scrape","BootSequence","Gash"],"picked":"SKIP","floor":10},{"not_picked":["Leap","Hologram"],"picked":"Steam","floor":11},{"not_picked":["Lockon","Hologram"],"picked":"Coolheaded","floor":13},{"not_picked":["Redo","Lockon"],"picked":"Conserve Battery","floor":14},{"not_picked":["Seek","Fission"],"picked":"Buffer","floor":16},{"not_picked":["Rip and Tear","Chaos"],"picked":"White Noise+1","floor":18},{"not_picked":["Streamline","Genetic Algorithm"],"picked":"Cold Snap","floor":19},{"not_picked":["Rebound","Sweeping Beam"],"picked":"Leap+1","floor":21},{"not_picked":["Skim","Beam Cell","Aggregate"],"picked":"SKIP","floor":22},{"not_picked":["Skim","Streamline"],"picked":"Genetic Algorithm","floor":23},{"not_picked":["Sweeping Beam","Melter+1"],"picked":"Compile Driver","floor":28},{"not_picked":["Barrage","Melter","Darkness"],"picked":"SKIP","floor":29},{"not_picked":["Compile Driver","Sweeping Beam"],"picked":"Coolheaded","floor":31},{"not_picked":["Fission","Multi-Cast"],"picked":"Biased Cognition","floor":33},{"not_picked":["Stack","Leap"],"picked":"Redo","floor":35},{"not_picked":["Stack+1","Streamline+1"],"picked":"White Noise+1","floor":36},{"not_picked":["Flex+1","Compile Driver"],"picked":"Impatience","floor":39},{"not_picked":["Twin Strike","PiercingWail+1","Masterful Stab"],"picked":"SKIP","floor":42},{"not_picked":["Underhanded Strike","Bane+1","True Grit"],"picked":"SKIP","floor":44},{"not_picked":["Gash+1","Beam Cell","Blind"],"picked":"SKIP","floor":45},{"not_picked":["Blind+1","Darkness+1"],"picked":"Conserve Battery+1","floor":47},{"not_picked":["Phantasmal Killer","Streamline+1"],"picked":"Coolheaded+1","floor":48}],"player_experience":168958,"relics_obtained":[{"floor":9,"key":"Lantern"},{"floor":11,"key":"Odd Mushroom"},{"floor":21,"key":"Red Mask"},{"floor":23,"key":"Darkstone Periapt"},{"floor":26,"key":"Ancient Tea Set"},{"floor":38,"key":"Shovel"},{"floor":40,"key":"Orichalcum"},{"floor":43,"key":"Bottled Flame"},{"floor":47,"key":"Happy Flower"}],"event_choices":[{"cards_removed":["Defend_B"],"damage_healed":0,"gold_gain":0,"player_choice":"Card Removal","damage_taken":7,"max_hp_gain":0,"max_hp_loss":0,"event_name":"Golden Wing","floor":2,"gold_loss":0},{"damage_healed":0,"gold_gain":0,"player_choice":"Entered Light","damage_taken":16,"max_hp_gain":0,"max_hp_loss":0,"event_name":"Shining Light","floor":3,"gold_loss":0,"cards_upgraded":["Strike_B","Dualcast"]},{"damage_healed":0,"gold_gain":0,"player_choice":"Fought Mushrooms","damage_taken":0,"max_hp_gain":0,"max_hp_loss":0,"event_name":"Mushrooms","floor":11,"gold_loss":0},{"damage_healed":0,"gold_gain":0,"player_choice":"Inject Mutagens","damage_taken":0,"relics_obtained":["MutagenicStrength"],"max_hp_gain":0,"max_hp_loss":0,"event_name":"Drug Dealer","floor":20,"gold_loss":0},{"damage_healed":0,"gold_gain":0,"player_choice":"Fought Bandits","damage_taken":0,"max_hp_gain":0,"max_hp_loss":0,"event_name":"Masked Bandits","floor":21,"gold_loss":0},{"damage_healed":0,"gold_gain":0,"player_choice":"Fight","damage_taken":0,"max_hp_gain":0,"max_hp_loss":0,"event_name":"MindBloom","floor":38,"gold_loss":0},{"cards_removed":["Strike_B"],"damage_healed":0,"gold_gain":0,"player_choice":"Removed Attack","damage_taken":0,"max_hp_gain":0,"max_hp_loss":0,"event_name":"Falling","floor":41,"gold_loss":0}],"is_beta":false,"boss_relics":[{"not_picked":["FrozenCore","Tiny House"],"picked":"Lizard Tail"},{"not_picked":["Empty Cage","Black Star"],"picked":"Inserter"}],"items_purged_floors":[37],"is_endless":false,"potions_floor_spawned":[1,4,13,16,18,29,31,33,35,36,42,45,47,48],"killed_by":"Donu and Deca","ascension_level":0}