{"gold_per_floor":[109,109,123,133,146,178,178,212,258,286,301,316,326,358,358,454,454,440,454,47,64,82,82,96,96],"floor_reached":25,"playtime":2187,"items_purged":[],"score":287,"play_id":"4bd409c2-fe61-49bb-866f-46ce8786f079","local_time":"20180727145442","is_ascension_mode":true,"campfire_choices":[{"data":"Neutralize","floor":7,"key":"SMITH"},{"floor":15,"key":"REST"},{"floor":23,"key":"REST"}],"neow_cost":"NONE","seed_source_timestamp":247352697705809,"circlet_count":0,"master_deck":["Defend_G","Defend_G","Defend_G","Defend_G","Defend_G","Strike_G","Strike_G","Strike_G","Strike_G","Strike_G","Survivor","Neutralize","Infinite Blades","Neutralize+1","Infinite Blades","Cloak And Dagger","Dagger Spray","Backflip","Backflip","Backstab","Envenom","Skewer","Tools of the Trade","Quick Slash+1","Well Laid Plans+1","Dodge and Roll+1","Noxious Fumes+1"],"relics":["Ring of the Serpent","Bronze Scales","Du-Vu Doll","Bottled Flame","Regal Pillow","Orichalcum","Blood Vial","Lantern","Frozen Egg 2"],"potions_floor_usage":[6,8,8,14,14,18,19],"damage_taken":[{"damage":0,"enemies":"Small Slimes","floor":1,"turns":3},{"damage":0,"enemies":"Cultist","floor":3,"turns":3},{"damage":1,"enemies":"2 Louse","floor":4,"turns":3},{"damage":4,"enemies":"Lots of Slimes","floor":5,"turns":5},{"damage":12,"enemies":"Gremlin Nob","floor":6,"turns":4},{"damage":11,"enemies":"3 Sentries","floor":8,"turns":5},{"damage":18,"enemies":"Lagavulin","floor":10,"turns":8},{"damage":0,"enemies":"Large Slime","floor":11,"turns":6},{"damage":0,"enemies":"2 Fungi Beasts","floor":12,"turns":2},{"damage":0,"enemies":"Exordium Thugs","floor":13,"turns":4},{"damage":6,"enemies":"Gremlin Nob","floor":14,"turns":3},{"damage":14,"enemies":"Hexaghost","floor":16,"turns":8},{"damage":22,"enemies":"2 Thieves","floor":18,"turns":4},{"damage":0,"enemies":"Chosen","floor":19,"turns":6},{"damage":22,"enemies":"3 Cultists","floor":21,"turns":5},{"damage":18,"enemies":"Cultist and Chosen","floor":22,"turns":6},{"damage":28,"enemies":"Snake Plant","floor":24,"turns":5},{"damage":27,"enemies":"Slavers","floor":25,"turns":2}],"seed_played":"-9189978366436974905","potions_obtained":[{"floor":1,"key":"Poison Potion"},{"floor":4,"key":"SneckoOil"},{"floor":5,"key":"Explosive Potion"},{"floor":8,"key":"SneckoOil"},{"floor":12,"key":"AttackPotion"},{"floor":13,"key":"Poison Potion"},{"floor":18,"key":"GhostInAJar"},{"floor":21,"key":"SmokeBomb"}],"is_trial":false,"path_per_floor":["M","?","M","M","M","E","R","E","T","E","M","M","M","E","R","B",null,"M","M","$","M","M","R","M"],"character_chosen":"THE_SILENT","items_purchased":["Lantern","Frozen Egg 2"],"campfire_rested":2,"item_purchase_floors":[20,20],"current_hp_per_floor":[70,70,70,69,65,53,53,42,42,24,24,24,24,18,54,42,70,48,50,50,30,14,50,24,0],"gold":96,"neow_bonus":"RANDOM_COMMON_RELIC","is_prod":false,"is_daily":false,"chose_seed":false,"campfire_upgraded":1,"win_rate":0,"timestamp":1532667282,"path_taken":["M","?","M","M","M","E","R","E","T","E","M","M","M","E","R","BOSS","M","M","$","M","?","R","M","E"],"build_version":"2018-07-19v2","purchased_purges":0,"victory":false,"max_hp_per_floor":[70,70,70,70,70,70,70,70,70,70,70,70,70,70,70,70,70,70,70,70,70,70,70,70,70],"card_choices":[{"not_picked":["Caltrops","Masterful Stab"],"picked":"Infinite Blades","floor":1},{"not_picked":["Prepared","Dodge and Roll"],"picked":"Infinite Blades","floor":3},{"not_picked":["Acrobatics","Expertise"],"picked":"Cloak And Dagger","floor":4},{"not_picked":["Dodge and Roll","Masterful Stab"],"picked":"Dagger Spray","floor":5},{"not_picked":["Prepared","Expertise"],"picked":"Backflip","floor":6},{"not_picked":["Outmaneuver","Flechettes","Underhanded Strike"],"picked":"SKIP","floor":8},{"not_picked":["Acrobatics","Prepared"],"picked":"Backflip","floor":10},{"not_picked":["Cloak And Dagger","Tactician"],"picked":"Backstab","floor":11},{"not_picked":["Dagger Throw","Dagger Spray"],"picked":"Envenom","floor":12},{"not_picked":["Underhanded Strike","Dagger Spray"],"picked":"Skewer","floor":13},{"not_picked":["Dodge and Roll","Dagger Throw","Catalyst"],"picked":"SKIP","floor":14},{"not_picked":["Storm of Steel","Unload"],"picked":"Tools of the Trade","floor":16},{"not_picked":["Reflex","Bane","Backflip"],"picked":"SKIP","floor":18},{"not_picked":["Terror","Prepared"],"picked":"Quick Slash+1","floor":19},{"not_picked":["Escape Plan","Deadly Poison"],"picked":"Well Laid Plans+1","floor":21},{"not_picked":["Eviscerate","Well Laid Plans+1"],"picked":"Dodge and Roll+1","floor":22},{"not_picked":["Deadly Poison+1","Slice"],"picked":"Noxious Fumes+1","floor":24}],"player_experience":163740,"relics_obtained":[{"floor":6,"key":"Du-Vu Doll"},{"floor":8,"key":"Bottled Flame"},{"floor":9,"key":"Regal Pillow"},{"floor":10,"key":"Orichalcum"},{"floor":14,"key":"Blood Vial"}],"event_choices":[{"event_name":"Match and Keep!","player_choice":"1 cards matched","floor":2,"damage_taken":0}],"is_beta":false,"boss_relics":[{"not_picked":["White Beast Statue","Tiny House"],"picked":"Ring of the Serpent"}],"items_purged_floors":[],"is_endless":false,"potions_floor_spawned":[1,4,5,8,12,13,18,21],"killed_by":"Slavers","ascension_level":4}