{"path_per_floor":["M","?","?","$","?","E","R","?","T","R","T","R","M","M","R","B",null,"M","M","?","M","?"],"character_chosen":"IRONCLAD","items_purchased":["Whirlwind"],"gold_per_floor":[111,111,111,34,34,64,64,64,90,90,143,143,158,169,169,265,265,283,299,299,314,314],"floor_reached":23,"campfire_rested":0,"playtime":717,"current_hp_per_floor":[76,64,64,64,64,44,44,49,49,49,49,49,55,61,61,19,69,54,60,60,44,44],"items_purged":[],"gold":314,"score":288,"play_id":"cb61b811-88a2-4c05-a43b-11df8d2dd400","is_prod":false,"is_daily":false,"is_ascension_mode":true,"campfire_upgraded":4,"path_taken":["M","?","?","$","?","E","R","?","T","R","?","R","M","M","R","BOSS","M","M","?","M","?","E"],"build_version":"2018-02-15-PROD1","purchased_purges":0,"victory":false,"master_deck":["Defend_R","Defend_R","Defend_R+1","Defend_R+1","Bash","Pommel Strike+1","Whirlwind+1","Whirlwind+1","Body Slam+1","Barricade","Shrug It Off","Feel No Pain","Bite","Bite","Bite","Bite","Bite"],"max_hp_per_floor":[80,80,80,80,80,80,80,85,85,85,85,85,85,85,85,85,85,85,85,85,85,59],"relics":["Burning Blood","Bronze Scales","Juzu Bracelet","War Paint","Omamori","Tiny Chest","Sozu","Thread and Needle"],"card_choices":[{"not_picked":["Corruption","Spot Weakness"],"picked":"Pommel Strike"},{"not_picked":["Rupture","Carnage"],"picked":"Whirlwind"},{"not_picked":["Havoc","Pummel"],"picked":"Body Slam"},{"not_picked":["Reaper","Impervious"],"picked":"Barricade"},{"not_picked":["Clash","Armaments"],"picked":"Shrug It Off"},{"not_picked":["Bloodletting","Reckless Charge"],"picked":"Feel No Pain"}],"player_experience":148545,"potions_floor_usage":[16],"damage_taken":[{"damage":2,"enemies":"2 Louse","floor":1,"turns":2},{"damage":26,"enemies":"3 Sentries","floor":6,"turns":6},{"damage":0,"enemies":"Small Slimes","floor":13,"turns":3},{"damage":0,"enemies":"Jaw Worm","floor":14,"turns":3},{"damage":48,"enemies":"The Guardian","floor":16,"turns":10},{"damage":21,"enemies":"Shell Parasite","floor":18,"turns":5},{"damage":0,"enemies":"Chosen","floor":19,"turns":5},{"damage":22,"enemies":"Snake Plant","floor":21,"turns":4},{"damage":58,"enemies":"Book of Stabbing","floor":23,"turns":5}],"event_choices":[{"event_name":"Scrap Ooze","player_choice":"success","floor":2,"damage_taken":12},{"event_name":"Liars Game","player_choice":"disagreed","floor":3,"damage_taken":0},{"event_name":"Living Wall","player_choice":"Forget","floor":5,"damage_taken":0},{"event_name":"Big Fish","player_choice":"Donut","floor":8,"damage_taken":0},{"event_name":"Accursed Blacksmith","player_choice":"Rummage","floor":20,"damage_taken":0},{"event_name":"Vampires","player_choice":"Became a vampire","floor":22,"damage_taken":0}],"boss_relics":[{"not_picked":["Ectoplasm","Lizard Tail"],"picked":"Sozu"}],"potions_floor_spawned":[6,21],"seed_played":"-1111739767747495162","killed_by":"Book of Stabbing","ascension_level":8,"is_trial":false}