{"path_per_floor":["M","M","$","M","?","R","E","T","T","R","M","M","?","M","R","B",null,"M","M","M","$","M","R"],"character_chosen":"DEFECT","items_purchased":["Compile Driver","Leap","SmokeBomb"],"gold_per_floor":[113,127,5,24,124,124,151,227,253,253,271,282,282,298,298,393,393,404,423,434,285,285,285,285],"floor_reached":24,"campfire_rested":1,"playtime":5496,"item_purchase_floors":[],"current_hp_per_floor":[68,66,66,54,54,54,39,39,39,39,30,25,18,17,17,6,58,44,29,7,7,9,31,0],"items_purged":["Strike_B"],"gold":285,"score":280,"play_id":"2d60084d-144d-452b-bedf-8b981b83dd19","local_time":"20180525014003","is_prod":false,"is_daily":false,"chose_seed":false,"is_ascension_mode":true,"campfire_upgraded":3,"win_rate":0,"timestamp":1527205203,"campfire_choices":[{"data":"Sunder","floor":6.0,"key":"SMITH"},{"data":"Barrage","floor":10.0,"key":"SMITH"},{"data":"Zap","floor":15.0,"key":"SMITH"},{"floor":23,"key":"REST"}],"path_taken":["M","M","$","M","?","R","E","?","T","R","?","M","?","M","R","BOSS","M","M","M","$","M","R","E"],"build_version":"2018-05-23v2","seed_source_timestamp":0,"purchased_purges":1,"victory":false,"master_deck":["Defend_B+1","Defend_B","Defend_B+1","Zap+1","Dualcast","Barrage+1","Capacitor","Compile Driver","Sunder+1","Doom and Gloom","Stack","Echo Form","Recycle+1","Capacitor+1","Doom and Gloom+1","BootSequence","Cold Snap","Stack","Leap"],"max_hp_per_floor":[75,75,75,75,75,75,75,75,75,75,75,75,75,75,75,75,75,75,75,75,75,75,75,75],"relics":["Cracked Core","War Paint","DataDisk","Dodecahedron","Blood Vial","Astrolabe"],"card_choices":[{"not_picked":["Hologram","Capacitor"],"picked":"Barrage","floor":1.0},{"not_picked":["Streamline","Biased Cognition"],"picked":"Capacitor","floor":2.0},{"not_picked":["Coolheaded","Capacitor"],"picked":"Sunder","floor":4.0},{"not_picked":["Streamline","Force Field"],"picked":"Doom and Gloom","floor":7.0},{"not_picked":["Coolheaded","Turbo"],"picked":"Stack","floor":11.0},{"not_picked":["Beam Cell","Recycle","Redo"],"picked":"SKIP","floor":12.0},{"not_picked":["White Noise","Turbo","Multi-Cast"],"picked":"SKIP","floor":14.0},{"not_picked":["Amplify","Hyperbeam"],"picked":"Echo Form","floor":16.0},{"not_picked":["Darkness","Sweeping Beam"],"picked":"BootSequence","floor":18},{"not_picked":["Steam","Chaos"],"picked":"Cold Snap","floor":19},{"not_picked":["Compile Driver","Lockon"],"picked":"Stack","floor":20}],"player_experience":98278,"potions_floor_usage":[18,20,20,20,22],"damage_taken":[{"damage":0.0,"enemies":"Cultist","floor":1.0,"turns":4.0},{"damage":2.0,"enemies":"Small Slimes","floor":2.0,"turns":3.0},{"damage":12.0,"enemies":"Jaw Worm","floor":4.0,"turns":3.0},{"damage":15.0,"enemies":"3 Sentries","floor":7.0,"turns":5.0},{"damage":11.0,"enemies":"Lots of Slimes","floor":11.0,"turns":3.0},{"damage":7.0,"enemies":"Exordium Wildlife","floor":12.0,"turns":3.0},{"damage":3.0,"enemies":"Looter","floor":14.0,"turns":3.0},{"damage":13.0,"enemies":"Hexaghost","floor":16.0,"turns":7.0},{"damage":16,"enemies":"3 Byrds","floor":18,"turns":4},{"damage":17,"enemies":"Spheric Guardian","floor":19,"turns":5},{"damage":24,"enemies":"Snecko","floor":20,"turns":4},{"damage":0,"enemies":"Chosen and Byrds","floor":22,"turns":2},{"damage":33,"enemies":"Slavers","floor":24,"turns":2}],"relics_obtained":[{"floor":7.0,"key":"DataDisk"},{"floor":8.0,"key":"Dodecahedron"},{"floor":9.0,"key":"Blood Vial"}],"event_choices":[{"event_name":"Golden Shrine","player_choice":"Pray","floor":5.0,"damage_taken":0.0},{"event_name":"Golden Wing","player_choice":"Card Removal","floor":13.0,"damage_taken":0.0}],"boss_relics":[{"not_picked":["Runic Dome","Black Star"],"picked":"Astrolabe"}],"items_purged_floors":[],"potions_floor_spawned":[2,4,12,16,19,22],"seed_played":"-8736005756001923149","killed_by":"Slavers","ascension_level":8,"potions_obtained":[{"floor":2.0,"key":"AttackPotion"},{"floor":4.0,"key":"Dexterity Potion"},{"floor":12.0,"key":"Dexterity Potion"},{"floor":16.0,"key":"Fire Potion"},{"floor":19,"key":"Fire Potion"}],"is_trial":false}