{"gold_per_floor":[109,126,138,138,186,186,219,234,289,289,299,299,299,32,32,103,103,113,23,73,87,87,87,87],"floor_reached":24,"playtime":963,"items_purged":["Strike_B"],"score":388,"play_id":"f7308ee5-aa46-40af-a495-9299417f46e6","local_time":"20190121154049","is_ascension_mode":true,"campfire_choices":[{"data":"Electrodynamics","floor":6.0,"key":"SMITH"},{"data":"Dualcast","floor":12.0,"key":"SMITH"},{"data":"Streamline","floor":15.0,"key":"SMITH"},{"floor":23,"key":"REST"}],"neow_cost":"NONE","seed_source_timestamp":961299105197795,"circlet_count":0,"master_deck":["AscendersBane","Strike_B+1","Strike_B+1","Strike_B","Defend_B","Defend_B","Defend_B","Defend_B","Zap+1","Dualcast+1","Electrodynamics+1","Leap","Heatsinks","Core Surge","BootSequence","Streamline+1","Amplify","Genetic Algorithm","Self Repair","Undo"],"special_seed":0,"relics":["Cracked Core","Bag of Preparation","Smiling Mask","Tiny Chest","Omamori","Fusion Hammer","Peace Pipe"],"potions_floor_usage":[21],"damage_taken":[{"damage":0.0,"enemies":"2 Louse","floor":1.0,"turns":1.0},{"damage":7.0,"enemies":"Jaw Worm","floor":2.0,"turns":2.0},{"damage":12.0,"enemies":"Small Slimes","floor":3.0,"turns":2.0},{"damage":10.0,"enemies":"3 Sentries","floor":7.0,"turns":2.0},{"damage":0.0,"enemies":"Exordium Wildlife","floor":8.0,"turns":2.0},{"damage":0.0,"enemies":"Gremlin Gang","floor":11.0,"turns":1.0},{"damage":13.0,"enemies":"The Guardian","floor":16.0,"turns":11.0},{"damage":21.0,"enemies":"Shell Parasite","floor":18.0,"turns":4.0},{"damage":14,"enemies":"Spheric Guardian","floor":21,"turns":4},{"damage":52,"enemies":"Book of Stabbing","floor":24,"turns":5}],"seed_played":"324967102377560003","potions_obtained":[{"floor":3.0,"key":"Fire Potion"},{"floor":7.0,"key":"Strength Potion"},{"floor":8.0,"key":"SkillPotion"}],"is_trial":false,"path_per_floor":["?","T","?","?","?","T"],"character_chosen":"DEFECT","items_purchased":["Omamori","Streamline","Self Repair"],"campfire_rested":1,"item_purchase_floors":[14,14,19],"current_hp_per_floor":[64,57,45,24,24,24,14,14,14,14,14,14,37,37,37,24,59,38,38,38,31,31,52,0],"gold":87,"neow_bonus":"ONE_RANDOM_RARE_CARD","is_prod":false,"is_daily":false,"chose_seed":false,"campfire_upgraded":3,"win_rate":0,"timestamp":1548081649,"path_taken":["M","M","M","?","?","R","E","M","T","?","M","R","?","$","R","BOSS","M","$","?","M","?","R","E"],"build_version":"2019-01-20","purchased_purges":1,"victory":false,"max_hp_per_floor":[71,71,71,71,71,71,71,71,71,71,71,71,71,71,71,71,71,71,71,71,71,71,71,71],"card_choices":[{"not_picked":["Beam Cell","Blizzard"],"picked":"Leap","floor":1.0},{"not_picked":["Blizzard","Sweeping Beam","Leap"],"picked":"SKIP","floor":2.0},{"not_picked":["Blizzard","Sweeping Beam","Leap"],"picked":"SKIP","floor":2.0},{"not_picked":["Blizzard","Sweeping Beam","Leap"],"picked":"SKIP","floor":2.0},{"not_picked":["Barrage","Skim"],"picked":"Heatsinks","floor":3.0},{"not_picked":["Doom and Gloom","Chill"],"picked":"Core Surge","floor":7.0},{"not_picked":["Beam Cell","Turbo","Leap"],"picked":"SKIP","floor":8.0},{"not_picked":["Hello World","Chill"],"picked":"BootSequence","floor":11.0},{"not_picked":["Electrodynamics","Meteor Strike"],"picked":"Amplify","floor":16.0},{"not_picked":["Cold Snap","Turbo+1"],"picked":"Genetic Algorithm","floor":18.0},{"not_picked":["Redo","Leap"],"picked":"Undo","floor":21}],"player_experience":596410,"relics_obtained":[{"floor":5.0,"key":"Bag of Preparation"},{"floor":7.0,"key":"Smiling Mask"},{"floor":9.0,"key":"Tiny Chest"},{"floor":22,"key":"Peace Pipe"}],"event_choices":[{"damage_healed":0.0,"max_hp_gain":0.0,"max_hp_loss":0.0,"gold_gain":0.0,"event_name":"Shining Light","player_choice":"Entered Light","floor":4.0,"gold_loss":0.0,"damage_taken":21.0,"cards_upgraded":["Strike_B","Strike_B"]},{"damage_healed":0.0,"max_hp_gain":0.0,"max_hp_loss":0.0,"gold_gain":0.0,"event_name":"Living Wall","player_choice":"Grow","floor":10.0,"gold_loss":0.0,"damage_taken":0.0,"cards_upgraded":["Zap"]},{"damage_healed":23.0,"max_hp_gain":0.0,"max_hp_loss":0.0,"gold_gain":0.0,"event_name":"Big Fish","player_choice":"Banana","floor":13.0,"gold_loss":0.0,"damage_taken":0.0},{"damage_healed":0,"gold_gain":50,"player_choice":"Stole From Cult","damage_taken":0,"max_hp_gain":0,"max_hp_loss":0,"event_name":"Nest","floor":20,"gold_loss":0}],"is_beta":true,"boss_relics":[{"not_picked":["Philosopher\u0027s Stone","Coffee Dripper"],"picked":"Fusion Hammer"}],"items_purged_floors":[14],"is_endless":false,"potions_floor_spawned":[3,7,8],"killed_by":"Book of Stabbing","ascension_level":20}