{"gold_per_floor":[114,129,144,159,159,159,174,174,174,189,189,154,184,199,199,299,299,314,314,314,329,344,344],"floor_reached":23,"playtime":1646,"items_purged":[],"score":195,"play_id":"ee0b2bbe-2876-468a-b58d-58a7ec9276f0","local_time":"20181225150836","daily_mods":["Cursed Run","Uncertain Future","Binary"],"is_ascension_mode":false,"campfire_choices":[{"data":"Conserve Battery","floor":6,"key":"SMITH"},{"floor":8,"key":"REST"},{"floor":15,"key":"REST"}],"neow_cost":"","seed_source_timestamp":329237329921660,"circlet_count":0,"master_deck":["Strike_B","Strike_B","Strike_B","Strike_B","Defend_B","Defend_B","Defend_B","Defend_B","Zap","Dualcast","Conserve Battery+1","Auto Shields+1","Doubt","Ball Lightning","Shame","Rainbow","Coolheaded","Defragment","Static Discharge+1"],"special_seed":17890,"relics":["Darkstone Periapt","Du-Vu Doll","Unceasing Top","Dodecahedron","Velvet Choker","Nloth\u0027s Gift"],"potions_floor_usage":[13,13,23],"damage_taken":[{"damage":1,"enemies":"Cultist","floor":1,"turns":4},{"damage":4,"enemies":"2 Louse","floor":2,"turns":2},{"damage":3,"enemies":"Small Slimes","floor":3,"turns":2},{"damage":3,"enemies":"Looter","floor":4,"turns":4},{"damage":44,"enemies":"Gremlin Gang","floor":7,"turns":6},{"damage":0,"enemies":"3 Louse","floor":10,"turns":3},{"damage":13,"enemies":"Gremlin Nob","floor":13,"turns":5},{"damage":0,"enemies":"Large Slime","floor":14,"turns":5},{"damage":49,"enemies":"The Guardian","floor":16,"turns":12},{"damage":8,"enemies":"Spheric Guardian","floor":18,"turns":4},{"damage":11,"enemies":"3 Byrds","floor":21,"turns":5},{"damage":30,"enemies":"Centurion and Healer","floor":22,"turns":9},{"damage":38,"enemies":"Gremlin Leader","floor":23,"turns":5}],"seed_played":"-1417837412704543464","potions_obtained":[{"floor":4,"key":"Poison Potion"},{"floor":7,"key":"Weak Potion"},{"floor":10,"key":"SpeedPotion"},{"floor":14,"key":"FearPotion"},{"floor":22,"key":"AttackPotion"}],"is_trial":false,"path_per_floor":["M","M","M","M","$","R","M","R","T","M","?","?","E","M","R","B",null,"M","?","?","M","M","E"],"character_chosen":"DEFECT","items_purchased":[],"campfire_rested":2,"item_purchase_floors":[],"current_hp_per_floor":[74,70,67,64,64,64,20,42,48,48,48,68,55,55,79,36,87,79,79,79,68,38,0],"gold":344,"neow_bonus":"","is_prod":false,"is_daily":true,"chose_seed":false,"campfire_upgraded":1,"win_rate":0,"timestamp":1545779316,"path_taken":["M","?","M","M","$","R","M","R","T","M","?","?","E","M","R","BOSS","M","?","?","?","M","E"],"build_version":"2018-12-20","purchased_purges":0,"victory":false,"max_hp_per_floor":[75,75,75,75,75,75,75,75,81,81,81,81,81,81,81,87,87,87,87,87,87,87,87],"card_choices":[{"not_picked":["Rebound","Compile Driver"],"picked":"SKIP","floor":1},{"not_picked":["Rebound","Heatsinks"],"picked":"SKIP","floor":2},{"not_picked":["Leap"],"picked":"Conserve Battery","floor":3},{"not_picked":["Sweeping Beam","Blizzard"],"picked":"SKIP","floor":4},{"not_picked":["Redo"],"picked":"Auto Shields","floor":7},{"not_picked":["Gash","Amplify"],"picked":"SKIP","floor":10},{"not_picked":["Blizzard","Scrape"],"picked":"SKIP","floor":13},{"not_picked":["Turbo"],"picked":"Ball Lightning","floor":14},{"not_picked":["Amplify"],"picked":"Rainbow","floor":16},{"not_picked":["Rebound","Rip and Tear"],"picked":"SKIP","floor":18},{"not_picked":["Fusion+1"],"picked":"Defragment","floor":21},{"not_picked":["Compile Driver"],"picked":"Static Discharge+1","floor":22}],"player_experience":362657,"relics_obtained":[{"floor":9,"key":"Unceasing Top"},{"floor":13,"key":"Dodecahedron"}],"event_choices":[{"damage_healed":0,"gold_gain":0,"player_choice":"Grow","damage_taken":0,"max_hp_gain":0,"max_hp_loss":0,"event_name":"Living Wall","floor":11,"gold_loss":0,"cards_upgraded":["Auto Shields"]},{"damage_healed":20,"gold_gain":0,"player_choice":"Healed","damage_taken":0,"max_hp_gain":0,"max_hp_loss":0,"event_name":"The Cleric","floor":12,"gold_loss":35},{"damage_healed":0,"gold_gain":0,"player_choice":"Read","damage_taken":0,"max_hp_gain":0,"max_hp_loss":0,"event_name":"The Library","floor":19,"gold_loss":0,"cards_obtained":["Coolheaded"]},{"damage_healed":0,"gold_gain":0,"player_choice":"Traded Relic","damage_taken":0,"relics_obtained":["Nloth\u0027s Gift"],"max_hp_gain":0,"max_hp_loss":0,"event_name":"N\u0027loth","floor":20,"relics_lost":["Cursed Key"],"gold_loss":0}],"is_beta":false,"boss_relics":[{"not_picked":["Astrolabe","White Beast Statue"],"picked":"Velvet Choker"}],"items_purged_floors":[],"is_endless":false,"potions_floor_spawned":[4,7,10,14,22],"killed_by":"Gremlin Leader","ascension_level":0}