{"gold_per_floor":[119,119,194,194,56,56,87,100,126,141,141,141,152,152,152,231,231,242,242,294,67,79,79,90,90,164,183,20,30,30,30],"floor_reached":31,"playtime":2258,"items_purged":["Strike_G"],"score":431,"play_id":"d4d2c2aa-3d01-46d1-912a-9311a996e513","local_time":"20190407000112","is_ascension_mode":true,"campfire_choices":[{"data":"Infinite Blades","floor":6.0,"key":"SMITH"},{"data":"After Image","floor":11.0,"key":"SMITH"},{"floor":15.0,"key":"REST"},{"data":"Cloak And Dagger","floor":23,"key":"SMITH"},{"data":"Footwork","floor":25,"key":"SMITH"}],"neow_cost":"NONE","seed_source_timestamp":36125946605617,"circlet_count":0,"master_deck":["AscendersBane","Defend_G","Defend_G","Defend_G","Defend_G","Defend_G","Strike_G","Strike_G","Strike_G","Strike_G","Survivor","Neutralize","Endless Agony","Infinite Blades+1","Blade Dance","After Image+1","Malaise","Glass Knife","Blur","Acrobatics","Footwork+1","Cloak And Dagger+1","Terror","Flash of Steel","Finisher","Expertise","Dodge and Roll","Infinite Blades","Cloak And Dagger"],"special_seed":0,"relics":["WristBlade","Tough Bandages","Smiling Mask","Dream Catcher","Orrery","Pen Nib","Bottled Tornado"],"potions_floor_usage":[16,16,24,29],"damage_taken":[{"damage":1.0,"enemies":"Cultist","floor":1.0,"turns":4.0},{"damage":20.0,"enemies":"Lagavulin","floor":7.0,"turns":6.0},{"damage":2.0,"enemies":"Small Slimes","floor":8.0,"turns":3.0},{"damage":1.0,"enemies":"Jaw Worm","floor":10.0,"turns":3.0},{"damage":0.0,"enemies":"Looter","floor":13.0,"turns":3.0},{"damage":19,"enemies":"Slime Boss","floor":16,"turns":8},{"damage":2,"enemies":"Spheric Guardian","floor":18,"turns":5},{"damage":5,"enemies":"3 Byrds","floor":22,"turns":6},{"damage":26,"enemies":"Snake Plant","floor":24,"turns":5},{"damage":25,"enemies":"Shelled Parasite and Fungi","floor":27,"turns":6},{"damage":4,"enemies":"Centurion and Healer","floor":29,"turns":9},{"damage":35,"enemies":"3 Cultists","floor":31,"turns":7}],"seed_played":"-132390657819301889","potions_obtained":[{"floor":8.0,"key":"FearPotion"},{"floor":10.0,"key":"Weak Potion"},{"floor":18,"key":"Dexterity Potion"},{"floor":27,"key":"FairyPotion"}],"is_trial":false,"path_per_floor":["M","?","?","?","$","R","E","M","T","M","R","T","M","?","R","B",null,"M","?","T","$","M","R","M","R","T","M","$","M","?","M"],"character_chosen":"THE_SILENT","items_purchased":["Infinite Blades","Blade Dance","Flash of Steel","Finisher","Infinite Blades","EssenceOfSteel"],"campfire_rested":1,"item_purchase_floors":[5,5,21,21,28,28],"current_hp_per_floor":[58,58,47,47,47,47,27,25,25,24,24,24,24,24,43,24,56,54,66,66,66,61,61,35,35,35,10,10,6,6,0],"gold":30,"neow_bonus":"BOSS_RELIC","is_prod":false,"is_daily":false,"chose_seed":false,"campfire_upgraded":4,"win_rate":0,"timestamp":1554609672,"path_taken":["M","?","?","?","?","R","E","M","T","M","R","?","M","?","R","BOSS","M","?","?","$","M","R","M","R","T","M","$","?","?","M"],"build_version":"2019-01-23","purchased_purges":1,"victory":false,"max_hp_per_floor":[66,66,66,66,66,66,66,66,66,66,66,66,66,66,66,66,66,66,66,66,66,66,66,66,66,66,66,66,66,66,66],"card_choices":[{"not_picked":["Quick Slash","Escape Plan"],"picked":"Endless Agony","floor":1.0},{"not_picked":["Blade Dance","Flying Knee"],"picked":"After Image","floor":7.0},{"not_picked":["Outmaneuver","Bane","Reflex"],"picked":"SKIP","floor":8.0},{"not_picked":["Poisoned Stab","Setup","Quick Slash"],"picked":"SKIP","floor":10.0},{"not_picked":["Dodge and Roll","Reflex","Dagger Spray"],"picked":"SKIP","floor":13.0},{"not_picked":["Underhanded Strike","Eviscerate"],"picked":"Malaise","floor":15.0},{"not_picked":["Night Terror","Die Die Die"],"picked":"Glass Knife","floor":16},{"not_picked":["Backflip","Predator"],"picked":"Blur","floor":17},{"not_picked":["Eviscerate","Tactician"],"picked":"Acrobatics","floor":17},{"not_picked":["Concentrate","Slice"],"picked":"Footwork","floor":17},{"not_picked":["PiercingWail","Bane"],"picked":"Cloak And Dagger","floor":17},{"not_picked":["Crippling Poison","Underhanded Strike"],"picked":"Terror","floor":18},{"not_picked":["Outmaneuver","Bullet Time"],"picked":"Expertise","floor":22},{"not_picked":["Deflect","Noxious Fumes"],"picked":"Dodge and Roll","floor":24},{"not_picked":["Calculated Gamble","Dagger Spray","Dash"],"picked":"SKIP","floor":27},{"not_picked":["Heel Hook","Dodge and Roll"],"picked":"Cloak And Dagger","floor":29}],"player_experience":922244,"relics_obtained":[{"floor":7.0,"key":"Tough Bandages"},{"floor":9.0,"key":"Smiling Mask"},{"floor":12.0,"key":"Dream Catcher"},{"floor":20,"key":"Pen Nib"},{"floor":26,"key":"Bottled Tornado"}],"event_choices":[{"damage_healed":0.0,"max_hp_gain":0.0,"max_hp_loss":0.0,"gold_gain":0.0,"event_name":"Scrap Ooze","player_choice":"Fled","floor":2.0,"gold_loss":0.0,"damage_taken":0.0},{"damage_healed":0.0,"max_hp_gain":0.0,"max_hp_loss":0.0,"gold_gain":75.0,"event_name":"World of Goop","player_choice":"Gather Gold","floor":3.0,"gold_loss":0.0,"damage_taken":11.0},{"damage_healed":0.0,"max_hp_gain":0.0,"max_hp_loss":0.0,"gold_gain":0.0,"event_name":"Golden Idol","player_choice":"Ignored","floor":4.0,"gold_loss":0.0,"damage_taken":0.0},{"damage_healed":0.0,"max_hp_gain":0.0,"max_hp_loss":0.0,"gold_gain":0.0,"event_name":"Shining Light","player_choice":"Ignored","floor":14.0,"gold_loss":0.0,"damage_taken":0.0},{"damage_healed":13,"gold_gain":0,"player_choice":"Heal","damage_taken":0,"max_hp_gain":0,"max_hp_loss":0,"event_name":"The Library","floor":19,"gold_loss":0},{"damage_healed":0,"gold_gain":0,"player_choice":"Ignored","damage_taken":0,"max_hp_gain":0,"max_hp_loss":0,"event_name":"Beggar","floor":30,"gold_loss":0}],"is_beta":false,"boss_relics":[{"not_picked":["Snecko Eye","HoveringKite"],"picked":"Orrery"}],"items_purged_floors":[21],"is_endless":false,"potions_floor_spawned":[8,10,18,27],"killed_by":"3 Cultists","ascension_level":17}