{"path_per_floor":["M","?","?","$","M","R","M","M","T","$","M","$","T"],"character_chosen":"THE_SILENT","items_purchased":["Noxious Fumes","Backflip","Calculated Gamble","Bouncing Flask"],"gold_per_floor":[114,114,114,20,35,35,50,65,140,27,42,5,55],"floor_reached":14,"campfire_rested":0,"playtime":884,"current_hp_per_floor":[70,70,70,70,70,70,70,15,15,15,15,15,15],"items_purged":["Strike_G"],"gold":55,"score":80,"play_id":"893fd9dd-91a4-4676-a244-d2efd46c0f4b","local_time":"20180303230035","daily_mods":[{"name":"All Star","description":"Start with 2 colorless cards.","modID":"Allstar","img":{"data":{"file":{"file":{"path":"images\\ui\\run_mods\\all_star.png"},"type":"Internal"},"width":64,"height":64,"format":"RGBA8888","useMipMaps":false,"isPrepared":false},"glTarget":3553,"glHandle":684,"minFilter":"Linear","magFilter":"Linear","uWrap":"ClampToEdge","vWrap":"ClampToEdge"},"positive":true},{"name":"Lethal Enemies","description":"All enemies start with +3 Strength.","modID":"Lethal Enemies","img":{"data":{"file":{"file":{"path":"images\\ui\\run_mods\\lethal_enemies.png"},"type":"Internal"},"width":64,"height":64,"format":"RGBA8888","useMipMaps":false,"isPrepared":false},"glTarget":3553,"glHandle":675,"minFilter":"Linear","magFilter":"Linear","uWrap":"ClampToEdge","vWrap":"ClampToEdge"},"positive":false},{"name":"Elite Swarm","description":"Elite enemies are swarming the Spire.","modID":"Elite Swarm","img":{"data":{"file":{"file":{"path":"images\\ui\\run_mods\\elite_swarm.png"},"type":"Internal"},"width":64,"height":64,"format":"RGBA8888","useMipMaps":false,"isPrepared":false},"glTarget":3553,"glHandle":674,"minFilter":"Linear","magFilter":"Linear","uWrap":"ClampToEdge","vWrap":"ClampToEdge"},"positive":false},{"name":"Restless Journey","description":"You no longer heal when entering new acts.","modID":"Restless Journey","img":{"data":{"file":{"file":{"path":"images\\ui\\run_mods\\restless_journey.png"},"type":"Internal"},"width":64,"height":64,"format":"RGBA8888","useMipMaps":false,"isPrepared":false},"glTarget":3553,"glHandle":676,"minFilter":"Linear","magFilter":"Linear","uWrap":"ClampToEdge","vWrap":"ClampToEdge"},"positive":false}],"is_prod":false,"is_daily":true,"is_ascension_mode":false,"campfire_upgraded":1,"timestamp":1520114435,"path_taken":["M","?","?","$","?","R","M","M","T","$","M","?","?","M"],"build_version":"2018-03-01-PROD1","purchased_purges":1,"victory":false,"master_deck":["Defend_G","Defend_G","Defend_G","Defend_G","Defend_G","Strike_G","Strike_G","Strike_G","Survivor","Neutralize","Dark Shackles","Purity","Noxious Fumes+1","Backflip","Outmaneuver","Deflect","Well Laid Plans","Calculated Gamble","Backflip","Bouncing Flask"],"max_hp_per_floor":[70,70,70,70,70,70,70,70,70,70,70,70,70],"relics":["Ring of the Snake","Molten Egg 2","Juzu Bracelet"],"card_choices":[{"not_picked":["Slice","PiercingWail"],"picked":"Outmaneuver"},{"not_picked":["Backflip","Cloak And Dagger"],"picked":"Deflect"},{"not_picked":["Caltrops","Dagger Throw"],"picked":"Well Laid Plans"},{"not_picked":["Masterful Stab","Distraction"],"picked":"Backflip"}],"player_experience":196601,"potions_floor_usage":[7,11,11],"damage_taken":[{"damage":0,"enemies":"Small Slimes","floor":1,"turns":4},{"damage":0,"enemies":"Cultist","floor":5,"turns":7},{"damage":0,"enemies":"2 Louse","floor":7,"turns":2},{"damage":55,"enemies":"Gremlin Gang","floor":8,"turns":4},{"damage":0,"enemies":"3 Louse","floor":11,"turns":5},{"damage":22,"enemies":"Lots of Slimes","floor":14,"turns":3}],"event_choices":[{"event_name":"The Lab","player_choice":"Got Potions","floor":2,"damage_taken":0},{"event_name":"Purifier","player_choice":"One Purge","floor":3,"damage_taken":0}],"boss_relics":[],"potions_floor_spawned":[5,8],"seed_played":"7095695899989429765","killed_by":"Lots of Slimes","ascension_level":0,"is_trial":false}