{"path_per_floor":["M","M","?","$","M","R","E","R","T","R","M","E","M","E","R","B",null,"M","M","$","M","?","R","E","R","T","R","M","M","R","M","R","B",null,"M","M","?","?","?","E","R","M","T","R","$","M","M","M","R","B"],"character_chosen":"IRONCLAD","items_purchased":["Finesse","Reaper"],"gold_per_floor":[112,128,128,53,71,71,106,106,156,156,168,199,213,238,238,337,337,337,292,100,100,80,80,80,80,80,80,80,80,80,80,80,80,80,80,80,80,80,80,80,80,80,80,80,8,8,8,8,8,8],"floor_reached":51,"campfire_rested":1,"playtime":3064,"current_hp_per_floor":[42,45,29,29,61,61,25,25,25,49,55,49,59,74,74,74,96,95,90,90,93,93,93,84,84,84,84,88,94,94,101,101,68,112,109,102,88,88,88,57,67,81,81,91,91,103,103,98,108,80],"items_purged":["Bash","Defend_R"],"gold":8,"score":594,"play_id":"d1931bc4-707b-4361-9a31-284779c5da31","is_prod":false,"is_daily":false,"is_ascension_mode":false,"campfire_upgraded":11,"path_taken":["M","M","?","$","?","R","E","R","T","R","M","E","M","E","R","BOSS","M","M","$","M","?","R","E","R","T","R","M","?","R","?","R","BOSS","M","M","?","?","?","E","R","M","T","R","$","?","M","M","R","BOSS"],"build_version":"2018-02-12-PROD1","purchased_purges":2,"victory":true,"master_deck":["Strike_R","Strike_R+1","Strike_R","Strike_R","Defend_R+1","Defend_R+1","Cleave","Flame Barrier+1","Pommel Strike","Feed+1","Headbutt+1","Demon Form+1","Warcry+1","Finesse","Shrug It Off+1","Shrug It Off+1","Shockwave","Perfected Strike+1","True Grit+1","Double Tap+1","Perfected Strike+1","Madness","Madness","Clash","Body Slam+1","Reaper","Inflame","Evolve+1"],"max_hp_per_floor":[80,80,80,80,80,80,80,80,80,80,84,88,92,96,96,96,96,96,100,100,104,104,104,104,104,104,104,104,108,108,108,108,112,112,112,112,112,112,112,116,116,120,120,120,120,124,124,128,128,128],"relics":["Burning Blood","Magic Flower","Kunai","Vajra","Meat on the Bone","War Paint","Ectoplasm","Orichalcum","Paper Frog","Eternal Feather","Torii","Bronze Scales"],"card_choices":[{"not_picked":["Armaments","Burning Pact"],"picked":"Cleave"},{"not_picked":["Warcry","Corruption"],"picked":"Flame Barrier"},{"not_picked":["Metallicize","Dual Wield"],"picked":"Pommel Strike"},{"not_picked":["Body Slam","Sword Boomerang"],"picked":"Feed"},{"not_picked":["Searing Blow","Sword Boomerang"],"picked":"Headbutt"},{"not_picked":["Limit Break","Dark Embrace"],"picked":"Demon Form"},{"not_picked":["Cleave","Armaments"],"picked":"Warcry"},{"not_picked":["Rampage","Sever Soul"],"picked":"Shrug It Off"},{"not_picked":["Iron Wave","Anger"],"picked":"Shrug It Off"},{"not_picked":["Entrench","Havoc"],"picked":"Shockwave"},{"not_picked":["Fire Breathing","Sentinel"],"picked":"Perfected Strike"},{"not_picked":["Warcry","Armaments"],"picked":"True Grit"},{"not_picked":["Demon Form","Dark Embrace"],"picked":"Double Tap"},{"not_picked":["Pommel Strike","Thunderclap"],"picked":"Perfected Strike"},{"not_picked":["Flex","Rupture"],"picked":"Body Slam"},{"not_picked":["Iron Wave","Rampage"],"picked":"Inflame"},{"not_picked":["Exhume","Reckless Charge"],"picked":"Evolve"}],"player_experience":110424,"potions_floor_usage":[5,14,14,16,24,33,50,50,50],"damage_taken":[{"damage":7,"enemies":"Cultist","floor":1,"turns":5},{"damage":6,"enemies":"2 Louse","floor":2,"turns":3},{"damage":2,"enemies":"Blue Slaver","floor":5,"turns":6},{"damage":45,"enemies":"Lagavulin","floor":7,"turns":10},{"damage":9,"enemies":"2 Fungi Beasts","floor":11,"turns":5},{"damage":21,"enemies":"Gremlin Nob","floor":12,"turns":5},{"damage":5,"enemies":"Red Slaver","floor":13,"turns":2},{"damage":18,"enemies":"Lagavulin","floor":14,"turns":6},{"damage":9,"enemies":"Slime Boss","floor":16,"turns":8},{"damage":10,"enemies":"Chosen","floor":18,"turns":4},{"damage":20,"enemies":"2 Thieves","floor":19,"turns":4},{"damage":12,"enemies":"Centurion and Healer","floor":21,"turns":7},{"damage":18,"enemies":"Book of Stabbing","floor":24,"turns":6},{"damage":5,"enemies":"Snake Plant","floor":28,"turns":3},{"damage":9,"enemies":"Slaver and Parasite","floor":29,"turns":6},{"damage":2,"enemies":"Snecko","floor":31,"turns":3},{"damage":48,"enemies":"Automaton","floor":33,"turns":12},{"damage":12,"enemies":"Orb Walker","floor":35,"turns":4},{"damage":16,"enemies":"3 Shapes","floor":36,"turns":5},{"damage":64,"enemies":"2 Orb Walkers","floor":40,"turns":7},{"damage":1,"enemies":"Sphere and 2 Shapes","floor":42,"turns":6},{"damage":27,"enemies":"4 Shapes","floor":46,"turns":6},{"damage":20,"enemies":"Maw","floor":47,"turns":5},{"damage":41,"enemies":"Sphere and 2 Shapes","floor":48,"turns":6},{"damage":89,"enemies":"Awakened One","floor":50,"turns":11}],"event_choices":[{"event_name":"Shining Light","player_choice":"Entered Light","floor":3,"damage_taken":0},{"event_name":"The Woman in Blue","player_choice":"Bought 1 Potion","floor":22,"damage_taken":0},{"event_name":"Winding Halls","player_choice":"Embrace Madness","floor":37,"damage_taken":0},{"event_name":"Transmorgrifier","player_choice":"Transform","floor":39,"damage_taken":0}],"boss_relics":[{"not_picked":["Black Star","White Beast Statue"],"picked":"Ectoplasm"},{"not_picked":["Question Card","Runic Cube"],"picked":"Eternal Feather"}],"potions_floor_spawned":[2,7,12,13,14,21,31,33,36,40],"seed_played":"1580817256640469389","ascension_level":0,"is_trial":false}