{"gold_per_floor":[114,134,134,146,43,72,84,171,183,226,265,296,308,320,332,344],"floor_reached":16,"playtime":867,"items_purged":[],"score":130,"play_id":"c09508b2-b412-444f-b265-2d12f6f659ad","local_time":"20180801001521","is_ascension_mode":true,"campfire_choices":[{"floor":7,"key":"REST"},{"floor":13,"key":"REST"},{"data":"Auto Shields","floor":15,"key":"SMITH"}],"neow_cost":"NONE","seed_source_timestamp":627908554078015,"circlet_count":0,"master_deck":["Strike_B","Strike_B","Strike_B","Strike_B","Defend_B","Defend_B","Defend_B","Defend_B","Zap+1","Dualcast","Scrape","Sweeping Beam","Leap","Auto Shields+1","Compile Driver","Coolheaded"],"relics":["Cracked Core","Anchor","MawBank","Question Card","Mummified Hand","Odd Mushroom"],"potions_floor_usage":[6,6,16,16],"damage_taken":[{"damage":2,"enemies":"Jaw Worm","floor":1,"turns":3},{"damage":5,"enemies":"Small Slimes","floor":2,"turns":3},{"damage":0,"enemies":"2 Louse","floor":4,"turns":2},{"damage":30,"enemies":"Lagavulin","floor":6,"turns":5},{"damage":17,"enemies":"3 Sentries","floor":10,"turns":6},{"damage":13,"floor":11,"turns":4},{"damage":0,"enemies":"Exordium Wildlife","floor":12,"turns":3},{"damage":54,"enemies":"Hexaghost","floor":16,"turns":11}],"seed_played":"2676815154565586768","potions_obtained":[{"floor":1,"key":"AttackPotion"},{"floor":10,"key":"SteroidPotion"},{"floor":11,"key":"PowerPotion"},{"floor":12,"key":"Regen Potion"}],"is_trial":false,"path_per_floor":["M","M","?","M","$","E","R","?","T","E","?","M","R","?","R"],"character_chosen":"DEFECT","items_purchased":["Fruit Juice"],"campfire_rested":2,"item_purchase_floors":[5],"current_hp_per_floor":[73,68,50,50,50,25,49,38,38,21,8,8,32,32,32,0],"gold":344,"neow_bonus":"UPGRADE_CARD","is_prod":false,"is_daily":false,"chose_seed":false,"campfire_upgraded":1,"win_rate":0,"timestamp":1533046521,"path_taken":["M","M","?","M","$","E","R","?","T","E","?","M","R","?","R","BOSS"],"build_version":"2018-07-26","purchased_purges":0,"victory":false,"max_hp_per_floor":[75,75,75,75,75,80,80,80,80,80,80,80,80,80,80,80],"card_choices":[{"not_picked":["Sweeping Beam","Coolheaded"],"picked":"Scrape","floor":1},{"not_picked":["Barrage","Stack"],"picked":"Sweeping Beam","floor":2},{"not_picked":["Barrage","Lockon","Turbo"],"picked":"SKIP","floor":4},{"not_picked":["Beam Cell","Chaos"],"picked":"Leap","floor":6},{"not_picked":["Blizzard","Machine Learning","Rip and Tear"],"picked":"Auto Shields","floor":10},{"not_picked":["Leap","Reinforced Body","Turbo"],"picked":"Compile Driver","floor":11},{"not_picked":["Sweeping Beam","Hologram","Biased Cognition"],"picked":"Coolheaded","floor":12}],"player_experience":306594,"relics_obtained":[{"floor":6,"key":"MawBank"},{"floor":9,"key":"Question Card"},{"floor":10,"key":"Mummified Hand"},{"floor":11,"key":"Odd Mushroom"}],"event_choices":[{"event_name":"Scrap Ooze","player_choice":"success","floor":3,"damage_taken":18},{"event_name":"World of Goop","player_choice":"Gather Gold","floor":8,"damage_taken":0},{"event_name":"Mushrooms","player_choice":"Fought Mushrooms","floor":11,"damage_taken":0},{"event_name":"The Woman in Blue","player_choice":"Bought 0 Potions","floor":14,"damage_taken":0}],"is_beta":false,"boss_relics":[],"items_purged_floors":[],"is_endless":false,"potions_floor_spawned":[1,10,11,12],"killed_by":"Hexaghost","ascension_level":4}