{"gold_per_floor":[117,131,5,25,41,41,69,87,87,87,119,129,129,15,15,111,111,124,43,62,62,86,129,155,182,240,271,283,309,356,467,479,491],"floor_reached":33,"playtime":4249,"items_purged":[],"score":299,"play_id":"40ca6a3a-78d6-4d43-86c1-673db7a043ef","local_time":"20180722224958","is_ascension_mode":false,"campfire_choices":[{"data":"Uppercut","floor":6,"key":"SMITH"},{"floor":13,"key":"REST"},{"data":"Dramatic Entrance","floor":15,"key":"SMITH"},{"floor":32,"key":"REST"}],"neow_cost":"","seed_source_timestamp":926812915064543,"circlet_count":0,"master_deck":["Strike_R","Strike_R+1","Strike_R","Strike_R","Strike_R","Defend_R","Defend_R","Defend_R+1","Defend_R","Bash","Anger","Cleave","Flash of Steel","Uppercut+1","Pommel Strike","Ghostly Armor","Headbutt","Metallicize","Headbutt","Hemokinesis","Dramatic Entrance+1","Armaments","Reaper","Clash","Rampage","Searing Blow+1","Writhe","Berserk","Shockwave","Anger+1","Clash","Perfected Strike","Perfected Strike+1"],"relics":["Burning Blood","Ancient Tea Set","Blood Vial","Lantern","Velvet Choker","Mercury Hourglass","MawBank","Ornamental Fan","Centennial Puzzle","Molten Egg 2"],"potions_floor_usage":[12,16,16],"damage_taken":[{"damage":3,"enemies":"Small Slimes","floor":1,"turns":3},{"damage":2,"enemies":"2 Louse","floor":2,"turns":3},{"damage":6,"enemies":"Jaw Worm","floor":4,"turns":2},{"damage":2,"enemies":"Looter","floor":5,"turns":3},{"damage":5,"enemies":"Gremlin Nob","floor":7,"turns":4},{"damage":15,"enemies":"Gremlin Gang","floor":8,"turns":3},{"damage":13,"enemies":"3 Sentries","floor":11,"turns":5},{"damage":5,"enemies":"3 Louse","floor":12,"turns":2},{"damage":54,"enemies":"The Guardian","floor":16,"turns":9},{"damage":5,"enemies":"Shell Parasite","floor":18,"turns":4},{"damage":15,"enemies":"2 Thieves","floor":20,"turns":3},{"damage":31,"enemies":"Slavers","floor":23,"turns":3},{"damage":25,"enemies":"Snecko","floor":24,"turns":5},{"damage":9,"enemies":"3 Cultists","floor":25,"turns":3},{"damage":13,"enemies":"Sentry and Sphere","floor":27,"turns":4},{"damage":9,"enemies":"Chosen and Byrds","floor":29,"turns":3},{"damage":43,"enemies":"Book of Stabbing","floor":30,"turns":5},{"damage":62,"enemies":"Champ","floor":33,"turns":8}],"seed_played":"2127721539785652946","potions_obtained":[{"floor":1,"key":"BloodPotion"},{"floor":5,"key":"Fire Potion"},{"floor":8,"key":"GamblersBrew"},{"floor":11,"key":"Weak Potion"},{"floor":20,"key":"Explosive Potion"},{"floor":24,"key":"Energy Potion"},{"floor":29,"key":"GamblersBrew"}],"is_trial":false,"path_per_floor":["M","M","$","M","M","R","E","M","T","?","E","M","R","$","R","B",null,"M","$","M","?","T","E","M","M","T","M","?","M","E","?","R"],"character_chosen":"IRONCLAD","items_purchased":["Flash of Steel","Uppercut","Dramatic Entrance","Armaments","Rampage"],"campfire_rested":2,"item_purchase_floors":[3,3,14,14,19],"current_hp_per_floor":[80,80,80,80,80,80,80,71,71,55,50,61,80,80,80,32,80,80,80,71,71,71,48,37,36,36,31,57,56,21,21,45,0],"gold":491,"neow_bonus":"","is_prod":false,"is_daily":false,"chose_seed":false,"campfire_upgraded":2,"win_rate":0.0,"timestamp":1532263798,"path_taken":["M","M","$","M","M","R","E","M","T","?","E","M","R","$","R","BOSS","M","$","M","?","?","E","M","M","T","?","?","M","E","?","R","BOSS"],"build_version":"2018-07-19v2","purchased_purges":0,"victory":false,"max_hp_per_floor":[80,80,80,80,80,80,80,80,80,80,80,80,80,80,80,80,80,80,80,80,80,80,80,80,80,80,80,80,80,80,80,80,80],"card_choices":[{"not_picked":["Rupture","Headbutt"],"picked":"Anger","floor":1},{"not_picked":["Shrug It Off","Warcry"],"picked":"Cleave","floor":2},{"not_picked":["Intimidate","Flex"],"picked":"Pommel Strike","floor":4},{"not_picked":["Dropkick","Armaments"],"picked":"Ghostly Armor","floor":5},{"not_picked":["Sword Boomerang","Pommel Strike"],"picked":"Headbutt","floor":7},{"not_picked":["Infernal Blade","Rage"],"picked":"Metallicize","floor":8},{"not_picked":["Pommel Strike","Anger"],"picked":"Headbutt","floor":11},{"not_picked":["Power Through","Dual Wield"],"picked":"Hemokinesis","floor":12},{"not_picked":["Dark Embrace","Impervious"],"picked":"Reaper","floor":16},{"not_picked":["Shrug It Off","True Grit"],"picked":"Clash","floor":18},{"not_picked":["Pummel","Sword Boomerang"],"picked":"Searing Blow+1","floor":20},{"not_picked":["Body Slam","Pummel"],"picked":"Berserk","floor":23},{"not_picked":["Anger","Carnage"],"picked":"Shockwave","floor":24},{"not_picked":["Headbutt","Armaments"],"picked":"Anger+1","floor":25},{"not_picked":["Flex","Shockwave"],"picked":"Clash","floor":27},{"not_picked":["Shrug It Off","Power Through"],"picked":"Perfected Strike","floor":29},{"not_picked":["Armaments+1","Rampage"],"picked":"Perfected Strike","floor":30}],"player_experience":0,"relics_obtained":[{"floor":7,"key":"Ancient Tea Set"},{"floor":9,"key":"Blood Vial"},{"floor":11,"key":"Lantern"},{"floor":22,"key":"MawBank"},{"floor":23,"key":"Ornamental Fan"},{"floor":26,"key":"Centennial Puzzle"},{"floor":30,"key":"Molten Egg 2"}],"event_choices":[{"event_name":"Shining Light","player_choice":"Entered Light","floor":10,"damage_taken":0},{"event_name":"The Mausoleum","player_choice":"Yes","floor":21,"damage_taken":0},{"event_name":"The Library","player_choice":"Heal","floor":28,"damage_taken":0},{"event_name":"Nest","player_choice":"Stole From Cult","floor":31,"damage_taken":0}],"is_beta":false,"boss_relics":[{"not_picked":["Runic Cube","Runic Dome"],"picked":"Velvet Choker"}],"items_purged_floors":[],"is_endless":false,"potions_floor_spawned":[1,5,8,11,20,24,29],"killed_by":"Champ","ascension_level":0}