{"gold_per_floor":[119,119,129,229,247,247,281,281,281,295,306,320,320,334,334,436,436,451,224,244,36,51,51,51,51,107,107,117,135,135,150,150,247,247,257,268,283,298,318,318,328,56,56,86,86,114,114,140,152,164],"floor_reached":50,"playtime":4317,"items_purged":["Aggregate","Strike_B"],"score":565,"play_id":"310f8c34-1987-4d67-bb34-f14e28a190f2","local_time":"20190415210253","is_ascension_mode":true,"campfire_choices":[{"data":"White Noise","floor":6,"key":"SMITH"},{"floor":8,"key":"REST"},{"data":"Zap","floor":13,"key":"SMITH"},{"data":"Redo","floor":15,"key":"SMITH"},{"data":"Electrodynamics","floor":23,"key":"SMITH"},{"data":"Static Discharge","floor":25,"key":"SMITH"},{"data":"Dualcast","floor":27,"key":"SMITH"},{"floor":30,"key":"REST"},{"data":"Force Field","floor":32,"key":"SMITH"},{"floor":40,"key":"REST"},{"floor":45,"key":"REST"},{"floor":47,"key":"REST"},{"floor":49,"key":"REST"}],"neow_cost":"PERCENT_DAMAGE","seed_source_timestamp":12320039750355,"circlet_count":0,"master_deck":["Strike_B","Strike_B","Defend_B","Defend_B","Defend_B","Defend_B","Zap+1","Dualcast+1","Dramatic Entrance","Purity","Conserve Battery","White Noise+1","Chill","Hologram","Redo+1","Steam","Electrodynamics+1","Ball Lightning+1","Force Field+1","Static Discharge+1","Flash of Steel","Glacier+1","Conserve Battery","Seek","Sunder+1","Reprogram+1","Cold Snap+1","Auto Shields","Cold Snap","Apotheosis","All For One","Double Energy","Buffer"],"relics":["Cracked Core","FossilizedHelix","Emotion Chip","Cursed Key","Omamori","Medical Kit","Tiny Chest","Sozu","The Courier","Juzu Bracelet","Pen Nib","MawBank"],"potions_floor_usage":[16,16,33,33,50],"damage_taken":[{"damage":6,"enemies":"Jaw Worm","floor":1,"turns":3},{"damage":5,"enemies":"Cultist","floor":3,"turns":4},{"damage":2,"enemies":"2 Louse","floor":5,"turns":2},{"damage":19,"enemies":"Lagavulin","floor":7,"turns":6},{"damage":0,"enemies":"Gremlin Gang","floor":10,"turns":4},{"damage":0,"enemies":"Lots of Slimes","floor":11,"turns":2},{"damage":5,"enemies":"Large Slime","floor":12,"turns":9},{"damage":0,"enemies":"Red Slaver","floor":14,"turns":4},{"damage":13,"enemies":"Slime Boss","floor":16,"turns":13},{"damage":10,"enemies":"Spheric Guardian","floor":18,"turns":4},{"damage":13,"enemies":"2 Thieves","floor":20,"turns":3},{"damage":0,"enemies":"3 Cultists","floor":22,"turns":2},{"damage":9,"enemies":"Shelled Parasite and Fungi","floor":28,"turns":5},{"damage":13,"enemies":"Snecko","floor":29,"turns":6},{"damage":1,"enemies":"Cultist and Chosen","floor":31,"turns":5},{"damage":55,"enemies":"Collector","floor":33,"turns":12},{"damage":9,"enemies":"3 Darklings","floor":35,"turns":2},{"damage":5,"enemies":"3 Shapes","floor":36,"turns":4},{"damage":24,"enemies":"Transient","floor":37,"turns":5},{"damage":0,"enemies":"Sphere and 2 Shapes","floor":38,"turns":4},{"damage":2,"enemies":"Jaw Worm Horde","floor":39,"turns":4},{"damage":17,"enemies":"Writhing Mass","floor":41,"turns":5},{"damage":4,"enemies":"Reptomancer","floor":44,"turns":5},{"damage":25,"enemies":"Giant Head","floor":46,"turns":10},{"damage":23,"enemies":"Nemesis","floor":48,"turns":5},{"damage":62,"enemies":"Awakened One","floor":50,"turns":11}],"seed_played":"-1311471899709764938","potions_obtained":[{"floor":3,"key":"FearPotion"},{"floor":7,"key":"SpeedPotion"},{"floor":11,"key":"Explosive Potion"},{"floor":12,"key":"PowerPotion"},{"floor":18,"key":"Ancient Potion"},{"floor":22,"key":"Regen Potion"}],"is_trial":false,"path_per_floor":["?","M","?","M","M","?","M"],"character_chosen":"DEFECT","items_purchased":["Omamori","Medical Kit","Apotheosis"],"campfire_rested":6,"item_purchase_floors":[19,21,42],"current_hp_per_floor":[48,48,43,43,41,41,22,44,44,44,44,39,39,39,39,26,75,65,65,52,52,52,52,52,52,52,52,43,30,52,51,51,8,75,66,61,37,37,35,57,40,40,40,36,58,33,55,32,54,0],"gold":164,"neow_bonus":"RANDOM_COLORLESS_2","is_prod":false,"is_daily":false,"chose_seed":false,"campfire_upgraded":7,"win_rate":0,"timestamp":1555376573,"path_taken":["M","?","?","?","M","R","E","R","T","M","?","M","R","M","R","BOSS","M","$","M","$","?","R","?","R","T","R","M","M","R","M","R","BOSS","M","M","M","?","M","R","M","$","T","E","R","E","R","E","R","BOSS"],"build_version":"2019-01-23","purchased_purges":2,"victory":false,"max_hp_per_floor":[75,75,75,75,75,75,75,75,75,75,75,75,75,75,75,75,75,75,75,75,75,75,75,75,75,75,75,75,75,75,75,75,75,75,75,75,75,75,75,75,75,75,75,75,75,75,75,75,75,75],"card_choices":[{"not_picked":["Stack","Darkness"],"picked":"Aggregate","floor":1},{"not_picked":["Turbo","Undo"],"picked":"Conserve Battery","floor":3},{"not_picked":["Sweeping Beam","Go for the Eyes"],"picked":"White Noise","floor":5},{"not_picked":["Force Field","Conserve Battery"],"picked":"Chill","floor":7},{"not_picked":["Blizzard","Consume"],"picked":"Hologram","floor":10},{"not_picked":["Rebound","Barrage","Go for the Eyes"],"picked":"SKIP","floor":11},{"not_picked":["Recycle","Stack"],"picked":"Redo","floor":12},{"not_picked":["Steam Power","Barrage"],"picked":"Steam","floor":14},{"not_picked":["Core Surge","Machine Learning"],"picked":"Electrodynamics","floor":16},{"not_picked":["Beam Cell+1","Hello World"],"picked":"Ball Lightning+1","floor":18},{"not_picked":["Ball Lightning","Beam Cell"],"picked":"Force Field","floor":20},{"not_picked":["Blizzard+1","Sweeping Beam"],"picked":"Static Discharge","floor":22},{"not_picked":["Conserve Battery","Double Energy"],"picked":"Glacier+1","floor":28},{"not_picked":["Stack","Reinforced Body","Meteor Strike"],"picked":"SKIP","floor":29},{"not_picked":["Hologram","Capacitor"],"picked":"Conserve Battery","floor":31},{"not_picked":["Biased Cognition","All For One"],"picked":"Seek","floor":33},{"not_picked":["Ball Lightning","Coolheaded+1"],"picked":"Sunder+1","floor":35},{"not_picked":["Rebound","Consume"],"picked":"Reprogram+1","floor":36},{"not_picked":["White Noise","Compile Driver+1"],"picked":"Cold Snap+1","floor":37},{"not_picked":["Go for the Eyes","Ball Lightning"],"picked":"Auto Shields","floor":38},{"not_picked":["Recycle","Streamline+1","Undo+1"],"picked":"SKIP","floor":39},{"not_picked":["Turbo","Go for the Eyes"],"picked":"Cold Snap","floor":41},{"not_picked":["Sweeping Beam+1","Compile Driver+1"],"picked":"All For One","floor":44},{"not_picked":["Rebound","Coolheaded+1"],"picked":"Double Energy","floor":46},{"not_picked":["Ball Lightning","Lockon+1"],"picked":"Buffer","floor":48}],"player_experience":161396,"relics_obtained":[{"floor":7,"key":"FossilizedHelix"},{"floor":9,"key":"Emotion Chip"},{"floor":26,"key":"Tiny Chest"},{"floor":43,"key":"The Courier"},{"floor":44,"key":"Juzu Bracelet"},{"floor":46,"key":"Pen Nib"},{"floor":48,"key":"MawBank"}],"event_choices":[{"cards_removed":["Strike_B"],"damage_healed":0,"gold_gain":0,"player_choice":"Purged","damage_taken":0,"max_hp_gain":0,"max_hp_loss":0,"event_name":"Purifier","floor":2,"gold_loss":0},{"damage_healed":0,"gold_gain":100,"player_choice":"Pray","damage_taken":0,"max_hp_gain":0,"max_hp_loss":0,"event_name":"Golden Shrine","floor":4,"gold_loss":0},{"damage_healed":0,"gold_gain":0,"player_choice":"1 cards matched","damage_taken":0,"max_hp_gain":0,"max_hp_loss":0,"event_name":"Match and Keep!","floor":24,"gold_loss":0,"cards_obtained":["Flash of Steel"]}],"is_beta":false,"boss_relics":[{"not_picked":["White Beast Statue","Snecko Eye"],"picked":"Cursed Key"},{"not_picked":["Tiny House","Astrolabe"],"picked":"Sozu"}],"items_purged_floors":[19,42],"is_endless":false,"potions_floor_spawned":[3,7,11,12,18,22,37,38,39,41,48],"killed_by":"Awakened One","ascension_level":1}