{"gold_per_floor":[362,11,11,23,23,23,33,33,85,102,102,114,114,114,114,185,185,204,216,242,259,270,270,287,287,361,261,261,274,274,149,149,226,226,241,261,276,296,296,296,324,324,349,349,449,80,107,107,107,107],"floor_reached":51,"playtime":13149,"items_purged":["Strike_Br","Strike_Br","Defend_Br","Defend_Br"],"score":1129,"play_id":"1f0cd88e-dd1e-4178-9ec7-e77413b74cc7","local_time":"20190113004110","is_ascension_mode":true,"campfire_choices":[{"data":"HandsUp","floor":6.0,"key":"SMITH"},{"data":"Goo","floor":8.0,"key":"SMITH"},{"data":"SecondHand","floor":11.0,"key":"SMITH"},{"data":"EscortCommand","floor":13.0,"key":"SMITH"},{"data":"LockedTornado","floor":15.0,"key":"SMITH"},{"data":"Fragmentalize","floor":23.0,"key":"SMITH"},{"data":"PatternShift","floor":28.0,"key":"SMITH"},{"data":"LockedUrn","floor":30.0,"key":"SMITH"},{"data":"LockedAnchor","floor":32.0,"key":"SMITH"},{"data":"LockedAnchor","floor":40.0,"key":"SMITH"},{"data":"LockedBlood","floor":42.0,"key":"SMITH"},{"data":"LockedFlame","floor":44.0,"key":"SMITH"},{"floor":49.0,"key":"REST"}],"neow_cost":"TEN_PERCENT_HP_LOSS","seed_source_timestamp":0,"circlet_count":0,"master_deck":["AscendersBane","Defend_Br","SecondHand+1","PatternShift+1","LockedTornado+1","LockedUrn+1","HandsUp+1","EscortCommand+1","Goo+5","LockedBlood+1","LockedAnchor+1","Fragmentalize+1","HandsUp+1","LockedMedicine+1","LockedFlame+1","MasterKey+1","LockedLightning+1","Pendulum+1","LockedAnchor+1","LockedAnchor+1","LockedOrichalcum","LockedBlood"],"special_seed":0,"relics":["Chronometer","SpringShield","Bag of Marbles","Metronome","Red Mask","halation:SelfBoilingWater","Astrolabe","Juzu Bracelet","Strawberry","Shovel","Letter Opener"],"potions_floor_usage":[50,50],"damage_taken":[{"damage":3.0,"enemies":"Cultist","floor":1.0,"turns":5.0},{"damage":30.0,"enemies":"Jaw Worm","floor":4.0,"turns":7.0},{"damage":3.0,"enemies":"Small Slimes","floor":7.0,"turns":7.0},{"damage":0.0,"enemies":"Looter","floor":10.0,"turns":4.0},{"damage":10.0,"enemies":"Exordium Wildlife","floor":12.0,"turns":8.0},{"damage":11.0,"enemies":"Hexaghost","floor":16.0,"turns":19.0},{"damage":0.0,"enemies":"Chosen","floor":18.0,"turns":4.0},{"damage":2.0,"enemies":"Spheric Guardian","floor":19.0,"turns":3.0},{"damage":0.0,"enemies":"Masked Bandits","floor":20.0,"turns":1.0},{"damage":0.0,"enemies":"Centurion and Healer","floor":21.0,"turns":3.0},{"damage":13.0,"enemies":"Snake Plant","floor":22.0,"turns":6.0},{"damage":0.0,"enemies":"Cultist and Chosen","floor":24.0,"turns":3.0},{"damage":4.0,"enemies":"Shelled Parasite and Fungi","floor":29.0,"turns":2.0},{"damage":45.0,"enemies":"Champ","floor":33.0,"turns":17.0},{"damage":0.0,"enemies":"Orb Walker","floor":35.0,"turns":3.0},{"damage":7.0,"enemies":"3 Shapes","floor":36.0,"turns":4.0},{"damage":28.0,"enemies":"Spire Growth","floor":37.0,"turns":4.0},{"damage":1.0,"enemies":"3 Darklings","floor":38.0,"turns":2.0},{"damage":4.0,"enemies":"Nemesis","floor":41.0,"turns":4.0},{"damage":4.0,"enemies":"Mind Bloom Boss Battle","floor":45.0,"turns":4.0},{"damage":74.0,"enemies":"Giant Head","floor":47.0,"turns":12.0},{"damage":37,"enemies":"Donu and Deca","floor":50,"turns":7}],"seed_played":"5816140664406305154","potions_obtained":[{"floor":4.0,"key":"SkillPotion"},{"floor":14.0,"key":"Fruit Juice"},{"floor":14.0,"key":"PowerPotion"},{"floor":16.0,"key":"Energy Potion"},{"floor":24.0,"key":"Dexterity Potion"},{"floor":33.0,"key":"LiquidBronze"},{"floor":36.0,"key":"Energy Potion"},{"floor":45.0,"key":"SkillPotion"},{"floor":47.0,"key":"Swift Potion"}],"is_trial":false,"path_per_floor":["M","$","?","M","$","R","M","R","T","M","R","M","R","?","R","B",null,"M","M","?","M","M","R","M","?","T","$","R","M","R","$","R","B",null,"M","M","M","M","?","R","E","R","T","R","?","$","E","?","R","B",null],"character_chosen":"CHRONO_CLASS","items_purchased":["LockedUrn","SpringShield","HandsUp","Fruit Juice","GamblersBrew","LockedBlood"],"campfire_rested":1,"item_purchase_floors":[2,2,2,46,46,46],"current_hp_per_floor":[53,53,53,23,23,23,20,20,20,20,20,18,18,18,18,15,46,54,56,56,56,47,47,58,58,58,58,58,56,56,56,56,22,51,61,57,38,43,43,43,47,47,54,54,65,70,31,31,52,39],"gold":107,"neow_bonus":"TWO_FIFTY_GOLD","is_prod":false,"is_daily":false,"chose_seed":false,"campfire_upgraded":12,"win_rate":0,"timestamp":1547336470,"path_taken":["M","$","?","M","?","R","M","R","T","M","R","M","R","?","R","BOSS","M","?","?","M","M","R","M","?","T","$","R","M","R","$","R","BOSS","M","M","M","M","?","R","E","R","T","R","?","$","E","?","R","BOSS"],"build_version":"2019-01-10","purchased_purges":4,"victory":true,"max_hp_per_floor":[56,56,56,56,56,56,56,56,56,56,56,56,56,56,56,56,56,56,56,56,56,56,56,61,61,61,61,61,61,61,61,61,61,61,61,61,61,61,58,58,58,58,65,65,65,70,70,70,70,70],"card_choices":[{"not_picked":["AlternateTimeline","Parity"],"picked":"LockedTornado","floor":1.0},{"not_picked":["LockedMedicine","Stagnate"],"picked":"EscortCommand","floor":4.0},{"not_picked":["AlternateTimeline","Echoward"],"picked":"Goo","floor":7.0},{"not_picked":["Fragmentalize","BlueShift"],"picked":"LockedBlood","floor":10.0},{"not_picked":["BiteCommand","HandsUp"],"picked":"LockedAnchor","floor":12.0},{"not_picked":["Facsimile","LockedAstrolabe"],"picked":"Fragmentalize","floor":16.0},{"not_picked":["FormalWear+1","Echoward"],"picked":"HandsUp+1","floor":18.0},{"not_picked":["BiteCommand","Parity","CrunchTime"],"picked":"SKIP","floor":19.0},{"not_picked":["SharpShooter+1","Fragmentalize","Cuckoo"],"picked":"SKIP","floor":21.0},{"not_picked":["PrimeTime","Parity"],"picked":"LockedMedicine+1","floor":22.0},{"not_picked":["ExoVibe","RageCommand","WindUp"],"picked":"SKIP","floor":24.0},{"not_picked":["Tempo","Goo","ReapSow"],"picked":"SKIP","floor":29.0},{"not_picked":["Flay","MasterKey"],"picked":"LockedFlame","floor":33.0},{"not_picked":["ShortSighted","BlueShift"],"picked":"LockedAnchor+1","floor":35.0},{"not_picked":["Analog+1","Echoward","Keepsakes"],"picked":"SKIP","floor":36.0},{"not_picked":["Tempo+1","BlueShift","BiteCommand"],"picked":"SKIP","floor":37.0},{"not_picked":["WatchCommand","ReapSow+1"],"picked":"LockedAnchor","floor":38.0},{"not_picked":["OldTimer","Echoward"],"picked":"LockedOrichalcum","floor":41.0},{"not_picked":["LockedMercury","SlimeSpray","BiteCommand"],"picked":"SKIP","floor":47.0},{"not_picked":["LockedMercury","SlimeSpray","BiteCommand"],"picked":"SKIP","floor":47.0}],"player_experience":1001729,"relics_obtained":[{"floor":9.0,"key":"Bag of Marbles"},{"floor":20.0,"key":"Red Mask"},{"floor":26.0,"key":"halation:SelfBoilingWater"},{"floor":41.0,"key":"Juzu Bracelet"},{"floor":43.0,"key":"Strawberry"},{"floor":45.0,"key":"Shovel"},{"floor":47.0,"key":"Letter Opener"}],"event_choices":[{"damage_healed":0.0,"max_hp_gain":0.0,"max_hp_loss":0.0,"gold_gain":0.0,"event_name":"WeMeetAgain","player_choice":"Ignored","floor":3.0,"gold_loss":0.0,"damage_taken":0.0},{"damage_healed":0.0,"max_hp_gain":0.0,"max_hp_loss":0.0,"gold_gain":0.0,"event_name":"Lab","player_choice":"Got Potions","floor":14.0,"gold_loss":0.0,"damage_taken":0.0},{"damage_healed":0.0,"max_hp_gain":0.0,"max_hp_loss":0.0,"gold_gain":0.0,"event_name":"Masked Bandits","player_choice":"Fought Bandits","floor":20.0,"gold_loss":0.0,"damage_taken":0.0},{"damage_healed":0.0,"max_hp_gain":0.0,"max_hp_loss":0.0,"gold_gain":0.0,"event_name":"Cursed Tome","player_choice":"Ignored","floor":25.0,"gold_loss":0.0,"damage_taken":0.0},{"damage_healed":0.0,"max_hp_gain":0.0,"max_hp_loss":3.0,"gold_gain":0.0,"event_name":"Winding Halls","player_choice":"Max HP","floor":39.0,"gold_loss":0.0,"damage_taken":0.0},{"damage_healed":0.0,"max_hp_gain":0.0,"max_hp_loss":0.0,"gold_gain":0.0,"event_name":"MindBloom","player_choice":"Fight","floor":45.0,"gold_loss":0.0,"damage_taken":0.0},{"damage_healed":0.0,"max_hp_gain":0.0,"max_hp_loss":0.0,"gold_gain":0.0,"event_name":"SensoryStone","player_choice":"Memory 1","floor":48.0,"gold_loss":0.0,"damage_taken":0.0}],"is_beta":false,"boss_relics":[{"not_picked":["halation:MonkeysPaw","halation:Yufonium"],"picked":"Metronome"},{"not_picked":["halation:Risk","halation:PlatinumPhoenix"],"picked":"Astrolabe"}],"items_purged_floors":[2,27,31,46],"is_endless":false,"potions_floor_spawned":[4,16,20,21,24,33,36,41,45,47],"ascension_level":15}