{"gold_per_floor":[116,116,116,134,134,167,167,202,228,158,199,223,244,584,584,584],"floor_reached":16,"playtime":1582,"items_purged":[],"score":187,"play_id":"b57c8f4e-af64-4478-a018-843f86ec1ac5","local_time":"20190217232214","is_ascension_mode":true,"campfire_choices":[{"data":"Shrug It Off","floor":7,"key":"SMITH"},{"data":"True Grit","floor":15,"key":"SMITH"}],"neow_cost":"NONE","seed_source_timestamp":762896200168816,"circlet_count":0,"master_deck":["Strike_R","Strike_R","Strike_R+1","Strike_R","Strike_R","Defend_R","Defend_R","Defend_R","Defend_R","Bash","Shrug It Off+1","Battle Trance","Disarm","Body Slam+1","Entrench","True Grit+1"],"relics":["Burning Blood","NeowsBlessing","Bag of Marbles","Golden Idol","Thread and Needle","Kunai","Whetstone","FossilizedHelix","Old Coin"],"potions_floor_usage":[8,8,11],"damage_taken":[{"damage":0,"enemies":"Jaw Worm","floor":1,"turns":1},{"damage":0,"enemies":"2 Louse","floor":4,"turns":2},{"damage":0,"enemies":"Lagavulin","floor":6,"turns":2},{"damage":14,"enemies":"3 Sentries","floor":8,"turns":10},{"damage":0,"enemies":"Lagavulin","floor":11,"turns":7},{"damage":0,"enemies":"Small Slimes","floor":12,"turns":4},{"damage":0,"enemies":"Blue Slaver","floor":13,"turns":3},{"damage":4,"enemies":"3 Sentries","floor":14,"turns":11},{"damage":76,"enemies":"Hexaghost","floor":16,"turns":16}],"seed_played":"-5526421147775773286","potions_obtained":[{"floor":4,"key":"Poison Potion"},{"floor":6,"key":"LiquidBronze"},{"floor":8,"key":"Block Potion"}],"is_trial":false,"path_per_floor":["M","$","?","M","?","E","R","E","T","$","E","M","M","E","R","B"],"character_chosen":"IRONCLAD","items_purchased":["Entrench"],"campfire_rested":0,"item_purchase_floors":[10],"current_hp_per_floor":[80,80,77,80,74,74,74,66,66,66,72,74,74,74,74,0],"gold":584,"neow_bonus":"THREE_ENEMY_KILL","is_prod":false,"is_daily":false,"chose_seed":false,"campfire_upgraded":2,"win_rate":0,"timestamp":1550463734,"path_taken":["M","$","?","M","?","E","R","E","T","?","E","M","M","E","R","BOSS"],"build_version":"2019-01-23","purchased_purges":0,"victory":false,"max_hp_per_floor":[80,80,80,80,74,74,74,74,74,74,74,74,74,74,74,74],"card_choices":[{"not_picked":["Perfected Strike","Iron Wave"],"picked":"Shrug It Off","floor":1},{"not_picked":["Sever Soul","Pommel Strike"],"picked":"Battle Trance","floor":4},{"not_picked":["Heavy Blade","Clothesline"],"picked":"Disarm","floor":6},{"not_picked":["Havoc","True Grit"],"picked":"Body Slam","floor":8},{"not_picked":["Flex","Berserk","Iron Wave"],"picked":"SKIP","floor":11},{"not_picked":["Clash","Rage","Havoc"],"picked":"SKIP","floor":12},{"not_picked":["Battle Trance","Sword Boomerang","Perfected Strike"],"picked":"SKIP","floor":13},{"not_picked":["Cleave","Thunderclap"],"picked":"True Grit","floor":14}],"player_experience":801589,"relics_obtained":[{"floor":6,"key":"Thread and Needle"},{"floor":8,"key":"Kunai"},{"floor":9,"key":"Whetstone"},{"floor":11,"key":"FossilizedHelix"},{"floor":14,"key":"Old Coin"}],"event_choices":[{"damage_healed":0,"gold_gain":0,"player_choice":"Success","damage_taken":3,"relics_obtained":["Bag of Marbles"],"max_hp_gain":0,"max_hp_loss":0,"event_name":"Scrap Ooze","floor":3,"gold_loss":0},{"damage_healed":0,"gold_gain":0,"player_choice":"Lose Max HP","damage_taken":0,"relics_obtained":["Golden Idol"],"max_hp_gain":0,"max_hp_loss":6,"event_name":"Golden Idol","floor":5,"gold_loss":0}],"is_beta":false,"boss_relics":[],"items_purged_floors":[],"is_endless":false,"potions_floor_spawned":[4,6,8],"killed_by":"Hexaghost","ascension_level":1}