{"gold_per_floor":[119,130,146,146,157,157,22,22,22,33,108,108,122,138,138,239,239,259,277,155,165,176,176,176,192,192,192,92,111,111,111,111,111],"floor_reached":33,"playtime":1574,"items_purged":["Strike_R","Dark Embrace"],"score":241,"play_id":"7b412973-4dae-4b27-bb3b-6c734057833f","local_time":"20190310014154","is_ascension_mode":false,"campfire_choices":[{"data":"Bash","floor":6,"key":"SMITH"},{"data":"Panacea","floor":8,"key":"SMITH"},{"data":"Flex","floor":15,"key":"SMITH"},{"floor":23,"key":"REST"},{"floor":32,"key":"REST"}],"neow_cost":"NONE","seed_source_timestamp":6376806887947,"circlet_count":0,"master_deck":["Defend_R","Defend_R","Defend_R","Bash+1","Impervious+1","Body Slam+1","Headbutt+1","Armaments+1","Iron Wave","Panacea+1","Juggernaut","Flex+1","Whirlwind","Exhume","Body Slam","Metallicize"],"relics":["Astrolabe"],"potions_floor_usage":[16,16,22,22,25,33],"damage_taken":[{"damage":0,"enemies":"Cultist","floor":1,"turns":4},{"damage":0,"enemies":"Small Slimes","floor":2,"turns":3},{"damage":2,"enemies":"2 Louse","floor":3,"turns":3},{"damage":0,"enemies":"Looter","floor":5,"turns":1},{"damage":0,"enemies":"Blue Slaver","floor":10,"turns":3},{"damage":11,"enemies":"2 Fungi Beasts","floor":13,"turns":3},{"damage":12,"enemies":"3 Louse","floor":14,"turns":3},{"damage":10,"enemies":"Hexaghost","floor":16,"turns":7},{"damage":7,"enemies":"3 Byrds","floor":18,"turns":5},{"damage":6,"enemies":"Chosen","floor":19,"turns":5},{"damage":21,"enemies":"3 Cultists","floor":21,"turns":6},{"damage":14,"enemies":"Snake Plant","floor":22,"turns":3},{"damage":25,"enemies":"Chosen and Byrds","floor":25,"turns":5},{"damage":5,"enemies":"Cultist and Chosen","floor":29,"turns":6},{"damage":60,"enemies":"Collector","floor":33,"turns":9}],"seed_played":"8995043785998330764","potions_obtained":[{"floor":2,"key":"PowerPotion"},{"floor":3,"key":"SteroidPotion"},{"floor":5,"key":"LiquidBronze"},{"floor":19,"key":"LiquidBronze"},{"floor":22,"key":"Regen Potion"},{"floor":25,"key":"Explosive Potion"}],"is_trial":false,"path_per_floor":["M","M","M","?","M","R","$","R","T","M","?","$","M","M","R","B",null,"M","M","$","M","M","R","?","M","T","?","$","M","?","?","R","B"],"character_chosen":"IRONCLAD","items_purchased":["Iron Wave","Panacea","Body Slam"],"campfire_rested":2,"item_purchase_floors":[7,7,20],"current_hp_per_floor":[80,80,78,78,78,78,78,78,78,78,67,67,56,44,44,34,80,73,67,67,46,32,56,56,45,45,45,45,40,25,25,50,0],"gold":111,"neow_bonus":"BOSS_RELIC","is_prod":false,"is_daily":false,"chose_seed":false,"campfire_upgraded":3,"win_rate":0,"timestamp":1552200114,"path_taken":["M","M","?","?","M","R","$","R","T","M","?","$","M","M","R","BOSS","M","M","$","M","M","R","?","M","T","?","$","M","?","?","R","BOSS"],"build_version":"2019-01-23","purchased_purges":2,"victory":false,"max_hp_per_floor":[80,80,80,80,80,80,80,80,80,80,80,80,80,80,80,80,80,80,80,80,80,80,80,80,80,80,80,80,80,85,85,85,85],"card_choices":[{"not_picked":["Sever Soul","Dropkick"],"picked":"Armaments","floor":1},{"not_picked":["Searing Blow","Clash","Dropkick"],"picked":"SKIP","floor":2},{"not_picked":["Perfected Strike","Twin Strike","Uppercut"],"picked":"SKIP","floor":3},{"not_picked":["Pommel Strike","Perfected Strike","Twin Strike"],"picked":"SKIP","floor":5},{"not_picked":["Wild Strike","Armaments"],"picked":"Juggernaut","floor":10},{"not_picked":["Blood for Blood","Wild Strike"],"picked":"Flex","floor":13},{"not_picked":["Clash","Entrench"],"picked":"Whirlwind","floor":14},{"not_picked":["Impervious","Berserk"],"picked":"Exhume","floor":16},{"not_picked":["Combust","Hemokinesis","Wild Strike+1"],"picked":"SKIP","floor":18},{"not_picked":["Flame Barrier","Warcry","Evolve+1"],"picked":"SKIP","floor":19},{"not_picked":["Wild Strike+1","Shrug It Off"],"picked":"Metallicize","floor":21},{"not_picked":["Anger+1","Iron Wave","Cleave"],"picked":"SKIP","floor":22},{"not_picked":["Iron Wave","Twin Strike","Pommel Strike"],"picked":"SKIP","floor":25},{"not_picked":["Intimidate","Rupture","Thunderclap+1"],"picked":"SKIP","floor":29}],"player_experience":852513,"relics_obtained":[],"event_choices":[{"damage_healed":0,"gold_gain":0,"player_choice":"Grow","damage_taken":0,"max_hp_gain":0,"max_hp_loss":0,"event_name":"Living Wall","floor":4,"gold_loss":0,"cards_upgraded":["Armaments"]},{"damage_healed":0,"gold_gain":75,"player_choice":"Gather Gold","damage_taken":11,"max_hp_gain":0,"max_hp_loss":0,"event_name":"World of Goop","floor":11,"gold_loss":0},{"damage_healed":0,"gold_gain":0,"cards_transformed":["Strike_R","Strike_R"],"player_choice":"Became Test Subject","damage_taken":0,"max_hp_gain":0,"max_hp_loss":0,"event_name":"Drug Dealer","floor":24,"gold_loss":0,"cards_obtained":["Dark Embrace","Sentinel"]},{"damage_healed":0,"gold_gain":0,"player_choice":"Ignored","damage_taken":0,"max_hp_gain":0,"max_hp_loss":0,"event_name":"Cursed Tome","floor":27,"gold_loss":0},{"damage_healed":0,"gold_gain":0,"player_choice":"Shed Blood","damage_taken":20,"max_hp_gain":5,"max_hp_loss":0,"event_name":"Forgotten Altar","floor":30,"gold_loss":0},{"cards_removed":["Sentinel"],"damage_healed":0,"gold_gain":0,"player_choice":"Elegance","damage_taken":0,"max_hp_gain":0,"max_hp_loss":0,"event_name":"Back to Basics","floor":31,"gold_loss":0}],"is_beta":false,"boss_relics":[{"not_picked":[]}],"items_purged_floors":[20,28],"is_endless":false,"potions_floor_spawned":[2,3,5,10,19,22,25],"killed_by":"Collector","ascension_level":0}