{"gold_per_floor":[118,135,12,12,12,12,24,37,37,37,37,50,63,83,83,178,178,168,185,185,201,31,31,50,67,67,77,77,96,96,115,115,115],"floor_reached":33,"playtime":2209,"items_purged":["Strike_R","Defend_R"],"score":245,"play_id":"dfe3dff9-a3c4-4232-bf36-07dfcff81f33","local_time":"20190324233730","is_ascension_mode":false,"campfire_choices":[{"data":"Armaments","floor":6.0,"key":"SMITH"},{"data":"Body Slam","floor":11.0,"key":"SMITH"},{"data":"Metallicize","floor":15.0,"key":"SMITH"},{"data":"Double Tap","floor":23,"key":"SMITH"},{"floor":32,"key":"REST"}],"neow_cost":"NONE","seed_source_timestamp":1319402941778975,"circlet_count":0,"master_deck":["Strike_R","Strike_R","Defend_R","Defend_R","Bash","Juggernaut","Spot Weakness","Shrug It Off","Armaments+1","Iron Wave","Body Slam+1","Iron Wave","Metallicize+1","Cleave","Double Tap+1","Body Slam+1","Searing Blow","Shrug It Off+1","Battle Trance","True Grit"],"special_seed":0,"relics":["Burning Blood"],"potions_floor_usage":[24,25,25,33],"damage_taken":[{"damage":10.0,"enemies":"Small Slimes","floor":1.0,"turns":4.0},{"damage":6.0,"enemies":"Jaw Worm","floor":2.0,"turns":4.0},{"damage":0.0,"enemies":"2 Louse","floor":7.0,"turns":3.0},{"damage":5.0,"enemies":"Gremlin Gang","floor":8.0,"turns":5.0},{"damage":8.0,"enemies":"2 Fungi Beasts","floor":12.0,"turns":5.0},{"damage":0.0,"enemies":"Looter","floor":13.0,"turns":3.0},{"damage":28.0,"enemies":"Gremlin Gang","floor":14.0,"turns":4.0},{"damage":22.0,"enemies":"Slime Boss","floor":16.0,"turns":11.0},{"damage":18.0,"enemies":"2 Thieves","floor":18.0,"turns":4.0},{"damage":7.0,"enemies":"Shell Parasite","floor":19.0,"turns":7.0},{"damage":38,"enemies":"Shelled Parasite and Fungi","floor":21,"turns":6},{"damage":23,"enemies":"Sentry and Sphere","floor":24,"turns":9},{"damage":4,"enemies":"Cultist and Chosen","floor":25,"turns":8},{"damage":20,"enemies":"Snake Plant","floor":27,"turns":5},{"damage":17,"enemies":"Sentry and Sphere","floor":29,"turns":6},{"damage":4,"enemies":"Shelled Parasite and Fungi","floor":31,"turns":6},{"damage":88,"enemies":"Collector","floor":33,"turns":11}],"seed_played":"8924106044974988242","potions_obtained":[{"floor":1.0,"key":"AttackPotion"},{"floor":2.0,"key":"Fruit Juice"},{"floor":8.0,"key":"Weak Potion"},{"floor":13.0,"key":"SkillPotion"},{"floor":16.0,"key":"Regen Potion"},{"floor":21,"key":"PowerPotion"},{"floor":24,"key":"Poison Potion"}],"is_trial":false,"path_per_floor":["M","M","$","?","?","R","M","M","T","$","R","M","M","M","R","B",null,"M","M","?","M","$","R","M","M","T","M","?","M","?","M","R","B"],"character_chosen":"IRONCLAD","items_purchased":["Armaments","Battle Trance"],"campfire_rested":1,"item_purchase_floors":[3,22],"current_hp_per_floor":[76,81,81,74,74,74,80,81,81,81,81,79,85,63,63,47,85,73,72,72,40,40,40,38,40,40,26,54,43,43,45,70,0],"gold":115,"neow_bonus":"ONE_RANDOM_RARE_CARD","is_prod":false,"is_daily":false,"chose_seed":false,"campfire_upgraded":4,"win_rate":0,"timestamp":1553485050,"path_taken":["M","M","$","?","?","R","M","M","T","?","R","M","M","M","R","BOSS","M","M","?","M","$","R","?","M","T","M","?","M","?","M","R","BOSS"],"build_version":"2019-01-23","purchased_purges":2,"victory":false,"max_hp_per_floor":[80,85,85,85,85,85,85,85,85,85,85,85,85,85,85,85,85,85,85,85,85,85,85,85,85,85,85,85,85,85,85,85,85],"card_choices":[{"not_picked":["Heavy Blade","Thunderclap"],"picked":"Spot Weakness","floor":1.0},{"not_picked":["Body Slam","Searing Blow"],"picked":"Shrug It Off","floor":2.0},{"not_picked":["Havoc","Double Tap"],"picked":"Iron Wave","floor":7.0},{"not_picked":["Searing Blow","Reckless Charge"],"picked":"Body Slam","floor":8.0},{"not_picked":["Clash","Wild Strike"],"picked":"Iron Wave","floor":12.0},{"not_picked":["Sword Boomerang","Shrug It Off"],"picked":"Metallicize","floor":13.0},{"not_picked":["Heavy Blade","Power Through"],"picked":"Cleave","floor":14.0},{"not_picked":["Juggernaut","Offering"],"picked":"Double Tap","floor":16.0},{"not_picked":["Inflame","Clash","Clothesline+1"],"picked":"SKIP","floor":18.0},{"not_picked":["Bloodletting+1","Iron Wave+1"],"picked":"Body Slam+1","floor":19},{"not_picked":["Wild Strike","Shockwave+1"],"picked":"Shrug It Off+1","floor":21},{"not_picked":["Cleave+1","Thunderclap","Reckless Charge"],"picked":"SKIP","floor":24},{"not_picked":["Intimidate","Shrug It Off","Combust"],"picked":"SKIP","floor":25},{"not_picked":["Immolate","Disarm"],"picked":"True Grit","floor":27},{"not_picked":["Warcry","Carnage","Fire Breathing"],"picked":"SKIP","floor":29},{"not_picked":["Pommel Strike","Armaments","Body Slam"],"picked":"SKIP","floor":31}],"player_experience":887974,"relics_obtained":[],"event_choices":[{"cards_removed":["Strike_R"],"damage_healed":0.0,"max_hp_gain":0.0,"max_hp_loss":0.0,"gold_gain":0.0,"event_name":"Golden Wing","player_choice":"Card Removal","floor":4.0,"gold_loss":0.0,"damage_taken":7.0},{"damage_healed":0.0,"max_hp_gain":0.0,"max_hp_loss":0.0,"gold_gain":0.0,"event_name":"The Cleric","player_choice":"Leave","floor":5.0,"gold_loss":0.0,"damage_taken":0.0},{"damage_healed":0,"gold_gain":0,"cards_transformed":["Strike_R"],"player_choice":"Transformed","damage_taken":0,"max_hp_gain":0,"max_hp_loss":0,"event_name":"Transmorgrifier","floor":20,"gold_loss":0,"cards_obtained":["Searing Blow"]},{"damage_healed":28,"gold_gain":0,"player_choice":"Heal","damage_taken":0,"max_hp_gain":0,"max_hp_loss":0,"event_name":"The Library","floor":28,"gold_loss":0},{"cards_removed":["Defend_R"],"damage_healed":0,"gold_gain":0,"player_choice":"Elegance","damage_taken":0,"max_hp_gain":0,"max_hp_loss":0,"event_name":"Back to Basics","floor":30,"gold_loss":0}],"is_beta":false,"boss_relics":[{"not_picked":[]}],"items_purged_floors":[3,22],"is_endless":false,"potions_floor_spawned":[1,2,8,13,16,21,24],"killed_by":"Collector","ascension_level":0}