{"gold_per_floor":[215,228,228,240,252,252,252,252,252,265,275,310,22,37,37,37],"floor_reached":16,"playtime":663,"items_purged":["Strike_R"],"score":114,"play_id":"362d904c-1c0e-4804-b8e0-9e2037fb7f5d","local_time":"20190403012831","is_ascension_mode":true,"campfire_choices":[{"data":"Bash","floor":6,"key":"SMITH"},{"data":"Disarm","floor":8,"key":"SMITH"},{"data":"Immolate","floor":15,"key":"SMITH"}],"neow_cost":"NONE","seed_source_timestamp":1221130464797726,"circlet_count":0,"master_deck":["Strike_R","Strike_R","Strike_R","Defend_R","Defend_R","Defend_R","Defend_R","Bash+1","Spot Weakness","Disarm+1","Shrug It Off","Cleave","Thunderclap","Fiend Fire","Headbutt","Immolate+1","Whirlwind"],"relics":["Burning Blood","Bag of Marbles","Sundial","PreservedInsect"],"potions_floor_usage":[5,5,12,12,16],"damage_taken":[{"damage":6,"enemies":"Cultist","floor":1,"turns":4},{"damage":15,"enemies":"Small Slimes","floor":2,"turns":5},{"damage":0,"enemies":"2 Louse","floor":4,"turns":3},{"damage":0,"enemies":"Large Slime","floor":5,"turns":4},{"damage":11,"enemies":"Gremlin Gang","floor":10,"turns":6},{"damage":10,"enemies":"Blue Slaver","floor":11,"turns":4},{"damage":16,"enemies":"Lagavulin","floor":12,"turns":5},{"damage":14,"enemies":"Exordium Thugs","floor":14,"turns":3},{"damage":44,"enemies":"Slime Boss","floor":16,"turns":8}],"seed_played":"-75750948636558027","potions_obtained":[{"floor":4,"key":"EntropicBrew"},{"floor":11,"key":"Block Potion"}],"is_trial":false,"path_per_floor":["M","M","?","M","M","R","?","R","T","M","M","E","$","M","R","B"],"character_chosen":"IRONCLAD","items_purchased":["PreservedInsect","Immolate"],"campfire_rested":0,"item_purchase_floors":[13,13],"current_hp_per_floor":[80,71,64,70,76,76,68,68,68,63,59,49,49,41,41,0],"gold":37,"neow_bonus":"HUNDRED_GOLD","is_prod":false,"is_daily":false,"chose_seed":false,"campfire_upgraded":3,"win_rate":0,"timestamp":1554272911,"path_taken":["M","?","?","M","M","R","?","R","T","?","M","E","?","M","R","BOSS"],"build_version":"2019-01-23","purchased_purges":1,"victory":false,"max_hp_per_floor":[80,80,80,80,80,80,80,80,80,80,80,80,80,80,80,80],"card_choices":[{"not_picked":["Havoc","Wild Strike"],"picked":"Spot Weakness","floor":1},{"not_picked":["Fire Breathing","Flex"],"picked":"Disarm","floor":2},{"not_picked":["Entrench","Clothesline"],"picked":"Shrug It Off","floor":4},{"not_picked":["Clash","Perfected Strike"],"picked":"Cleave","floor":5},{"not_picked":["Pommel Strike","Blood for Blood"],"picked":"Thunderclap","floor":10},{"not_picked":["Warcry","Pummel"],"picked":"Fiend Fire","floor":11},{"not_picked":["Seeing Red","Flex"],"picked":"Headbutt","floor":12},{"not_picked":["Evolve","Havoc"],"picked":"Whirlwind","floor":14}],"player_experience":207518,"relics_obtained":[{"floor":9,"key":"Bag of Marbles"},{"floor":12,"key":"Sundial"}],"event_choices":[{"cards_removed":["Strike_R"],"damage_healed":0,"gold_gain":0,"player_choice":"Card Removal","damage_taken":7,"max_hp_gain":0,"max_hp_loss":0,"event_name":"Golden Wing","floor":3,"gold_loss":0},{"damage_healed":0,"gold_gain":0,"player_choice":"Damaged","damage_taken":8,"max_hp_gain":0,"max_hp_loss":0,"event_name":"Wheel of Change","floor":7,"gold_loss":0}],"is_beta":false,"boss_relics":[],"items_purged_floors":[13],"is_endless":false,"potions_floor_spawned":[4,11],"killed_by":"Slime Boss","ascension_level":2}