{"gold_per_floor":[109,126,142,162,162,201,222,265,289,289,302,343,357,371,371,501,501,520,290,290,290,315,358,379,379,409,484,484,527,551,594,594,718,718,742,742,761,761,775,789,206,225,276,276,299,630,33,49,49,49],"floor_reached":51,"playtime":2895,"items_purged":["Flex"],"score":913,"play_id":"032bfa7a-6138-495f-9437-9319bb7c9226","local_time":"20190420004513","is_ascension_mode":false,"campfire_choices":[{"data":"Bash","floor":10.0,"key":"SMITH"},{"data":"Disarm","floor":15.0,"key":"SMITH"},{"floor":28.0,"key":"REST"},{"floor":32.0,"key":"RECALL"},{"floor":44,"key":"REST"},{"floor":49,"key":"REST"}],"neow_cost":"NONE","seed_source_timestamp":0,"circlet_count":0,"master_deck":["Strike_R","Strike_R","Strike_R","Strike_R","Strike_R","Defend_R","Defend_R","Defend_R","Defend_R","Bash+1","Pommel Strike","Disarm+1","Perfected Strike","Inflame","Impervious","Power Through","Twin Strike","Headbutt","True Grit","Clothesline","Bludgeon","Twin Strike+1","Shockwave","Warcry+1","Armaments+1","Shrug It Off","Flex+1","Anger+1","Shrug It Off+1","Feed","Corruption","Battle Trance","Shrug It Off","Impatience","Disarm","Headbutt","Headbutt","Disarm","Exhume","Shockwave","Iron Wave"],"special_seed":0,"relics":["Burning Blood","Golden Idol","Blue Candle","Omamori","Bronze Scales","Pen Nib","Fusion Hammer","Art of War","Centennial Puzzle","Tiny Chest","Anchor","Question Card","Runic Dome","Juzu Bracelet","Meat on the Bone","Incense Burner","Bag of Preparation","Old Coin","Dead Branch","ClockworkSouvenir"],"potions_floor_usage":[37,45,50,50],"damage_taken":[{"damage":1.0,"enemies":"Cultist","floor":1.0,"turns":3.0},{"damage":8.0,"enemies":"Jaw Worm","floor":2.0,"turns":4.0},{"damage":0.0,"enemies":"2 Louse","floor":3.0,"turns":3.0},{"damage":5.0,"enemies":"Large Slime","floor":4.0,"turns":5.0},{"damage":27.0,"enemies":"3 Sentries","floor":6.0,"turns":6.0},{"damage":0.0,"enemies":"3 Louse","floor":7.0,"turns":4.0},{"damage":18.0,"enemies":"Lagavulin","floor":8.0,"turns":5.0},{"damage":0.0,"enemies":"2 Fungi Beasts","floor":11.0,"turns":3.0},{"damage":18.0,"enemies":"Gremlin Nob","floor":12.0,"turns":3.0},{"damage":3.0,"enemies":"Gremlin Gang","floor":13.0,"turns":5.0},{"damage":3.0,"enemies":"Red Slaver","floor":14.0,"turns":2.0},{"damage":8.0,"enemies":"Hexaghost","floor":16.0,"turns":8.0},{"damage":0.0,"enemies":"3 Byrds","floor":18.0,"turns":4.0},{"damage":0.0,"enemies":"Chosen","floor":22.0,"turns":3.0},{"damage":15.0,"enemies":"Book of Stabbing","floor":23.0,"turns":4.0},{"damage":5.0,"enemies":"Sentry and Sphere","floor":24.0,"turns":5.0},{"damage":12.0,"enemies":"Gremlin Leader","floor":29.0,"turns":7.0},{"damage":0.0,"enemies":"Snecko","floor":30.0,"turns":4.0},{"damage":0.0,"enemies":"Book of Stabbing","floor":31.0,"turns":4.0},{"damage":88.0,"enemies":"Collector","floor":33.0,"turns":11.0},{"damage":0,"enemies":"Orb Walker","floor":35,"turns":2},{"damage":12,"enemies":"3 Darklings","floor":37,"turns":4},{"damage":5,"enemies":"Sphere and 2 Shapes","floor":39,"turns":4},{"damage":2,"enemies":"Spire Growth","floor":40,"turns":4},{"damage":0,"enemies":"Jaw Worm Horde","floor":42,"turns":4},{"damage":10,"enemies":"Writhing Mass","floor":45,"turns":4},{"damage":1,"enemies":"Reptomancer","floor":46,"turns":6},{"damage":0,"enemies":"Transient","floor":48,"turns":5},{"damage":0,"enemies":"Time Eater","floor":50,"turns":5}],"seed_played":"-6614985091260035100","potions_obtained":[{"floor":0.0,"key":"SneckoOil"},{"floor":0.0,"key":"SmokeBomb"},{"floor":0.0,"key":"Poison Potion"},{"floor":1.0,"key":"Dexterity Potion"},{"floor":2.0,"key":"Strength Potion"},{"floor":6.0,"key":"AttackPotion"},{"floor":11.0,"key":"SkillPotion"},{"floor":13.0,"key":"AttackPotion"},{"floor":14.0,"key":"Regen Potion"},{"floor":22.0,"key":"Energy Potion"},{"floor":29.0,"key":"SpeedPotion"},{"floor":33,"key":"Regen Potion"},{"floor":35,"key":"AttackPotion"},{"floor":37,"key":"Energy Potion"},{"floor":48,"key":"PowerPotion"}],"is_trial":false,"path_per_floor":["M","M","M","M","?","E","M","E","T","R","M","E","M","M","R","B",null,"M","$","?","?","M","E","M","?","T","?","R","E","M","E","R","B",null,"M","T","M","?","M","M","$","M","T","R","M","E","$","M","R","B",null],"character_chosen":"IRONCLAD","items_purchased":["Art of War","Strength Potion","Meat on the Bone","Incense Burner","Dead Branch","ClockworkSouvenir","Shockwave","Energy Potion"],"campfire_rested":3,"item_purchase_floors":[19,41,41,41,47,47,47,47],"current_hp_per_floor":[80,78,80,80,60,39,45,33,33,33,39,27,30,33,33,31,80,80,80,80,80,80,71,72,72,72,64,80,74,80,80,80,12,80,80,80,77,77,81,88,88,92,92,92,91,95,95,95,95,95],"gold":49,"neow_bonus":"THREE_SMALL_POTIONS","is_prod":false,"is_daily":false,"chose_seed":false,"campfire_upgraded":2,"win_rate":1,"timestamp":1555746313,"path_taken":["M","M","?","M","?","E","M","E","T","R","M","E","M","M","R","BOSS","M","$","?","?","M","E","M","?","T","?","R","E","?","E","R","BOSS","BOSS","M","?","M","?","M","M","$","M","T","R","M","E","$","M","R","BOSS"],"build_version":"2019-01-23","purchased_purges":1,"victory":true,"max_hp_per_floor":[80,80,80,80,80,80,80,80,80,80,80,80,80,80,80,80,80,80,80,80,80,80,80,80,80,80,80,80,80,80,80,80,80,80,80,80,83,83,86,89,89,92,92,92,95,95,95,95,95,95],"card_choices":[{"not_picked":["Corruption","Wild Strike"],"picked":"Pommel Strike","floor":1.0},{"not_picked":["Entrench","Havoc"],"picked":"Flex","floor":2.0},{"not_picked":["Heavy Blade","Body Slam"],"picked":"Disarm","floor":3.0},{"not_picked":["Headbutt","Shockwave"],"picked":"Perfected Strike","floor":4.0},{"not_picked":["Dual Wield","Reckless Charge"],"picked":"Inflame","floor":6.0},{"not_picked":["Dropkick","Cleave"],"picked":"Impervious","floor":7.0},{"not_picked":["Sever Soul","Wild Strike"],"picked":"Power Through","floor":8.0},{"not_picked":["Havoc","Sever Soul"],"picked":"Twin Strike","floor":11.0},{"not_picked":["Hemokinesis","Anger"],"picked":"Headbutt","floor":12.0},{"not_picked":["Twin Strike","Clash"],"picked":"True Grit","floor":13.0},{"not_picked":["Bloodletting","Sever Soul"],"picked":"Clothesline","floor":14.0},{"not_picked":["Dark Embrace","Barricade"],"picked":"Bludgeon","floor":16.0},{"not_picked":["Combust+1","Clash"],"picked":"Twin Strike+1","floor":18.0},{"not_picked":["Havoc","Pommel Strike"],"picked":"Shockwave","floor":22.0},{"not_picked":["Havoc","Sword Boomerang"],"picked":"Warcry+1","floor":23.0},{"not_picked":["Evolve","Berserk"],"picked":"Armaments+1","floor":24.0},{"not_picked":["Warcry","Iron Wave"],"picked":"Flex+1","floor":29.0},{"not_picked":["Twin Strike","Armaments"],"picked":"Anger+1","floor":30.0},{"not_picked":["Havoc+1","Rupture+1"],"picked":"Shrug It Off+1","floor":31.0},{"not_picked":["Limit Break","Barricade","Juggernaut"],"picked":"Feed","floor":33},{"not_picked":["Searing Blow","Heavy Blade","Bloodletting"],"picked":"Corruption","floor":35},{"not_picked":["Sword Boomerang+1","Anger","Pummel+1"],"picked":"Battle Trance","floor":37},{"not_picked":["Second Wind","Warcry","Flex+1"],"picked":"Disarm","floor":39},{"not_picked":["Pommel Strike","Whirlwind","Shockwave"],"picked":"Headbutt","floor":40},{"not_picked":["Infernal Blade","Rampage+1","Thunderclap+1"],"picked":"Headbutt","floor":42},{"not_picked":["Flex+1","Thunderclap+1","Wild Strike+1"],"picked":"Disarm","floor":45},{"not_picked":["True Grit+1","Bloodletting+1","Evolve"],"picked":"Exhume","floor":46},{"not_picked":["Uppercut","Wild Strike+1","Flex"],"picked":"Iron Wave","floor":48}],"player_experience":450630,"relics_obtained":[{"floor":6.0,"key":"Blue Candle"},{"floor":8.0,"key":"Omamori"},{"floor":9.0,"key":"Bronze Scales"},{"floor":12.0,"key":"Pen Nib"},{"floor":23.0,"key":"Centennial Puzzle"},{"floor":26.0,"key":"Tiny Chest"},{"floor":29.0,"key":"Anchor"},{"floor":31.0,"key":"Question Card"},{"floor":36,"key":"Juzu Bracelet"},{"floor":43,"key":"Bag of Preparation"},{"floor":46,"key":"Old Coin"}],"event_choices":[{"damage_healed":0.0,"max_hp_gain":0.0,"max_hp_loss":0.0,"gold_gain":0.0,"event_name":"Golden Idol","player_choice":"Take Damage","floor":5.0,"gold_loss":0.0,"damage_taken":20.0,"relics_obtained":["Golden Idol"]},{"damage_healed":0.0,"max_hp_gain":0.0,"max_hp_loss":0.0,"gold_gain":0.0,"event_name":"Ghosts","player_choice":"Ignored","floor":20.0,"gold_loss":0.0,"damage_taken":0.0},{"damage_healed":0.0,"max_hp_gain":0.0,"max_hp_loss":0.0,"gold_gain":0.0,"event_name":"Vampires","player_choice":"Ignored","floor":21.0,"gold_loss":0.0,"damage_taken":0.0},{"damage_healed":0.0,"max_hp_gain":0.0,"max_hp_loss":0.0,"gold_gain":0.0,"event_name":"The Library","player_choice":"Read","floor":25.0,"gold_loss":0.0,"damage_taken":0.0,"cards_obtained":["Shrug It Off"]},{"damage_healed":0.0,"max_hp_gain":0.0,"max_hp_loss":0.0,"gold_gain":75.0,"event_name":"FaceTrader","player_choice":"Touch","floor":27.0,"gold_loss":0.0,"damage_taken":8.0},{"damage_healed":0,"gold_gain":0,"player_choice":"2 cards matched","damage_taken":0,"max_hp_gain":0,"max_hp_loss":0,"event_name":"Match and Keep!","floor":38,"gold_loss":0,"cards_obtained":["Shrug It Off","Impatience"]}],"is_beta":false,"boss_relics":[{"not_picked":["White Beast Statue","Lizard Tail"],"picked":"Fusion Hammer"},{"not_picked":["Orrery","Black Star"],"picked":"Runic Dome"}],"items_purged_floors":[19],"is_endless":false,"potions_floor_spawned":[1,2,6,11,13,14,18,22,29,33,35,37,48],"ascension_level":0}