{"gold_per_floor":[114,114,130,149,149,149,149,149,172,206,23,48,48,58,58,161,161,177,177,190,35,35,35,45,75,124,124,139,153,166,17,17,122,122,134,134,134,154,154],"floor_reached":39,"playtime":1218,"items_purged":[],"score":470,"play_id":"c8462ad1-9a51-478f-b5bf-2952d4a08d42","local_time":"20190415160706","is_ascension_mode":true,"campfire_choices":[{"data":"Loop","floor":6,"key":"SMITH"},{"floor":13,"key":"REST"},{"floor":15,"key":"REST"},{"data":"Defragment","floor":23,"key":"SMITH"},{"floor":27,"key":"REST"},{"floor":32,"key":"REST"}],"neow_cost":"CURSE","seed_source_timestamp":333654600056704,"circlet_count":0,"master_deck":["Strike_B","Strike_B","Defend_B","Defend_B","Defend_B","Defend_B","Zap+1","Dualcast","Doubt","Loop+1","Turbo","Cold Snap","Ball Lightning","Parasite","Redo","Coolheaded","Static Discharge","Steam","Sweeping Beam","Core Surge","Defragment+1","Genetic Algorithm","Storm","Ball Lightning","FTL+1","Hologram+1","All For One","Genetic Algorithm+1","Double Energy","Amplify","Rebound+1","Auto Shields"],"relics":["Cracked Core","Meat on the Bone","DataDisk","Blue Candle","Sundial","Orrery","Oddly Smooth Stone","Bag of Preparation","Letter Opener","Orichalcum","Blood Vial","Inserter"],"potions_floor_usage":[33,33,33,38],"damage_taken":[{"damage":0,"enemies":"2 Louse","floor":1,"turns":2},{"damage":3,"enemies":"Small Slimes","floor":3,"turns":4},{"damage":0,"enemies":"Cultist","floor":4,"turns":4},{"damage":9,"enemies":"Lagavulin","floor":10,"turns":6},{"damage":23,"enemies":"Gremlin Nob","floor":12,"turns":6},{"damage":2,"enemies":"2 Fungi Beasts","floor":14,"turns":4},{"damage":48,"enemies":"Slime Boss","floor":16,"turns":8},{"damage":7,"enemies":"Chosen","floor":18,"turns":4},{"damage":11,"enemies":"3 Byrds","floor":20,"turns":2},{"damage":14,"enemies":"Sentry and Sphere","floor":24,"turns":5},{"damage":36,"enemies":"Book of Stabbing","floor":25,"turns":5},{"damage":12,"enemies":"Cultist and Chosen","floor":28,"turns":5},{"damage":15,"enemies":"Shelled Parasite and Fungi","floor":29,"turns":5},{"damage":20,"enemies":"3 Cultists","floor":30,"turns":5},{"damage":42,"enemies":"Champ","floor":33,"turns":9},{"damage":16,"enemies":"3 Shapes","floor":35,"turns":6},{"damage":52,"enemies":"3 Darklings","floor":38,"turns":5},{"damage":33,"enemies":"Sphere and 2 Shapes","floor":39,"turns":3}],"seed_played":"-5537225700686014985","potions_obtained":[{"floor":3,"key":"EssenceOfSteel"},{"floor":4,"key":"GamblersBrew"},{"floor":12,"key":"Dexterity Potion"},{"floor":25,"key":"LiquidBronze"},{"floor":33,"key":"Strength Potion"},{"floor":38,"key":"AttackPotion"}],"is_trial":false,"path_per_floor":["M","?","M","M","?","R","?","?","T","E","$","E","R","M","R","B",null,"M","?","M","$","?","R","M","E","T","R","M","M","M","$","R","B",null,"M","?","?","M","M"],"character_chosen":"DEFECT","items_purchased":["Coolheaded","Static Discharge","Steam","Bag of Preparation","Blood Vial"],"campfire_rested":4,"item_purchase_floors":[11,11,11,21,31],"current_hp_per_floor":[75,75,72,72,77,77,80,55,55,46,46,35,59,57,80,44,80,73,73,62,62,62,62,48,24,24,48,48,45,37,37,61,33,80,64,64,64,26,0],"gold":154,"neow_bonus":"TRANSFORM_TWO_CARDS","is_prod":false,"is_daily":false,"chose_seed":false,"campfire_upgraded":2,"win_rate":0,"timestamp":1555362426,"path_taken":["M","?","M","M","?","R","?","?","T","E","$","E","R","M","R","BOSS","M","?","?","$","?","R","M","E","T","R","M","M","M","?","R","BOSS","M","?","?","M","M"],"build_version":"2019-01-23","purchased_purges":0,"victory":false,"max_hp_per_floor":[75,75,75,75,80,80,80,80,80,80,80,80,80,80,80,80,80,80,80,80,80,80,80,80,80,80,80,80,80,80,80,80,80,80,80,80,80,80,80],"card_choices":[{"not_picked":["Consume","Leap"],"picked":"Cold Snap","floor":1},{"not_picked":["Chaos","Lockon"],"picked":"Go for the Eyes","floor":3},{"not_picked":["Darkness","White Noise"],"picked":"Ball Lightning","floor":4},{"not_picked":["All For One","Leap"],"picked":"Redo","floor":10},{"not_picked":["Turbo","Recycle"],"picked":"Sweeping Beam","floor":12},{"not_picked":["Turbo","Compile Driver","Stack"],"picked":"SKIP","floor":14},{"not_picked":["Meteor Strike","All For One"],"picked":"Core Surge","floor":16},{"not_picked":["Sunder","Chaos"],"picked":"Defragment","floor":17},{"not_picked":["Undo","Gash"],"picked":"Genetic Algorithm","floor":17},{"not_picked":["Turbo","Barrage"],"picked":"Storm","floor":17},{"not_picked":["Compile Driver","Barrage"],"picked":"Ball Lightning","floor":17},{"not_picked":["Chill","Storm"],"picked":"FTL+1","floor":18},{"not_picked":["Rebound","Steam"],"picked":"Hologram+1","floor":20},{"not_picked":["Compile Driver+1","Hologram","Hyperbeam"],"picked":"SKIP","floor":24},{"not_picked":["Barrage+1","Streamline"],"picked":"All For One","floor":25},{"not_picked":["Sweeping Beam","Barrage"],"picked":"Genetic Algorithm+1","floor":28},{"not_picked":["Doom and Gloom","Compile Driver"],"picked":"Double Energy","floor":29},{"not_picked":["Darkness","Chill","Streamline"],"picked":"SKIP","floor":30},{"not_picked":["Core Surge","All For One"],"picked":"Amplify","floor":33},{"not_picked":["Gash+1","Reinforced Body+1"],"picked":"Rebound+1","floor":35},{"not_picked":["Redo","Storm"],"picked":"Auto Shields","floor":38}],"player_experience":187454,"relics_obtained":[{"floor":9,"key":"DataDisk"},{"floor":10,"key":"Blue Candle"},{"floor":12,"key":"Sundial"},{"floor":25,"key":"Letter Opener"},{"floor":26,"key":"Orichalcum"}],"event_choices":[{"damage_healed":0,"gold_gain":0,"player_choice":"Grow","damage_taken":0,"max_hp_gain":0,"max_hp_loss":0,"event_name":"Living Wall","floor":2,"gold_loss":0,"cards_upgraded":["Zap"]},{"damage_healed":0,"gold_gain":0,"player_choice":"Donut","damage_taken":0,"max_hp_gain":5,"max_hp_loss":0,"event_name":"Big Fish","floor":5,"gold_loss":0},{"damage_healed":20,"gold_gain":0,"player_choice":"Healed and dodged fight","damage_taken":0,"max_hp_gain":0,"max_hp_loss":0,"event_name":"Mushrooms","floor":7,"gold_loss":0,"cards_obtained":["Parasite"]},{"damage_healed":0,"gold_gain":0,"player_choice":"Success","damage_taken":25,"relics_obtained":["Meat on the Bone"],"max_hp_gain":0,"max_hp_loss":0,"event_name":"Scrap Ooze","floor":8,"gold_loss":0},{"damage_healed":0,"gold_gain":0,"player_choice":"Gave Potion","damage_taken":0,"relics_obtained":["Oddly Smooth Stone"],"max_hp_gain":0,"max_hp_loss":0,"event_name":"WeMeetAgain","floor":19,"gold_loss":0},{"damage_healed":0,"gold_gain":0,"player_choice":"0 cards matched","damage_taken":0,"max_hp_gain":0,"max_hp_loss":0,"event_name":"Match and Keep!","floor":22,"gold_loss":0,"cards_obtained":[]},{"damage_healed":0,"gold_gain":0,"player_choice":"Ignored","damage_taken":0,"max_hp_gain":0,"max_hp_loss":0,"event_name":"Mysterious Sphere","floor":36,"gold_loss":0},{"cards_removed":["Go for the Eyes"],"damage_healed":0,"gold_gain":0,"player_choice":"Removed Attack","damage_taken":0,"max_hp_gain":0,"max_hp_loss":0,"event_name":"Falling","floor":37,"gold_loss":0}],"is_beta":false,"boss_relics":[{"not_picked":["Nuclear Battery","Velvet Choker"],"picked":"Orrery"},{"not_picked":["FrozenCore","Tiny House"],"picked":"Inserter"}],"items_purged_floors":[],"is_endless":false,"potions_floor_spawned":[3,4,12,18,25,30,33,38],"killed_by":"Sphere and 2 Shapes","ascension_level":3}