{"gold_per_floor":[118,118,17,17,33,33,56,56,56,81,94,138,151,164,164,285,285,299,180,204,204,224,238,238],"floor_reached":24,"playtime":1897,"items_purged":["Injury"],"score":200,"play_id":"bced5ed8-dfcc-41de-b51e-1ea419502d42","local_time":"20190324150810","is_ascension_mode":false,"campfire_choices":[{"data":"Dualcast","floor":6,"key":"SMITH"},{"data":"Zap","floor":8,"key":"SMITH"},{"floor":15,"key":"REST"}],"neow_cost":"NONE","seed_source_timestamp":5162178787846,"circlet_count":0,"master_deck":["Strike_B","Strike_B","Strike_B","Strike_B","Defend_B+1","Defend_B","Defend_B+1","Zap+1","Dualcast+1","Sweeping Beam","Coolheaded","Cold Snap","Reprogram","Hello World","BootSequence","Redo","Rebound","Creative AI","Ball Lightning+1","Electrodynamics","Ball Lightning","Hologram","Ball Lightning","Capacitor+1"],"relics":["Cracked Core","Lantern","Golden Idol","War Paint","Unceasing Top","Pantograph","Cursed Key","CultistMask"],"potions_floor_usage":[16],"damage_taken":[{"damage":0,"enemies":"Small Slimes","floor":1,"turns":2},{"damage":4,"enemies":"Jaw Worm","floor":5,"turns":3},{"damage":4,"enemies":"2 Louse","floor":10,"turns":2},{"damage":0,"enemies":"Blue Slaver","floor":11,"turns":3},{"damage":6,"enemies":"Lagavulin","floor":12,"turns":6},{"damage":26,"enemies":"Gremlin Gang","floor":13,"turns":4},{"damage":8,"enemies":"Lots of Slimes","floor":14,"turns":3},{"damage":50,"enemies":"Slime Boss","floor":16,"turns":14},{"damage":4,"enemies":"Shell Parasite","floor":18,"turns":6},{"damage":0,"enemies":"Chosen","floor":20,"turns":4},{"damage":40,"enemies":"Shelled Parasite and Fungi","floor":22,"turns":5},{"damage":11,"enemies":"Centurion and Healer","floor":23,"turns":5},{"damage":23,"enemies":"Snake Plant","floor":24,"turns":4}],"seed_played":"7115767258754711908","potions_obtained":[{"floor":5,"key":"Energy Potion"},{"floor":10,"key":"EssenceOfSteel"},{"floor":12,"key":"EssenceOfSteel"},{"floor":16,"key":"Energy Potion"}],"is_trial":false,"path_per_floor":["?","$","?","T","M","$","?","M"],"character_chosen":"DEFECT","items_purchased":["Coolheaded","Electrodynamics","Ball Lightning"],"campfire_rested":1,"item_purchase_floors":[3,19,19],"current_hp_per_floor":[75,75,75,68,64,64,64,64,64,60,60,54,28,20,42,17,75,71,71,71,71,31,20,0],"gold":238,"neow_bonus":"RANDOM_COMMON_RELIC","is_prod":false,"is_daily":false,"chose_seed":false,"campfire_upgraded":2,"win_rate":0.0,"timestamp":1553454490,"path_taken":["M","?","?","?","M","R","?","R","T","M","M","E","M","?","R","BOSS","M","?","M","?","M","M","?"],"build_version":"2019-01-23","purchased_purges":1,"victory":false,"max_hp_per_floor":[75,75,75,75,75,75,75,75,75,75,75,75,75,75,75,75,75,75,75,75,75,75,75,75],"card_choices":[{"not_picked":["Hologram","Force Field"],"picked":"Sweeping Beam","floor":1},{"not_picked":["Conserve Battery","Ball Lightning"],"picked":"Cold Snap","floor":5},{"not_picked":["Auto Shields","Steam"],"picked":"Reprogram","floor":10},{"not_picked":["Streamline","Go for the Eyes"],"picked":"Hello World","floor":11},{"not_picked":["Buffer","Compile Driver"],"picked":"BootSequence","floor":12},{"not_picked":["FTL","Hologram"],"picked":"Redo","floor":13},{"not_picked":["Melter","FTL"],"picked":"Rebound","floor":14},{"not_picked":["Machine Learning","Biased Cognition"],"picked":"Creative AI","floor":16},{"not_picked":["Reinforced Body","Fusion"],"picked":"Ball Lightning+1","floor":18},{"not_picked":["Streamline","Barrage"],"picked":"Hologram","floor":20},{"not_picked":["Stack","Reboot"],"picked":"Ball Lightning","floor":22},{"not_picked":["Cold Snap","Streamline"],"picked":"Capacitor+1","floor":23}],"player_experience":44171,"relics_obtained":[{"floor":7,"key":"War Paint"},{"floor":9,"key":"Unceasing Top"},{"floor":12,"key":"Pantograph"}],"event_choices":[{"damage_healed":0,"gold_gain":0,"player_choice":"Take Wound","damage_taken":0,"relics_obtained":["Golden Idol"],"max_hp_gain":0,"max_hp_loss":0,"event_name":"Golden Idol","floor":2,"gold_loss":0,"cards_obtained":["Injury"]},{"cards_removed":["Defend_B"],"damage_healed":0,"gold_gain":0,"player_choice":"Card Removal","damage_taken":7,"max_hp_gain":0,"max_hp_loss":0,"event_name":"Golden Wing","floor":4,"gold_loss":0},{"damage_healed":0,"gold_gain":0,"player_choice":"Trade","damage_taken":0,"relics_obtained":["CultistMask"],"max_hp_gain":0,"max_hp_loss":0,"event_name":"FaceTrader","floor":21,"gold_loss":0}],"is_beta":false,"boss_relics":[{"not_picked":["Eternal Feather","Tiny House"],"picked":"Cursed Key"}],"items_purged_floors":[3],"is_endless":false,"potions_floor_spawned":[5,10,12,16,22],"killed_by":"Snake Plant","ascension_level":0}