{"gold_per_floor":[115,115,115,64,64,64,77,117,117,136,136,86,110,69,69,200,200,218,133,232,251,301,301,336,336,360,375,413,183,196,237,237,367,367,386,406,45,45,45,45,86,86,113,136,180,196,196,196,196,196],"floor_reached":51,"playtime":3029,"items_purged":["Strike_B","Strike_B"],"score":924,"play_id":"65e109cf-9609-4405-bd4f-0797b7895004","local_time":"20190320021941","is_ascension_mode":true,"campfire_choices":[{"data":"Streamline","floor":6,"key":"SMITH"},{"data":"Glacier","floor":11,"key":"SMITH"},{"data":"Dualcast","floor":15,"key":"SMITH"},{"data":"Buffer","floor":23,"key":"SMITH"},{"data":"Defragment","floor":25,"key":"SMITH"},{"floor":32,"key":"REST"},{"data":"Creative AI","floor":40,"key":"SMITH"},{"data":"Echo Form","floor":42,"key":"SMITH"},{"floor":49,"key":"REST"}],"neow_cost":"NONE","seed_source_timestamp":12222240579777,"circlet_count":0,"master_deck":["Strike_B","Strike_B","Defend_B","Defend_B","Defend_B","Defend_B","Zap","Dualcast+1","BootSequence","Ball Lightning","White Noise","Conserve Battery","Glacier+1","Hologram","Streamline+1","Zap","Cold Snap","FTL","Go for the Eyes","Cold Snap","Capacitor","Buffer+1","Go for the Eyes","Defragment+1","Sweeping Beam","Clumsy","Conserve Battery","Coolheaded","Creative AI+1","Genetic Algorithm+1","Echo Form+1","White Noise+1","Dark Shackles","Loop","Parasite","Conserve Battery+1","Genetic Algorithm+1"],"relics":["Orrery","Pocketwatch","Golden Idol","Kunai","Du-Vu Doll","Cursed Key","Bronze Scales","Matryoshka","Pen Nib","Ancient Tea Set","Regal Pillow","Oddly Smooth Stone","Sozu","Mummified Hand","Girya","Lantern","Dream Catcher","Nunchaku"],"potions_floor_usage":[16,16,18,31,31,50],"damage_taken":[{"damage":0,"enemies":"2 Louse","floor":1,"turns":2},{"damage":0,"enemies":"Small Slimes","floor":7,"turns":2},{"damage":7,"enemies":"3 Sentries","floor":8,"turns":6},{"damage":6,"enemies":"Cultist","floor":10,"turns":3},{"damage":0,"enemies":"Blue Slaver","floor":13,"turns":5},{"damage":25,"enemies":"The Guardian","floor":16,"turns":13},{"damage":21,"enemies":"2 Thieves","floor":18,"turns":3},{"damage":9,"enemies":"3 Byrds","floor":21,"turns":4},{"damage":0,"enemies":"Book of Stabbing","floor":24,"turns":6},{"damage":4,"enemies":"3 Cultists","floor":27,"turns":5},{"damage":11,"enemies":"Gremlin Leader","floor":28,"turns":7},{"damage":0,"enemies":"Centurion and Healer","floor":30,"turns":6},{"damage":27,"enemies":"Slavers","floor":31,"turns":6},{"damage":12,"enemies":"Automaton","floor":33,"turns":8},{"damage":0,"enemies":"3 Darklings","floor":35,"turns":7},{"damage":0,"enemies":"Orb Walker","floor":36,"turns":6},{"damage":0,"enemies":"Reptomancer","floor":41,"turns":10},{"damage":14,"enemies":"Sphere and 2 Shapes","floor":44,"turns":4},{"damage":0,"enemies":"Giant Head","floor":45,"turns":7},{"damage":11,"enemies":"Jaw Worm Horde","floor":46,"turns":5},{"damage":24,"enemies":"Awakened One","floor":50,"turns":16}],"seed_played":"2259027202846076270","potions_obtained":[{"floor":1,"key":"Block Potion"},{"floor":7,"key":"SneckoOil"},{"floor":13,"key":"SteroidPotion"},{"floor":18,"key":"Fruit Juice"},{"floor":24,"key":"Weak Potion"},{"floor":28,"key":"Dexterity Potion"},{"floor":31,"key":"SteroidPotion"}],"is_trial":false,"path_per_floor":["M","?","?","$","?","R","M","E","T","M","R","?","M","$","R","B",null,"M","?","?","M","?","R","E","R","T","M","E","$","M","E","R","B",null,"M","M","$","?","$","R","E","R","T","M","E","M","?","?","R","B",null],"character_chosen":"DEFECT","items_purchased":["Streamline","Capacitor","Creative AI","GamblersBrew","Mummified Hand"],"campfire_rested":2,"item_purchase_floors":[4,14,29,29,37],"current_hp_per_floor":[75,75,69,69,69,69,69,62,62,56,56,56,56,56,56,31,69,53,53,53,44,44,44,44,44,44,40,29,29,29,2,39,27,74,74,74,74,74,74,74,74,74,74,60,60,49,49,49,70,46],"gold":196,"neow_bonus":"BOSS_RELIC","is_prod":false,"is_daily":false,"chose_seed":false,"campfire_upgraded":7,"win_rate":0,"timestamp":1553066381,"path_taken":["M","?","?","$","?","R","M","E","T","?","R","?","M","$","R","BOSS","M","?","?","M","?","R","E","R","T","M","E","$","M","E","R","BOSS","M","?","$","?","$","R","E","R","T","M","E","M","?","?","R","BOSS"],"build_version":"2019-01-23","purchased_purges":2,"victory":true,"max_hp_per_floor":[75,75,69,69,69,69,69,69,69,69,69,69,69,69,69,69,69,74,74,74,74,74,74,74,74,74,74,74,74,74,74,74,74,74,74,74,74,74,74,74,74,74,74,74,74,74,70,70,70,70],"card_choices":[{"not_picked":["Reprogram","Melter"],"picked":"BootSequence","floor":0},{"not_picked":["Chaos","Scrape"],"picked":"Ball Lightning","floor":0},{"not_picked":["Force Field","Stack"],"picked":"White Noise","floor":0},{"not_picked":["Hello World","Steam"],"picked":"Conserve Battery","floor":0},{"not_picked":["Consume","Gash"],"picked":"Glacier","floor":0},{"not_picked":["Blizzard","Consume"],"picked":"Hologram","floor":1},{"not_picked":["Hello World","Gash"],"picked":"Cold Snap","floor":7},{"not_picked":["Ball Lightning","Hello World"],"picked":"FTL","floor":8},{"not_picked":["Self Repair","Tempest"],"picked":"Go for the Eyes","floor":10},{"not_picked":["Rip and Tear","Beam Cell"],"picked":"Cold Snap","floor":13},{"not_picked":["Seek","Machine Learning"],"picked":"Buffer","floor":16},{"not_picked":["Aggregate","Ball Lightning"],"picked":"Go for the Eyes","floor":18},{"not_picked":["Conserve Battery","Leap+1"],"picked":"Defragment","floor":21},{"not_picked":["Gash","Barrage"],"picked":"Sweeping Beam","floor":24},{"not_picked":["Redo","Beam Cell"],"picked":"Conserve Battery","floor":27},{"not_picked":["Hologram+1","Hello World"],"picked":"Coolheaded","floor":28},{"not_picked":["Rip and Tear","Blizzard"],"picked":"Genetic Algorithm+1","floor":30},{"not_picked":["Stack","Machine Learning","Compile Driver"],"picked":"SKIP","floor":31},{"not_picked":["Biased Cognition","Rainbow"],"picked":"Echo Form","floor":33},{"not_picked":["Redo","Reinforced Body+1","Heatsinks"],"picked":"SKIP","floor":35},{"not_picked":["Compile Driver","Beam Cell+1"],"picked":"White Noise+1","floor":36},{"not_picked":["Trip","Discovery"],"picked":"Dark Shackles","floor":38},{"not_picked":["Go for the Eyes","Scrape+1"],"picked":"Loop","floor":41},{"not_picked":["Conserve Battery+1","Cold Snap","Coolheaded+1"],"picked":"SKIP","floor":44},{"not_picked":["Coolheaded+1","Ball Lightning+1"],"picked":"Conserve Battery+1","floor":45},{"not_picked":["Redo","Rip and Tear+1","BootSequence"],"picked":"SKIP","floor":46}],"player_experience":88232,"relics_obtained":[{"floor":8,"key":"Kunai"},{"floor":9,"key":"Du-Vu Doll"},{"floor":24,"key":"Matryoshka"},{"floor":26,"key":"Pen Nib"},{"floor":26,"key":"Ancient Tea Set"},{"floor":28,"key":"Regal Pillow"},{"floor":31,"key":"Oddly Smooth Stone"},{"floor":41,"key":"Girya"},{"floor":43,"key":"Lantern"},{"floor":43,"key":"Dream Catcher"},{"floor":45,"key":"Nunchaku"}],"event_choices":[{"damage_healed":0,"gold_gain":0,"player_choice":"Box","damage_taken":0,"relics_obtained":["Pocketwatch"],"max_hp_gain":0,"max_hp_loss":0,"event_name":"Big Fish","floor":2,"gold_loss":0,"cards_obtained":["Regret"]},{"damage_healed":0,"gold_gain":0,"player_choice":"Lose Max HP","damage_taken":0,"relics_obtained":["Golden Idol"],"max_hp_gain":0,"max_hp_loss":6,"event_name":"Golden Idol","floor":3,"gold_loss":0},{"damage_healed":0,"gold_gain":0,"player_choice":"1 cards matched","damage_taken":0,"max_hp_gain":0,"max_hp_loss":0,"event_name":"Match and Keep!","floor":5,"gold_loss":0,"cards_obtained":["Zap"]},{"cards_removed":["Regret"],"damage_healed":0,"gold_gain":0,"player_choice":"Card Removal","damage_taken":0,"max_hp_gain":0,"max_hp_loss":0,"event_name":"The Cleric","floor":12,"gold_loss":50},{"damage_healed":0,"gold_gain":0,"player_choice":"Obtained Relic","damage_taken":0,"relics_obtained":["Bronze Scales"],"max_hp_gain":0,"max_hp_loss":0,"event_name":"Addict","floor":19,"gold_loss":85},{"damage_healed":0,"gold_gain":99,"player_choice":"Stole From Cult","damage_taken":0,"max_hp_gain":0,"max_hp_loss":0,"event_name":"Nest","floor":20,"gold_loss":0},{"damage_healed":0,"gold_gain":100,"player_choice":"Bet on Murderer","damage_taken":0,"max_hp_gain":0,"max_hp_loss":0,"event_name":"The Joust","floor":22,"gold_loss":50},{"damage_healed":0,"gold_gain":0,"player_choice":"Memory 1","damage_taken":0,"max_hp_gain":0,"max_hp_loss":0,"event_name":"SensoryStone","floor":38,"gold_loss":0},{"damage_healed":0,"gold_gain":0,"player_choice":"Max HP","damage_taken":0,"max_hp_gain":0,"max_hp_loss":4,"event_name":"Winding Halls","floor":47,"gold_loss":0},{"damage_healed":0,"gold_gain":0,"player_choice":"Copied","damage_taken":0,"max_hp_gain":0,"max_hp_loss":0,"event_name":"Duplicator","floor":48,"gold_loss":0,"cards_obtained":["Genetic Algorithm"]}],"is_beta":false,"boss_relics":[{"not_picked":["White Beast Statue","Black Star"],"picked":"Cursed Key"},{"not_picked":["Runic Pyramid","Fusion Hammer"],"picked":"Sozu"}],"items_purged_floors":[29,37],"is_endless":false,"potions_floor_spawned":[1,7,13,18,24,28,31,36,41,44],"ascension_level":1}