{"gold_per_floor":[115,131,131,147,164,194,194,229,252,267,267,285,316,316,316,415,415,429,429,354,366,291,291,303,636,636,667,684,684,263,282,282,387,387,397,204,214,64,75,103,103,113,183,215,229,229,283,312,312,312],"floor_reached":50,"playtime":38825,"items_purged":["Strike_B","Defend_B","Defend_B","Strike_B"],"score":795,"play_id":"1ff92889-8026-49b6-98ec-34825963abde","local_time":"20180821030605","is_ascension_mode":true,"campfire_choices":[{"data":"Zap","floor":7,"key":"SMITH"},{"data":"Streamline","floor":11,"key":"SMITH"},{"floor":15,"key":"REST"},{"data":"Dualcast","floor":23,"key":"SMITH"},{"floor":29,"key":"REST"},{"data":"Defragment","floor":32,"key":"SMITH"},{"data":"Loop","floor":41,"key":"SMITH"},{"floor":46,"key":"REST"},{"floor":49,"key":"REST"}],"neow_cost":"NONE","seed_source_timestamp":7275233302229,"circlet_count":0,"master_deck":["Strike_B","Defend_B","Defend_B","Zap+1","Dualcast+1","Seek","Ball Lightning","Streamline+1","Leap","Cold Snap","Genetic Algorithm","Conserve Battery","Leap","Core Surge","Genetic Algorithm","Consume+1","Defragment+1","Compile Driver+1","Loop+1","FTL+1","Pain"],"relics":["Cracked Core","Pear","Bronze Scales","Pen Nib","Anchor","Oddly Smooth Stone","Nuclear Battery","Old Coin","Shuriken","Unceasing Top","Mercury Hourglass","Cursed Key","Bag of Preparation","Bottled Lightning","The Courier","Shovel","StoneCalendar"],"potions_floor_usage":[8,12,13,21,25,33,33,40,40,44,45,50,50,50],"damage_taken":[{"damage":3,"enemies":"2 Louse","floor":1,"turns":2},{"damage":2,"enemies":"Jaw Worm","floor":2,"turns":3},{"damage":6,"enemies":"Cultist","floor":4,"turns":3},{"damage":4,"enemies":"Large Slime","floor":5,"turns":4},{"damage":22,"enemies":"3 Sentries","floor":6,"turns":7},{"damage":7,"enemies":"Lagavulin","floor":8,"turns":5},{"damage":0,"enemies":"3 Louse","floor":10,"turns":4},{"damage":0,"enemies":"Gremlin Gang","floor":12,"turns":3},{"damage":2,"enemies":"Gremlin Nob","floor":13,"turns":3},{"damage":8,"enemies":"Hexaghost","floor":16,"turns":8},{"damage":8,"enemies":"3 Byrds","floor":18,"turns":3},{"damage":0,"enemies":"Spheric Guardian","floor":21,"turns":4},{"damage":0,"enemies":"Shelled Parasite and Fungi","floor":24,"turns":5},{"damage":45,"enemies":"Gremlin Leader","floor":25,"turns":7},{"damage":2,"enemies":"Slavers","floor":27,"turns":7},{"damage":13,"enemies":"Centurion and Healer","floor":28,"turns":9},{"damage":2,"enemies":"Chosen and Byrds","floor":31,"turns":4},{"damage":61,"enemies":"Automaton","floor":33,"turns":11},{"damage":0,"enemies":"Orb Walker","floor":35,"turns":2},{"damage":0,"enemies":"3 Shapes","floor":37,"turns":2},{"damage":3,"enemies":"Maw","floor":39,"turns":6},{"damage":0,"enemies":"2 Orb Walkers","floor":40,"turns":4},{"damage":0,"enemies":"Transient","floor":42,"turns":5},{"damage":53,"enemies":"Giant Head","floor":44,"turns":9},{"damage":8,"enemies":"3 Darklings","floor":45,"turns":4},{"damage":6,"floor":47,"turns":4},{"damage":6,"enemies":"2 Orb Walkers","floor":48,"turns":6},{"damage":68,"enemies":"Donu and Deca","floor":50,"turns":7}],"seed_played":"-3634017782837502097","potions_obtained":[{"floor":1,"key":"FairyPotion"},{"floor":4,"key":"Energy Potion"},{"floor":8,"key":"SkillPotion"},{"floor":10,"key":"Block Potion"},{"floor":13,"key":"Regen Potion"},{"floor":18,"key":"EntropicBrew"},{"floor":24,"key":"Poison Potion"},{"floor":33,"key":"EssenceOfSteel"},{"floor":39,"key":"Energy Potion"},{"floor":40,"key":"Energy Potion"},{"floor":42,"key":"Energy Potion"},{"floor":45,"key":"FearPotion"},{"floor":47,"key":"Fire Potion"}],"is_trial":false,"path_per_floor":["M","M","?","M","M","E","R","E","T","M","R","M","E","?","R","B",null,"M","?","?","M","$","R","M","E","T","E","M","R","$","M","R","B",null,"M","$","M","$","M","E","R","M","T","E","M","R","?","E","R"],"character_chosen":"DEFECT","items_purchased":["Defragment","Mercury Hourglass","Loop"],"campfire_rested":4,"item_purchase_floors":[30,30,36],"current_hp_per_floor":[72,70,70,64,60,48,48,41,41,41,41,41,39,27,52,44,85,77,77,77,85,85,85,85,40,40,38,25,50,50,48,48,8,85,85,85,85,85,82,82,82,82,82,29,21,46,40,34,59,0],"gold":312,"neow_bonus":"ONE_RANDOM_RARE_CARD","is_prod":false,"is_daily":false,"chose_seed":false,"campfire_upgraded":5,"win_rate":0,"timestamp":1534784765,"path_taken":["M","M","?","?","M","E","R","E","T","M","R","M","E","?","R","BOSS","M","?","?","M","$","R","M","E","T","E","M","R","$","M","R","BOSS","M","$","M","$","M","E","R","M","T","E","M","R","?","E","R","BOSS"],"build_version":"2018-08-16","purchased_purges":4,"victory":false,"max_hp_per_floor":[75,75,75,75,75,85,85,85,85,85,85,85,85,85,85,85,85,85,85,85,85,85,85,85,85,85,85,85,85,85,85,85,85,85,85,85,85,85,85,85,85,85,85,85,85,85,85,85,85,85],"card_choices":[{"not_picked":["Darkness","Turbo"],"picked":"Ball Lightning","floor":1},{"not_picked":["Steam Power","Barrage"],"picked":"Streamline","floor":2},{"not_picked":["Conserve Battery","Redo"],"picked":"Leap","floor":4},{"not_picked":["Beam Cell","Melter"],"picked":"Cold Snap","floor":5},{"not_picked":["Blizzard","Double Energy"],"picked":"Genetic Algorithm","floor":6},{"not_picked":["Blizzard","Aggregate"],"picked":"Conserve Battery","floor":8},{"not_picked":["Streamline","Stack"],"picked":"Leap","floor":10},{"not_picked":["Rebound","Reinforced Body","Hologram"],"picked":"SKIP","floor":12},{"not_picked":["Heatsinks","Beam Cell","Melter"],"picked":"SKIP","floor":13},{"not_picked":["All For One","Seek"],"picked":"Core Surge","floor":16},{"not_picked":["Scrape","Sunder+1","Leap"],"picked":"SKIP","floor":18},{"not_picked":["Glacier","Beam Cell"],"picked":"Consume+1","floor":21},{"not_picked":["Turbo+1","Barrage+1","Beam Cell"],"picked":"SKIP","floor":24},{"not_picked":["Sweeping Beam","Hologram+1","Barrage"],"picked":"SKIP","floor":25},{"not_picked":["Force Field","Auto Shields+1","Skim+1"],"picked":"SKIP","floor":27},{"not_picked":["Gash+1","Steam+1","Recycle"],"picked":"SKIP","floor":28},{"not_picked":["Auto Shields","Ball Lightning","Rebound"],"picked":"SKIP","floor":31},{"not_picked":["Recycle","Blizzard+1"],"picked":"Compile Driver+1","floor":35},{"not_picked":["Hologram+1","Chaos","Redo"],"picked":"SKIP","floor":37},{"not_picked":["Conserve Battery","Ball Lightning","Leap+1"],"picked":"SKIP","floor":39},{"not_picked":["Cold Snap+1","Coolheaded"],"picked":"FTL+1","floor":40},{"not_picked":["Go for the Eyes","Sweeping Beam+1","BootSequence"],"picked":"SKIP","floor":42},{"not_picked":["Compile Driver+1","Recycle+1","Leap+1"],"picked":"SKIP","floor":44},{"not_picked":["Compile Driver+1","Ball Lightning+1","Rip and Tear"],"picked":"SKIP","floor":45},{"not_picked":["Tempest+1","Sweeping Beam+1","Rip and Tear"],"picked":"SKIP","floor":48}],"player_experience":364775,"relics_obtained":[{"floor":6,"key":"Pear"},{"floor":8,"key":"Bronze Scales"},{"floor":9,"key":"Pen Nib"},{"floor":13,"key":"Anchor"},{"floor":25,"key":"Old Coin"},{"floor":26,"key":"Shuriken"},{"floor":27,"key":"Unceasing Top"},{"floor":40,"key":"Bag of Preparation"},{"floor":43,"key":"Bottled Lightning"},{"floor":44,"key":"The Courier"},{"floor":47,"key":"Shovel"},{"floor":48,"key":"StoneCalendar"}],"event_choices":[{"event_name":"Liars Game","player_choice":"disagreed","floor":3,"damage_taken":0},{"event_name":"Scrap Ooze","player_choice":"success","floor":14,"damage_taken":12},{"event_name":"Duplicator","player_choice":"One dupe","floor":19,"damage_taken":0},{"event_name":"Beggar","player_choice":"Gave Gold","floor":20,"damage_taken":0},{"event_name":"Mysterious Sphere","player_choice":"Fight","floor":47,"damage_taken":0}],"is_beta":false,"boss_relics":[{"not_picked":["FrozenCore","Ectoplasm"],"picked":"Nuclear Battery"},{"not_picked":["White Beast Statue","Velvet Choker"],"picked":"Cursed Key"}],"items_purged_floors":[22,30,36,38],"is_endless":false,"potions_floor_spawned":[1,4,8,10,13,18,24,33,39,40,42,45,47],"killed_by":"Donu and Deca","ascension_level":4}