{"gold_per_floor":[110,124,89,109,109,109,130,130,130,141,152,163,221,256,256,328,378,398,398,135,189,203,203],"floor_reached":23,"playtime":1469,"items_purged":["Writhe"],"score":353,"play_id":"8beb5e69-fb03-4219-87f3-7c5d84fca7ce","local_time":"20190409000846","is_ascension_mode":true,"campfire_choices":[{"data":"Catalyst","floor":6,"key":"SMITH"},{"floor":8,"key":"REST"},{"floor":15,"key":"REST"}],"neow_cost":"NONE","seed_source_timestamp":210364932609955,"circlet_count":0,"master_deck":["AscendersBane","Defend_G","Defend_G","Defend_G","Defend_G","Defend_G+1","Strike_G","Strike_G","Strike_G","Strike_G","Strike_G","Survivor","Neutralize","Dagger Throw","Catalyst+1","Envenom","Flying Knee","Predator","Quick Slash","Venomology","Skewer","Mayhem","Crippling Poison"],"relics":["Velvet Choker","Odd Mushroom","Art of War","Meat on the Bone","Tiny House","Girya","Lantern"],"potions_floor_usage":[12,14,14,23,23],"damage_taken":[{"damage":12,"enemies":"Jaw Worm","floor":1,"turns":9},{"damage":0,"enemies":"2 Louse","floor":2,"turns":3},{"damage":6,"enemies":"Small Slimes","floor":4,"turns":4},{"damage":44,"enemies":"The Mushroom Lair","floor":7,"turns":6},{"damage":18,"enemies":"Exordium Wildlife","floor":10,"turns":7},{"damage":0,"enemies":"2 Fungi Beasts","floor":11,"turns":3},{"damage":8,"enemies":"Large Slime","floor":12,"turns":6},{"damage":12,"enemies":"Gremlin Nob","floor":14,"turns":4},{"damage":8,"enemies":"Hexaghost","floor":16,"turns":9},{"damage":43,"enemies":"Shell Parasite","floor":18,"turns":8},{"damage":21,"enemies":"Spheric Guardian","floor":22,"turns":5},{"damage":28,"enemies":"Book of Stabbing","floor":23,"turns":4}],"seed_played":"3696171671685283022","potions_obtained":[{"floor":2,"key":"EssenceOfSteel"},{"floor":11,"key":"Weak Potion"},{"floor":12,"key":"Swift Potion"},{"floor":16,"key":"Energy Potion"},{"floor":17,"key":"Energy Potion"}],"is_trial":false,"path_per_floor":["M","M","?","M","?","R","?","R","T","M","M","M","?","E","R","B",null,"M","?","$","T","M","E"],"character_chosen":"THE_SILENT","items_purchased":["Mayhem"],"campfire_rested":2,"item_purchase_floors":[20],"current_hp_per_floor":[47,47,63,57,62,62,18,39,39,21,21,13,13,1,22,26,65,34,34,34,34,25,0],"gold":203,"neow_bonus":"BOSS_RELIC","is_prod":false,"is_daily":false,"chose_seed":false,"campfire_upgraded":1,"win_rate":0,"timestamp":1554782926,"path_taken":["M","M","?","M","?","R","?","R","T","M","M","?","?","E","R","BOSS","M","?","?","?","M","E"],"build_version":"2019-01-23","purchased_purges":1,"victory":false,"max_hp_per_floor":[66,66,66,66,71,71,71,71,71,71,71,71,71,71,71,71,76,76,76,76,76,76,76],"card_choices":[{"not_picked":["Poisoned Stab","Underhanded Strike"],"picked":"Dagger Throw","floor":1},{"not_picked":["Sucker Punch","Dodge and Roll"],"picked":"Catalyst","floor":2},{"not_picked":["Acrobatics","Slice"],"picked":"Envenom","floor":4},{"not_picked":["Outmaneuver","Cloak And Dagger"],"picked":"Flying Knee","floor":7},{"not_picked":["Quick Slash","Prepared"],"picked":"Predator","floor":10},{"not_picked":["Blade Dance","Acrobatics","Prepared"],"picked":"SKIP","floor":11},{"not_picked":["Dodge and Roll","Blade Dance"],"picked":"Quick Slash","floor":12},{"not_picked":["Quick Slash","Storm of Steel","Setup"],"picked":"SKIP","floor":14},{"not_picked":["Grand Finale","Bullet Time"],"picked":"Venomology","floor":16},{"not_picked":["Predator","Caltrops"],"picked":"Skewer","floor":17},{"not_picked":["Dagger Spray","Accuracy","Bane"],"picked":"SKIP","floor":18},{"not_picked":["Deflect","Dodge and Roll"],"picked":"Crippling Poison","floor":22}],"player_experience":928290,"relics_obtained":[{"floor":7,"key":"Odd Mushroom"},{"floor":9,"key":"Art of War"},{"floor":14,"key":"Meat on the Bone"},{"floor":21,"key":"Lantern"}],"event_choices":[{"damage_healed":16,"gold_gain":0,"player_choice":"Healed","damage_taken":0,"max_hp_gain":0,"max_hp_loss":0,"event_name":"The Cleric","floor":3,"gold_loss":35},{"damage_healed":0,"gold_gain":0,"player_choice":"Donut","damage_taken":0,"max_hp_gain":5,"max_hp_loss":0,"event_name":"Big Fish","floor":5,"gold_loss":0},{"damage_healed":0,"gold_gain":0,"player_choice":"Fought Mushrooms","damage_taken":0,"max_hp_gain":0,"max_hp_loss":0,"event_name":"Mushrooms","floor":7,"gold_loss":0},{"damage_healed":0,"gold_gain":58,"player_choice":"Gained Gold","damage_taken":0,"max_hp_gain":0,"max_hp_loss":0,"event_name":"Golden Wing","floor":13,"gold_loss":0},{"damage_healed":0,"gold_gain":0,"player_choice":"Opened","damage_taken":0,"relics_obtained":["Girya"],"max_hp_gain":0,"max_hp_loss":0,"event_name":"The Mausoleum","floor":19,"gold_loss":0,"cards_obtained":["Writhe"]}],"is_beta":false,"boss_relics":[{"not_picked":["Black Star","Busted Crown"],"picked":"Tiny House"}],"items_purged_floors":[20],"is_endless":false,"potions_floor_spawned":[2,11,12,16,22],"killed_by":"Book of Stabbing","ascension_level":17}