{"gold_per_floor":[114,114,13,27,27,60,60,103,177,177,202,302,320,336,336,466,466,489,32,47,72,72,72,110,110,110,36,36,36,60,81,81,81],"floor_reached":33,"playtime":1805,"items_purged":["Strike_B","Strike_B"],"score":350,"play_id":"4fbb1429-40e0-4f00-a571-231055bb6e27","local_time":"20190419233608","is_ascension_mode":false,"campfire_choices":[{"data":"Coolheaded","floor":7,"key":"SMITH"},{"data":"Dualcast","floor":10,"key":"SMITH"},{"data":"Capacitor","floor":15,"key":"SMITH"},{"data":"Coolheaded","floor":23,"key":"SMITH"},{"data":"Double Energy","floor":25,"key":"SMITH"},{"data":"Buffer","floor":29,"key":"SMITH"},{"data":"Coolheaded","floor":32,"key":"SMITH"}],"neow_cost":"NONE","seed_source_timestamp":613541696040000,"circlet_count":0,"master_deck":["Strike_B","Strike_B","Defend_B","Defend_B","Defend_B","Defend_B","Zap","Dualcast+1","Ball Lightning","Ball Lightning","Coolheaded+1","Electrodynamics","Cold Snap","Coolheaded+1","Self Repair","Heatsinks","Capacitor+1","Biased Cognition","FTL","Double Energy+1","Defragment","Panache","Deep Breath","White Noise+1","Ghostly","Ghostly","Ghostly","Ghostly","Ghostly","White Noise+1","Buffer+1","Decay","Self Repair","Coolheaded+1"],"relics":["Cracked Core","NeowsBlessing","Golden Idol","Centennial Puzzle","Prayer Wheel","Mummified Hand","Runic Dome","Thread and Needle","Darkstone Periapt"],"potions_floor_usage":[8,16,16,33,33],"damage_taken":[{"damage":0,"enemies":"Cultist","floor":1,"turns":1},{"damage":0,"enemies":"Small Slimes","floor":4,"turns":1},{"damage":0,"enemies":"3 Sentries","floor":6,"turns":1},{"damage":14,"enemies":"Lagavulin","floor":8,"turns":6},{"damage":0,"enemies":"Jaw Worm","floor":11,"turns":3},{"damage":6,"enemies":"Exordium Thugs","floor":13,"turns":3},{"damage":7,"enemies":"Blue Slaver","floor":14,"turns":3},{"damage":21,"enemies":"Slime Boss","floor":16,"turns":6},{"damage":3,"enemies":"Shell Parasite","floor":18,"turns":3},{"damage":0,"enemies":"Spheric Guardian","floor":20,"turns":3},{"damage":5,"enemies":"Chosen and Byrds","floor":21,"turns":3},{"damage":0,"enemies":"Gremlin Leader","floor":24,"turns":5},{"damage":0,"enemies":"Snake Plant","floor":30,"turns":3},{"damage":0,"enemies":"Sentry and Sphere","floor":31,"turns":5},{"damage":68,"enemies":"Champ","floor":33,"turns":11}],"seed_played":"-8465546469963885542","potions_obtained":[{"floor":6,"key":"Block Potion"},{"floor":8,"key":"Poison Potion"},{"floor":11,"key":"Energy Potion"},{"floor":18,"key":"Strength Potion"},{"floor":30,"key":"Fire Potion"}],"is_trial":false,"path_per_floor":["M","?","$","M","?","E","R","E","T","R","M","?","M","M","R","B",null,"M","$","M","M","?","R","E","R","T","$","?","R","M","M","R","B"],"character_chosen":"DEFECT","items_purchased":["Ball Lightning","Defragment","Panache","Deep Breath","Buffer"],"campfire_rested":0,"item_purchase_floors":[3,19,19,19,27],"current_hp_per_floor":[75,57,57,57,57,57,57,43,43,43,43,43,44,44,44,30,75,75,75,75,75,37,37,37,37,37,37,43,43,43,43,43,0],"gold":81,"neow_bonus":"THREE_ENEMY_KILL","is_prod":false,"is_daily":false,"chose_seed":false,"campfire_upgraded":7,"win_rate":0.0,"timestamp":1555709768,"path_taken":["M","?","$","M","?","E","R","E","T","R","M","?","M","M","R","BOSS","M","$","M","M","?","R","E","R","T","$","?","R","M","M","R","BOSS"],"build_version":"2019-01-23","purchased_purges":2,"victory":false,"max_hp_per_floor":[75,75,75,75,75,75,75,75,75,75,75,75,75,75,75,75,75,75,75,75,75,37,37,37,37,37,37,43,43,43,43,43,43],"card_choices":[{"not_picked":["Leap","Chaos"],"picked":"Ball Lightning","floor":1},{"not_picked":["Cold Snap","Static Discharge"],"picked":"Coolheaded","floor":4},{"not_picked":["Go for the Eyes","Compile Driver"],"picked":"Electrodynamics","floor":6},{"not_picked":["Compile Driver","Leap"],"picked":"Cold Snap","floor":8},{"not_picked":["Hologram","Gash"],"picked":"Coolheaded","floor":11},{"not_picked":["Coolheaded","Steam"],"picked":"Self Repair","floor":11},{"not_picked":["Ball Lightning","Conserve Battery"],"picked":"Heatsinks","floor":13},{"not_picked":["Redo","Ball Lightning","Coolheaded"],"picked":"SKIP","floor":13},{"not_picked":["Redo","Melter"],"picked":"Capacitor","floor":14},{"not_picked":["Sweeping Beam","Thunder Strike","Compile Driver"],"picked":"SKIP","floor":14},{"not_picked":["Seek","Fission"],"picked":"Biased Cognition","floor":16},{"not_picked":["Redo","Leap"],"picked":"FTL","floor":18},{"not_picked":["Hologram","Go for the Eyes"],"picked":"Double Energy","floor":18},{"not_picked":["Auto Shields","Compile Driver"],"picked":"White Noise+1","floor":20},{"not_picked":["Scrape+1","Conserve Battery","Reprogram"],"picked":"SKIP","floor":20},{"not_picked":["Sweeping Beam","Force Field","Ball Lightning+1"],"picked":"SKIP","floor":21},{"not_picked":["Conserve Battery","Sweeping Beam","Compile Driver"],"picked":"SKIP","floor":21},{"not_picked":["Defragment","Beam Cell"],"picked":"White Noise+1","floor":24},{"not_picked":["Streamline+1","Conserve Battery","Gash"],"picked":"SKIP","floor":30},{"not_picked":["Ball Lightning","Conserve Battery+1","Steam+1"],"picked":"SKIP","floor":30},{"not_picked":["Sweeping Beam","Beam Cell"],"picked":"Self Repair","floor":31},{"not_picked":["Chaos","Seek"],"picked":"Coolheaded","floor":31}],"player_experience":205011,"relics_obtained":[{"floor":6,"key":"Centennial Puzzle"},{"floor":8,"key":"Prayer Wheel"},{"floor":9,"key":"Mummified Hand"},{"floor":24,"key":"Thread and Needle"},{"floor":26,"key":"Darkstone Periapt"}],"event_choices":[{"damage_healed":0,"gold_gain":0,"player_choice":"Take Damage","damage_taken":18,"relics_obtained":["Golden Idol"],"max_hp_gain":0,"max_hp_loss":0,"event_name":"Golden Idol","floor":2,"gold_loss":0},{"damage_healed":0,"gold_gain":0,"player_choice":"Leave","damage_taken":0,"max_hp_gain":0,"max_hp_loss":0,"event_name":"The Cleric","floor":5,"gold_loss":0},{"damage_healed":0,"gold_gain":100,"player_choice":"Gold","damage_taken":0,"max_hp_gain":0,"max_hp_loss":0,"event_name":"Wheel of Change","floor":12,"gold_loss":0},{"damage_healed":0,"gold_gain":0,"player_choice":"Became a Ghost","damage_taken":0,"max_hp_gain":0,"max_hp_loss":38,"event_name":"Ghosts","floor":22,"gold_loss":0,"cards_obtained":["Ghostly","Ghostly","Ghostly","Ghostly","Ghostly"]},{"damage_healed":0,"gold_gain":0,"player_choice":"Cursed","damage_taken":0,"max_hp_gain":0,"max_hp_loss":0,"event_name":"Wheel of Change","floor":28,"gold_loss":0,"cards_obtained":["Decay"]}],"is_beta":false,"boss_relics":[{"not_picked":["Cursed Key","Empty Cage"],"picked":"Runic Dome"}],"items_purged_floors":[3,19],"is_endless":false,"potions_floor_spawned":[6,8,11,18,30],"killed_by":"Champ","ascension_level":0}