{"gold_per_floor":[114,114,114,114,114,144,144,144,194,369,369,407,426,445,445,570,570,589,864,989,764,783,783,821,821,821,821,840,840,878,897,897,1022,1022,1041,1060,1079,299,299,337,356,356,356,375,375,394,34,53,53,53],"floor_reached":51,"playtime":12273,"items_purged":[],"score":1198,"play_id":"45bf66ff-015b-46c0-9c29-76b7c897f93f","local_time":"20190318203814","daily_mods":["Insanity","Hoarder","Lethality"],"is_ascension_mode":false,"campfire_choices":[{"floor":7,"key":"DIG"},{"floor":11,"key":"DIG"},{"floor":15,"key":"DIG"},{"floor":23,"key":"DIG"},{"floor":25,"key":"DIG"},{"floor":29,"key":"DIG"},{"floor":32,"key":"REST"},{"data":"Catalyst","floor":42,"key":"SMITH"},{"floor":45,"key":"DIG"},{"floor":49,"key":"DIG"}],"neow_cost":"","seed_source_timestamp":292001970332373,"circlet_count":0,"master_deck":["Choke+1","Poisoned Stab","Dagger Spray","Caltrops","Poisoned Stab","Dodge and Roll+1","Outmaneuver","Deflect","PiercingWail","Dagger Throw","Bane","Choke","Deadly Poison","Backflip","Dodge and Roll","Blade Dance","Slice","Acrobatics","Sucker Punch","Quick Slash","Catalyst+1","Masterful Stab","Outmaneuver","Prepared+1","Dagger Spray","Calculated Gamble","Cloak And Dagger","Deflect","Dagger Spray","Escape Plan","Skewer","Dagger Throw","Deadly Poison","Calculated Gamble","Concentrate","Dagger Throw+1","Acrobatics","Dash","Bane","Deadly Poison","Masterful Stab","Distraction","Escape Plan","Distraction+1","Slice","Finisher","Sucker Punch","Skewer","Outmaneuver","Doubt","Doubt","Doubt","Endless Agony","Endless Agony","Endless Agony","Flying Knee","Flying Knee","Flying Knee","Tools of the Trade","Tools of the Trade","Tools of the Trade","Poisoned Stab","Poisoned Stab","Poisoned Stab","Regret","Regret","Regret","Slice","Slice","Slice","Deadly Poison","Deadly Poison","Deadly Poison","Backstab","Backstab","Backstab","Bane+1","Bane+1","Bane+1","Adrenaline","Adrenaline","Adrenaline","Flying Knee+1","Flying Knee+1","Flying Knee+1","Underhanded Strike+1","Underhanded Strike+1","Underhanded Strike+1","Master of Strategy","Master of Strategy","Master of Strategy","Catalyst+1","Catalyst+1","Catalyst+1","Backstab+1","Backstab+1","Backstab+1","Escape Plan","Escape Plan","Escape Plan"],"special_seed":17974,"relics":["Ring of the Snake","Boot","Shovel","Matryoshka","Golden Idol","Question Card","Juzu Bracelet","War Paint","Ornamental Fan","Shuriken","Busted Crown","The Specimen","Blue Candle","TwistedFunnel","Dream Catcher","Sundial","Pear","Potion Belt","The Courier","Omamori","Incense Burner","Cursed Key","Whetstone","Turnip","Medical Kit","Strawberry","Bird Faced Urn","Tough Bandages","Ninja Scroll","Happy Flower","Lantern","Blood Vial","Torii"],"potions_floor_usage":[24,33,40,50,50,50,50],"damage_taken":[{"damage":0,"enemies":"2 Louse","floor":1,"turns":1},{"damage":10,"enemies":"3 Sentries","floor":6,"turns":2},{"damage":0,"enemies":"Gremlin Nob","floor":12,"turns":2},{"damage":0,"enemies":"Cultist","floor":13,"turns":2},{"damage":0,"enemies":"Jaw Worm","floor":14,"turns":2},{"damage":39,"enemies":"Hexaghost","floor":16,"turns":6},{"damage":0,"enemies":"3 Byrds","floor":18,"turns":2},{"damage":15,"enemies":"Colosseum Slavers","floor":20,"turns":3},{"damage":11,"enemies":"Colosseum Nobs","floor":20,"turns":3},{"damage":0,"enemies":"Shell Parasite","floor":22,"turns":2},{"damage":14,"enemies":"Book of Stabbing","floor":24,"turns":2},{"damage":0,"enemies":"Snake Plant","floor":28,"turns":2},{"damage":18,"enemies":"Slavers","floor":30,"turns":2},{"damage":1,"enemies":"Centurion and Healer","floor":31,"turns":2},{"damage":29,"enemies":"Collector","floor":33,"turns":5},{"damage":4,"enemies":"Orb Walker","floor":35,"turns":2},{"damage":4,"enemies":"3 Shapes","floor":36,"turns":1},{"damage":2,"enemies":"Writhing Mass","floor":37,"turns":3},{"damage":1,"enemies":"Reptomancer","floor":40,"turns":4},{"damage":2,"enemies":"3 Darklings","floor":41,"turns":2},{"damage":3,"enemies":"4 Shapes","floor":44,"turns":2},{"damage":7,"enemies":"Spire Growth","floor":46,"turns":2},{"damage":0,"enemies":"3 Darklings","floor":48,"turns":2},{"damage":1,"enemies":"Donu and Deca","floor":50,"turns":4}],"seed_played":"5487330294901235935","potions_obtained":[{"floor":1,"key":"Fire Potion"},{"floor":28,"key":"GhostInAJar"},{"floor":30,"key":"Fire Potion"},{"floor":31,"key":"FairyPotion"},{"floor":33,"key":"SkillPotion"},{"floor":36,"key":"EssenceOfSteel"},{"floor":40,"key":"Fire Potion"},{"floor":41,"key":"Weak Potion"}],"is_trial":false,"path_per_floor":["M","?","$","T","?","E","R","?","T","?","R","E","M","M","R","B",null,"M","?","?","$","M","R","E","R","T","?","M","R","E","M","R","B",null,"M","M","M","$","?","E","M","R","T","M","R","M","$","M","R","B",null],"character_chosen":"THE_SILENT","items_purchased":["TwistedFunnel","Deadly Poison","Whetstone","Turnip","Medical Kit","Strawberry","Master of Strategy","Happy Flower","Lantern","Blood Vial"],"campfire_rested":1,"item_purchase_floors":[21,21,38,38,38,38,38,47,47,47],"current_hp_per_floor":[70,70,70,70,70,60,60,43,43,43,43,43,43,43,43,4,70,70,70,44,44,44,44,30,40,40,40,40,40,22,21,45,16,80,76,72,70,77,77,76,76,76,76,73,73,66,66,68,68,69],"gold":53,"neow_bonus":"","is_prod":false,"is_daily":true,"chose_seed":false,"campfire_upgraded":1,"win_rate":0,"timestamp":1552966694,"path_taken":["M","?","$","?","?","E","R","?","T","?","R","E","M","M","R","BOSS","M","?","?","$","M","R","E","R","T","?","M","R","E","M","R","BOSS","M","M","M","$","?","E","M","R","T","M","R","M","$","M","R","BOSS"],"build_version":"2019-01-23","purchased_purges":0,"victory":true,"max_hp_per_floor":[70,70,70,70,70,70,70,70,70,70,70,70,70,70,70,70,70,70,70,70,70,70,70,70,80,80,80,80,80,80,80,80,80,80,80,80,80,87,87,87,87,87,87,87,87,87,87,87,87,87],"card_choices":[{"not_picked":["Deflect","Eviscerate","Heel Hook"],"picked":"SKIP","floor":1},{"not_picked":["Eviscerate","Deflect","Blade Dance"],"picked":"SKIP","floor":6},{"not_picked":["PiercingWail","Expertise","Backflip"],"picked":"Endless Agony","floor":12},{"not_picked":["Bane","Sucker Punch","Bouncing Flask","Reflex"],"picked":"SKIP","floor":13},{"not_picked":["Deadly Poison","Heel Hook","Acrobatics"],"picked":"Flying Knee","floor":14},{"not_picked":["Burst","Night Terror","Envenom"],"picked":"Tools of the Trade","floor":16},{"not_picked":["Quick Slash"],"picked":"Poisoned Stab","floor":18},{"not_picked":["Backflip"],"picked":"Slice","floor":20},{"not_picked":["Cloak And Dagger","Dash"],"picked":"SKIP","floor":22},{"not_picked":["Accuracy+1","Acrobatics"],"picked":"SKIP","floor":24},{"not_picked":["PiercingWail"],"picked":"Backstab","floor":28},{"not_picked":["Doppelganger","Deflect+1"],"picked":"SKIP","floor":30},{"not_picked":["Quick Slash","Caltrops"],"picked":"SKIP","floor":31},{"not_picked":["Deadly Poison"],"picked":"Bane+1","floor":32},{"not_picked":["Night Terror"],"picked":"Adrenaline","floor":33},{"not_picked":["Sucker Punch+1"],"picked":"Flying Knee+1","floor":35},{"not_picked":["PiercingWail+1"],"picked":"Underhanded Strike+1","floor":36},{"not_picked":["Backflip","Flechettes"],"picked":"SKIP","floor":37},{"not_picked":["Outmaneuver+1"],"picked":"Catalyst+1","floor":40},{"not_picked":["Dagger Spray"],"picked":"Backstab+1","floor":41},{"not_picked":["Backflip+1","Noxious Fumes+1"],"picked":"SKIP","floor":44},{"not_picked":["Cloak And Dagger+1"],"picked":"Escape Plan","floor":46},{"not_picked":["Sucker Punch+1","Dagger Throw"],"picked":"SKIP","floor":48}],"player_experience":1408479,"relics_obtained":[{"floor":4,"key":"Boot"},{"floor":6,"key":"Shovel"},{"floor":7,"key":"Matryoshka"},{"floor":9,"key":"Question Card"},{"floor":9,"key":"Juzu Bracelet"},{"floor":11,"key":"War Paint"},{"floor":12,"key":"Ornamental Fan"},{"floor":15,"key":"Shuriken"},{"floor":20,"key":"The Specimen"},{"floor":20,"key":"Blue Candle"},{"floor":23,"key":"Dream Catcher"},{"floor":24,"key":"Sundial"},{"floor":25,"key":"Pear"},{"floor":26,"key":"Potion Belt"},{"floor":26,"key":"The Courier"},{"floor":29,"key":"Omamori"},{"floor":30,"key":"Incense Burner"},{"floor":40,"key":"Bird Faced Urn"},{"floor":43,"key":"Tough Bandages"},{"floor":45,"key":"Ninja Scroll"},{"floor":49,"key":"Torii"}],"event_choices":[{"cards_removed":["Accuracy"],"damage_healed":0,"gold_gain":0,"player_choice":"Offered Uncommon","damage_taken":0,"max_hp_gain":0,"max_hp_loss":0,"event_name":"Bonfire Elementals","floor":2,"gold_loss":0},{"damage_healed":0,"gold_gain":0,"player_choice":"Grow","damage_taken":0,"max_hp_gain":0,"max_hp_loss":0,"event_name":"Living Wall","floor":5,"gold_loss":0,"cards_upgraded":["Distraction"]},{"damage_healed":0,"gold_gain":0,"player_choice":"Take Damage","damage_taken":17,"relics_obtained":["Golden Idol"],"max_hp_gain":0,"max_hp_loss":0,"event_name":"Golden Idol","floor":8,"gold_loss":0},{"damage_healed":0,"gold_gain":175,"player_choice":"AGREE","damage_taken":0,"max_hp_gain":0,"max_hp_loss":0,"event_name":"Liars Game","floor":10,"gold_loss":0,"cards_obtained":["Doubt"]},{"damage_healed":0,"gold_gain":275,"player_choice":"Desecrate","damage_taken":0,"max_hp_gain":0,"max_hp_loss":0,"event_name":"Golden Shrine","floor":19,"gold_loss":0,"cards_obtained":["Regret"]},{"damage_healed":0,"gold_gain":0,"player_choice":"Fight","damage_taken":0,"max_hp_gain":0,"max_hp_loss":0,"event_name":"Colosseum","floor":20,"gold_loss":0},{"damage_healed":0,"gold_gain":0,"player_choice":"Fought Nobs","damage_taken":0,"max_hp_gain":0,"max_hp_loss":0,"event_name":"Colosseum","floor":20,"gold_loss":0},{"damage_healed":0,"gold_gain":0,"player_choice":"Ignored","damage_taken":0,"max_hp_gain":0,"max_hp_loss":0,"event_name":"Ghosts","floor":27,"gold_loss":0},{"damage_healed":0,"gold_gain":0,"player_choice":"Memory 1","damage_taken":0,"max_hp_gain":0,"max_hp_loss":0,"event_name":"SensoryStone","floor":39,"gold_loss":0}],"is_beta":false,"boss_relics":[{"not_picked":["Sozu","WristBlade"],"picked":"Busted Crown"},{"not_picked":["Tiny House","Philosopher\u0027s Stone"],"picked":"Cursed Key"}],"items_purged_floors":[],"is_endless":false,"potions_floor_spawned":[1,20,28,30,31,33,36,40,41,44],"ascension_level":0}