{"gold_per_floor":[210,68,68,78,91,91,91,125,152,185,185,202,202,213,213,292,292,310,310,326,344,32,32,57,71,71,82,115,115,127],"floor_reached":30,"playtime":4432,"items_purged":["Strike_G"],"score":534,"play_id":"5cd4ca4c-f9d7-48bf-85fc-a7d3eca81c06","local_time":"20190403193347","is_ascension_mode":true,"campfire_choices":[{"data":"Neutralize","floor":6.0,"key":"SMITH"},{"data":"Dash","floor":11.0,"key":"SMITH"},{"floor":13.0,"key":"REST"},{"data":"Footwork","floor":15.0,"key":"SMITH"},{"floor":23,"key":"REST"}],"neow_cost":"NONE","seed_source_timestamp":0,"circlet_count":0,"master_deck":["AscendersBane","Defend_G","Defend_G","Defend_G","Defend_G","Defend_G","Strike_G","Strike_G","Strike_G","Survivor","Neutralize+1","Predator","After Image","Dash+1","Footwork+1","Footwork","Dagger Throw","Poisoned Stab","Dagger Spray","Deflect","Prepared+1"],"special_seed":0,"relics":["Ring of the Snake","Oddly Smooth Stone","Smiling Mask","PreservedInsect","Philosopher\u0027s Stone","Paper Crane","Kunai","Letter Opener","Question Card","MawBank"],"potions_floor_usage":[30,30],"damage_taken":[{"damage":0.0,"enemies":"Jaw Worm","floor":1.0,"turns":8.0},{"damage":1.0,"enemies":"Small Slimes","floor":4.0,"turns":4.0},{"damage":0.0,"enemies":"2 Louse","floor":5.0,"turns":3.0},{"damage":32.0,"enemies":"3 Sentries","floor":8.0,"turns":14.0},{"damage":0.0,"enemies":"Lagavulin","floor":10.0,"turns":13.0},{"damage":15.0,"enemies":"Gremlin Gang","floor":12.0,"turns":7.0},{"damage":2.0,"enemies":"Exordium Thugs","floor":14.0,"turns":6.0},{"damage":6.0,"enemies":"The Guardian","floor":16.0,"turns":17.0},{"damage":2,"enemies":"Shell Parasite","floor":18,"turns":7},{"damage":11,"enemies":"Spheric Guardian","floor":20,"turns":5},{"damage":12,"enemies":"Centurion and Healer","floor":21,"turns":8},{"damage":4,"enemies":"Gremlin Leader","floor":24,"turns":8},{"damage":5,"enemies":"Shelled Parasite and Fungi","floor":25,"turns":7},{"damage":29,"enemies":"Sentry and Sphere","floor":27,"turns":9},{"damage":3,"enemies":"Book of Stabbing","floor":28,"turns":7},{"damage":9,"enemies":"Slavers","floor":30,"turns":2}],"seed_played":"-2187477655913147754","potions_obtained":[{"floor":4.0,"key":"Ancient Potion"},{"floor":5.0,"key":"SpeedPotion"},{"floor":10.0,"key":"Dexterity Potion"},{"floor":16.0,"key":"Ancient Potion"},{"floor":18,"key":"Explosive Potion"},{"floor":28,"key":"Weak Potion"}],"is_trial":false,"path_per_floor":["M","$","?","M","M","R","?","E","T","E","R","M","R","M","R","B",null,"M","?","M","M","$","R","E","M","T","M","E","T","E"],"character_chosen":"THE_SILENT","items_purchased":["After Image","Paper Crane"],"campfire_rested":2,"item_purchase_floors":[2,22],"current_hp_per_floor":[59,59,52,51,51,51,51,19,19,19,19,4,23,21,21,15,53,51,51,40,28,28,47,43,38,38,9,6,6,0],"gold":127,"neow_bonus":"HUNDRED_GOLD","is_prod":false,"is_daily":false,"chose_seed":false,"campfire_upgraded":3,"win_rate":0,"timestamp":1554280427,"path_taken":["M","$","?","M","M","R","?","E","T","E","R","M","R","M","R","BOSS","M","?","?","M","$","R","E","M","T","M","E","?","E"],"build_version":"2019-01-23","purchased_purges":1,"victory":false,"max_hp_per_floor":[66,66,66,66,66,66,66,66,66,66,66,66,66,66,66,66,66,66,66,66,66,66,66,66,66,66,66,66,66,66],"card_choices":[{"not_picked":["Prepared","Reflex"],"picked":"Predator","floor":1.0},{"not_picked":["Dodge and Roll","Sucker Punch"],"picked":"Dash","floor":4.0},{"not_picked":["Poisoned Stab","Catalyst"],"picked":"Footwork","floor":5.0},{"not_picked":["Dagger Spray","All Out Attack"],"picked":"Footwork","floor":8.0},{"not_picked":["Footwork","Deadly Poison","Catalyst"],"picked":"SKIP","floor":10.0},{"not_picked":["Distraction","Dodge and Roll","Bouncing Flask"],"picked":"SKIP","floor":12.0},{"not_picked":["Sucker Punch","Heel Hook"],"picked":"Dagger Throw","floor":14.0},{"not_picked":["Bane","Prepared"],"picked":"Poisoned Stab","floor":18},{"not_picked":["Distraction","Concentrate"],"picked":"Dagger Spray","floor":20},{"not_picked":["Poisoned Stab","Dagger Throw","Reflex"],"picked":"SKIP","floor":21},{"not_picked":["Outmaneuver","Dagger Throw","Dodge and Roll"],"picked":"SKIP","floor":24},{"not_picked":["Masterful Stab","Backflip","Acrobatics"],"picked":"SKIP","floor":25},{"not_picked":["Blade Dance","Deadly Poison"],"picked":"Deflect","floor":27},{"not_picked":["Choke+1","Reflex"],"picked":"Prepared+1","floor":28}],"player_experience":433343,"relics_obtained":[{"floor":8.0,"key":"Oddly Smooth Stone"},{"floor":9.0,"key":"Smiling Mask"},{"floor":10.0,"key":"PreservedInsect"},{"floor":24,"key":"Kunai"},{"floor":26,"key":"Letter Opener"},{"floor":28,"key":"Question Card"},{"floor":29,"key":"MawBank"}],"event_choices":[{"cards_removed":["Strike_G"],"damage_healed":0.0,"max_hp_gain":0.0,"max_hp_loss":0.0,"gold_gain":0.0,"event_name":"Golden Wing","player_choice":"Card Removal","floor":3.0,"gold_loss":0.0,"damage_taken":7.0},{"damage_healed":0.0,"max_hp_gain":0.0,"max_hp_loss":0.0,"gold_gain":0.0,"event_name":"Liars Game","player_choice":"Ignored","floor":7.0,"gold_loss":0.0,"damage_taken":0.0},{"damage_healed":0,"gold_gain":0,"player_choice":"Got Potions","damage_taken":0,"max_hp_gain":0,"max_hp_loss":0,"event_name":"Lab","floor":19,"gold_loss":0}],"is_beta":false,"boss_relics":[{"not_picked":["Empty Cage","Velvet Choker"],"picked":"Philosopher\u0027s Stone"}],"items_purged_floors":[22],"is_endless":false,"potions_floor_spawned":[4,5,10,16,18,24,27,28],"killed_by":"Slavers","ascension_level":15}