{"path_per_floor":["M","?","$","T","$","R","M","M","T","?","?","E","R","$","R","B",null,"M","?","?","$","M","R","$","R","T","M","M","R","$","M","R"],"character_chosen":"IRONCLAD","items_purchased":["Twin Strike","Bronze Scales","Thunderclap","Ghostly Armor"],"gold_per_floor":[210,210,84,110,10,10,24,35,35,35,110,151,151,26,26,146,146,169,169,169,19,40,40,15,15,15,36,54,54,16,31,31],"floor_reached":33,"campfire_rested":2,"playtime":1243,"current_hp_per_floor":[71,64,64,64,64,64,68,74,74,55,44,33,33,33,56,27,65,60,60,60,60,53,53,53,53,53,56,54,54,54,34,57],"items_purged":["Strike_R","Strike_R","Strike_R"],"gold":31,"score":386,"play_id":"d79a6ad8-d269-4bec-bda6-f210ac2d37b2","is_prod":false,"is_daily":false,"is_ascension_mode":true,"campfire_upgraded":5,"path_taken":["M","?","$","?","$","R","M","?","T","?","?","E","R","?","R","BOSS","M","?","?","?","?","R","?","R","T","M","M","R","$","?","R","BOSS"],"build_version":"2018-02-22-PROD2","purchased_purges":6,"victory":false,"master_deck":["Strike_R","Strike_R","Defend_R","Defend_R","Defend_R","Defend_R","Bash+1","Pommel Strike","Twin Strike","Inflame+1","Shockwave+1","Evolve+1","Reaper","Reaper","Normality","Disarm+1","Thunderclap","Whirlwind","Shrug It Off","Ghostly Armor"],"max_hp_per_floor":[80,77,77,77,77,77,77,77,77,77,77,77,77,77,77,77,77,77,77,77,77,77,77,77,77,77,77,77,77,77,77,77],"relics":["Burning Blood","Happy Flower","Thread and Needle","Golden Idol","Blue Candle","Philosopher\u0027s Stone","Self Forming Clay","Bronze Scales","Prayer Wheel"],"card_choices":[{"not_picked":["Carnage","Corruption"],"picked":"Pommel Strike"},{"not_picked":["Hemokinesis","Evolve"],"picked":"Inflame"},{"not_picked":["Heavy Blade","Spot Weakness"],"picked":"Shockwave"},{"not_picked":["Burning Pact","Shockwave"],"picked":"Evolve"},{"not_picked":["Fiend Fire","Brutality"],"picked":"Reaper"},{"not_picked":["Dropkick","Twin Strike"],"picked":"Disarm"},{"not_picked":["Havoc","Thunderclap"],"picked":"Whirlwind"},{"not_picked":["Fire Breathing","Armaments"],"picked":"Shrug It Off"}],"player_experience":190845,"potions_floor_usage":[12,16,33],"damage_taken":[{"damage":7,"enemies":"2 Louse","floor":1,"turns":3},{"damage":2,"enemies":"Jaw Worm","floor":7,"turns":3},{"damage":0,"enemies":"Cultist","floor":8,"turns":2},{"damage":17,"enemies":"Gremlin Nob","floor":12,"turns":4},{"damage":47,"enemies":"The Guardian","floor":16,"turns":12},{"damage":20,"enemies":"Shell Parasite","floor":18,"turns":5},{"damage":19,"enemies":"Spheric Guardian","floor":22,"turns":5},{"damage":30,"enemies":"Centurion and Healer","floor":27,"turns":5},{"damage":20,"enemies":"Snake Plant","floor":28,"turns":4},{"damage":30,"enemies":"Sentry and Sphere","floor":31,"turns":6},{"damage":78,"enemies":"Champ","floor":33,"turns":16}],"event_choices":[{"event_name":"Golden Wing","player_choice":"Card Removal","floor":2,"damage_taken":0},{"event_name":"Golden Idol","player_choice":"Take Damage","floor":10,"damage_taken":0},{"event_name":"World of Goop","player_choice":"Gather Gold","floor":11,"damage_taken":0},{"event_name":"Duplicator","player_choice":"One dupe","floor":19,"damage_taken":0},{"event_name":"Accursed Blacksmith","player_choice":"Rummage","floor":20,"damage_taken":0}],"boss_relics":[{"not_picked":["Runic Cube","Snecko Eye"],"picked":"Philosopher\u0027s Stone"}],"potions_floor_spawned":[1,12,27],"seed_played":"8163754730492979624","killed_by":"Champ","ascension_level":12,"is_trial":false}