{"gold_per_floor":[111,126,140,140,159,184,199,217,217,74,74,74,87,118,118,219,219,234,157,171,187,187,187],"floor_reached":23,"playtime":1013,"items_purged":["Eviscerate"],"score":255,"play_id":"6604db28-506b-4cb4-9fde-0bc0627267d5","local_time":"20180726205901","is_ascension_mode":false,"campfire_choices":[{"data":"Neutralize","floor":11,"key":"SMITH"},{"floor":15,"key":"REST"}],"neow_cost":"NONE","seed_source_timestamp":183981035770152,"circlet_count":0,"master_deck":["Survivor","Neutralize+1","Bane+1","Deflect","Quick Slash","Crippling Poison","Dodge and Roll","Sucker Punch","Outmaneuver","Expertise","Backflip","Well Laid Plans+1","Dagger Throw","Noxious Fumes","Acrobatics","Cloak And Dagger","Die Die Die","Dash","PiercingWail","Die Die Die","Accuracy+1","J.A.X.","Blur+1","Caltrops+1"],"relics":["Pandora\u0027s Box","Boot","Pantograph","FaceOfCleric","Blood Vial","Empty Cage"],"potions_floor_usage":[6,6,14,16,23],"damage_taken":[{"damage":0,"enemies":"Cultist","floor":1,"turns":3},{"damage":0,"enemies":"Small Slimes","floor":2,"turns":3},{"damage":4,"enemies":"Jaw Worm","floor":3,"turns":3},{"damage":1,"enemies":"2 Fungi Beasts","floor":5,"turns":4},{"damage":5,"enemies":"3 Sentries","floor":6,"turns":5},{"damage":5,"enemies":"Blue Slaver","floor":7,"turns":3},{"damage":5,"enemies":"Red Slaver","floor":8,"turns":3},{"damage":9,"enemies":"Lots of Slimes","floor":13,"turns":2},{"damage":18,"enemies":"Lagavulin","floor":14,"turns":4},{"damage":0,"enemies":"Slime Boss","floor":16,"turns":7},{"damage":17,"enemies":"3 Byrds","floor":18,"turns":5},{"damage":8,"enemies":"2 Thieves","floor":20,"turns":3},{"damage":12,"enemies":"3 Cultists","floor":21,"turns":5},{"damage":62,"enemies":"Slavers","floor":23,"turns":4}],"seed_played":"-6085717874181433764","potions_obtained":[{"floor":2,"key":"Explosive Potion"},{"floor":5,"key":"EssenceOfSteel"},{"floor":7,"key":"Strength Potion"},{"floor":8,"key":"PowerPotion"},{"floor":13,"key":"GamblersBrew"},{"floor":18,"key":"FearPotion"},{"floor":20,"key":"Dexterity Potion"}],"is_trial":false,"path_per_floor":["M","M","M","?","M","E","M","M","T","$","R","?","M","E","R","B",null,"M","?","M","M","?"],"character_chosen":"THE_SILENT","items_purchased":["Die Die Die"],"campfire_rested":1,"item_purchase_floors":[10],"current_hp_per_floor":[70,70,66,52,51,46,41,36,36,36,36,36,28,11,32,60,73,57,57,52,43,43,0],"gold":187,"neow_bonus":"BOSS_RELIC","is_prod":false,"is_daily":false,"chose_seed":false,"campfire_upgraded":1,"win_rate":0,"timestamp":1532602741,"path_taken":["M","M","?","?","M","E","M","M","T","$","R","?","?","E","R","BOSS","M","?","M","?","?","E"],"build_version":"2018-07-19v2","purchased_purges":1,"victory":false,"max_hp_per_floor":[70,70,70,70,70,70,70,70,70,70,70,70,71,72,72,73,73,74,74,75,76,76,76],"card_choices":[{"not_picked":["Deadly Poison","Eviscerate"],"picked":"Expertise","floor":1},{"not_picked":["Bane","Setup"],"picked":"Backflip","floor":2},{"not_picked":["Dagger Spray","Quick Slash"],"picked":"Well Laid Plans","floor":3},{"not_picked":["Accuracy","Endless Agony"],"picked":"Dagger Throw","floor":5},{"not_picked":["Backstab","Envenom"],"picked":"Noxious Fumes","floor":6},{"not_picked":["Skewer","Dagger Throw"],"picked":"Acrobatics","floor":7},{"not_picked":["Riddle With Holes","Reflex"],"picked":"Cloak And Dagger","floor":8},{"not_picked":["Prepared","Dagger Throw"],"picked":"Dash","floor":13},{"not_picked":["Choke","Catalyst"],"picked":"PiercingWail","floor":14},{"not_picked":["Storm of Steel","Burst"],"picked":"Die Die Die","floor":16},{"not_picked":["Dash","Cloak And Dagger"],"picked":"Accuracy+1","floor":18},{"not_picked":["Crippling Poison","Dagger Spray"],"picked":"Blur+1","floor":20},{"not_picked":["Acrobatics","Bane"],"picked":"Caltrops+1","floor":21}],"player_experience":125664,"relics_obtained":[{"floor":6,"key":"Boot"},{"floor":9,"key":"Pantograph"},{"floor":14,"key":"Blood Vial"}],"event_choices":[{"event_name":"Shining Light","player_choice":"Entered Light","floor":4,"damage_taken":0},{"event_name":"FaceTrader","player_choice":"Trade","floor":12,"damage_taken":0},{"event_name":"Drug Dealer","player_choice":"Got JAXXED","floor":19,"damage_taken":0},{"event_name":"Match and Keep!","player_choice":"0 cards matched","floor":22,"damage_taken":0}],"is_beta":false,"boss_relics":[{"not_picked":["Runic Pyramid","Tiny House"],"picked":"Empty Cage"}],"items_purged_floors":[10],"is_endless":false,"potions_floor_spawned":[2,5,7,8,13,18,20],"killed_by":"Slavers","ascension_level":0}