{"gold_per_floor":[159,0,0,11,86,86,40,40,64,64,64,64,64,84,84,184,184,202,220,71,71,0,0,0,0,0,13,29,29,56,75,75,75],"floor_reached":33,"playtime":1554,"items_purged":["Strike_G"],"score":253,"play_id":"d8a88ddb-e875-4213-8bc2-aca0f71aeab3","local_time":"20190326022734","is_ascension_mode":false,"campfire_choices":[{"data":"Trip","floor":6,"key":"SMITH"},{"data":"Bane","floor":8,"key":"SMITH"},{"data":"Dodge and Roll","floor":10,"key":"SMITH"},{"data":"Deadly Poison","floor":12,"key":"SMITH"},{"data":"Footwork","floor":15,"key":"SMITH"},{"floor":23,"key":"REST"},{"floor":29,"key":"REST"},{"floor":32,"key":"REST"}],"neow_cost":"NONE","seed_source_timestamp":1431162648902412,"circlet_count":0,"master_deck":["Defend_G+1","Defend_G","Defend_G","Defend_G","Defend_G","Strike_G+1","Strike_G","Strike_G","Strike_G","Survivor","Neutralize+1","Dodge and Roll+1","Backflip","Footwork+1","Trip+1","Bane+1","Deadly Poison+1","Backstab","Corpse Explosion","Bane","Noxious Fumes","Bane+1","Burst","Footwork"],"relics":["Tiny House"],"potions_floor_usage":[18,19,25,33,33],"damage_taken":[{"damage":0,"enemies":"Small Slimes","floor":1,"turns":3},{"damage":0,"enemies":"Jaw Worm","floor":4,"turns":5},{"damage":0,"enemies":"2 Louse","floor":14,"turns":3},{"damage":13,"enemies":"Hexaghost","floor":16,"turns":12},{"damage":1,"enemies":"2 Thieves","floor":18,"turns":3},{"damage":14,"enemies":"Spheric Guardian","floor":19,"turns":6},{"damage":25,"enemies":"Colosseum Slavers","floor":21,"turns":4},{"damage":2,"enemies":"Chosen and Byrds","floor":25,"turns":4},{"damage":14,"enemies":"Snecko","floor":27,"turns":7},{"damage":12,"enemies":"3 Cultists","floor":28,"turns":3},{"damage":36,"enemies":"Book of Stabbing","floor":30,"turns":8},{"damage":14,"enemies":"Centurion and Healer","floor":31,"turns":7},{"damage":20,"enemies":"Collector","floor":33,"turns":3}],"seed_played":"-5748275657375879066","potions_obtained":[{"floor":0,"key":"SmokeBomb"},{"floor":4,"key":"Ancient Potion"},{"floor":14,"key":"Explosive Potion"},{"floor":30,"key":"EssenceOfSteel"},{"floor":31,"key":"PowerPotion"}],"is_trial":false,"path_per_floor":["M","$","?","M","?","R","$","R","T","R","?","R","T","M","R","B",null,"M","M","$","?","?","R","$","M","T","M","M","R","E","M","R","B"],"character_chosen":"THE_SILENT","items_purchased":["Footwork","Trip","Deadly Poison","Noxious Fumes"],"campfire_rested":3,"item_purchase_floors":[2,2,7,20],"current_hp_per_floor":[75,75,60,60,49,49,49,49,49,49,49,49,49,49,49,36,75,74,60,60,35,35,57,57,55,55,41,29,51,15,1,23,3],"gold":75,"neow_bonus":"BOSS_RELIC","is_prod":false,"is_daily":false,"chose_seed":false,"campfire_upgraded":5,"win_rate":0,"timestamp":1553581654,"path_taken":["M","$","?","M","?","R","$","R","T","R","?","R","?","M","R","BOSS","M","M","$","?","?","R","$","M","T","M","M","R","E","M","R","BOSS"],"build_version":"2019-01-23","purchased_purges":1,"victory":false,"max_hp_per_floor":[75,75,75,75,75,75,75,75,75,75,75,75,75,75,75,75,75,75,75,75,75,75,75,75,75,75,75,75,75,75,75,75,75],"card_choices":[{"not_picked":["Acrobatics","Terror"],"picked":"Dodge and Roll","floor":0},{"not_picked":["Deadly Poison","Blade Dance"],"picked":"Backflip","floor":1},{"not_picked":["Dash","PiercingWail"],"picked":"Bane","floor":4},{"not_picked":["Setup","Sucker Punch"],"picked":"Backstab","floor":14},{"not_picked":["A Thousand Cuts","Night Terror"],"picked":"Corpse Explosion","floor":16},{"not_picked":["Dagger Spray+1","Slice","Choke"],"picked":"SKIP","floor":18},{"not_picked":["Bouncing Flask","Eviscerate"],"picked":"Bane","floor":19},{"not_picked":["Riddle With Holes","Skewer+1"],"picked":"Bane+1","floor":27},{"not_picked":["Dagger Throw","Bouncing Flask","Slice"],"picked":"SKIP","floor":28},{"not_picked":["Dagger Spray","Poisoned Stab"],"picked":"Burst","floor":30},{"not_picked":["Flying Knee+1","Cloak And Dagger"],"picked":"Footwork","floor":31}],"player_experience":888321,"relics_obtained":[],"event_choices":[{"damage_healed":0,"gold_gain":0,"player_choice":"Entered Light","damage_taken":15,"max_hp_gain":0,"max_hp_loss":0,"event_name":"Shining Light","floor":3,"gold_loss":0,"cards_upgraded":["Strike_G","Defend_G"]},{"damage_healed":0,"gold_gain":75,"player_choice":"Gather Gold","damage_taken":11,"max_hp_gain":0,"max_hp_loss":0,"event_name":"World of Goop","floor":5,"gold_loss":0},{"damage_healed":0,"gold_gain":0,"player_choice":"Fled","damage_taken":0,"max_hp_gain":0,"max_hp_loss":0,"event_name":"Scrap Ooze","floor":11,"gold_loss":0},{"damage_healed":0,"gold_gain":0,"player_choice":"Fight","damage_taken":0,"max_hp_gain":0,"max_hp_loss":0,"event_name":"Colosseum","floor":21,"gold_loss":0},{"damage_healed":0,"gold_gain":0,"player_choice":"Fled From Nobs","damage_taken":0,"max_hp_gain":0,"max_hp_loss":0,"event_name":"Colosseum","floor":21,"gold_loss":0},{"damage_healed":0,"gold_gain":0,"player_choice":"Paid Fearfully","damage_taken":0,"max_hp_gain":0,"max_hp_loss":0,"event_name":"Masked Bandits","floor":22,"gold_loss":71}],"is_beta":false,"boss_relics":[{"not_picked":[]}],"items_purged_floors":[20],"is_endless":false,"potions_floor_spawned":[4,14,21,25,30,31],"killed_by":"Collector","ascension_level":0}