{"gold_per_floor":[118,118,42,42,42,76,76,87,112,138,12,12,47,57,57,159,159,178,178,178,194,214,214,313,313,339,339,354,384,384,400,400,400],"floor_reached":33,"playtime":1179,"items_purged":["Strike_B"],"score":281,"play_id":"e78f4a81-21be-403f-a6f7-deaf4feddc20","local_time":"20181201202040","is_ascension_mode":false,"campfire_choices":[{"floor":7,"key":"REST"},{"floor":12,"key":"REST"},{"data":"Defragment","floor":15,"key":"SMITH"},{"floor":23,"key":"REST"},{"data":"Double Energy","floor":30,"key":"SMITH"},{"floor":32,"key":"REST"}],"neow_cost":"NONE","seed_source_timestamp":1281471613809633,"circlet_count":0,"master_deck":["Zap","Dualcast","FTL","Defragment+1","Coolheaded","Glacier","Streamline","Cold Snap","Coolheaded","Machine Learning+1","Stack","Undo","Turbo","Barrage","Cold Snap","Ball Lightning","Steam","Force Field","Double Energy+1","Purity","Hologram","Sunder+1","Go for the Eyes","Reboot","Defragment"],"relics":["Cracked Core","Pocketwatch","Vajra","Regal Pillow","Bottled Flame","Art of War","Pandora\u0027s Box","Potion Belt","Orichalcum"],"potions_floor_usage":[33,33],"damage_taken":[{"damage":9,"enemies":"2 Louse","floor":1,"turns":3},{"damage":26,"enemies":"Lagavulin","floor":6,"turns":5},{"damage":0,"enemies":"Small Slimes","floor":8,"turns":2},{"damage":20,"enemies":"Gremlin Nob","floor":10,"turns":4},{"damage":7,"enemies":"Lagavulin","floor":13,"turns":6},{"damage":0,"enemies":"Jaw Worm","floor":14,"turns":2},{"damage":12,"enemies":"Slime Boss","floor":16,"turns":11},{"damage":21,"enemies":"2 Thieves","floor":18,"turns":4},{"damage":8,"enemies":"Shell Parasite","floor":21,"turns":7},{"damage":0,"enemies":"Centurion and Healer","floor":22,"turns":8},{"damage":0,"enemies":"Sentry and Sphere","floor":28,"turns":5},{"damage":23,"enemies":"Book of Stabbing","floor":29,"turns":7},{"damage":39,"enemies":"Cultist and Chosen","floor":31,"turns":9},{"damage":55,"enemies":"Collector","floor":33,"turns":6}],"seed_played":"-1505216567210652781","potions_obtained":[{"floor":6,"key":"SmokeBomb"},{"floor":10,"key":"Poison Potion"},{"floor":13,"key":"Poison Potion"},{"floor":22,"key":"LiquidBronze"},{"floor":29,"key":"Fire Potion"}],"is_trial":false,"path_per_floor":["M","?","$","?","$","E","R","M","T","E","$","R","E","M","R","B",null,"M","?","?","M","M","R","?","?","T","?","M","E","R","M","R","B"],"character_chosen":"DEFECT","items_purchased":["Defragment","Cold Snap"],"campfire_rested":4,"item_purchase_floors":[3,11],"current_hp_per_floor":[73,82,82,75,75,49,73,73,73,53,53,82,75,75,75,63,82,61,61,45,37,37,76,76,76,76,76,76,53,53,14,53,0],"gold":400,"neow_bonus":"TEN_PERCENT_HP_BONUS","is_prod":false,"is_daily":false,"chose_seed":false,"campfire_upgraded":2,"win_rate":0.0,"timestamp":1543717240,"path_taken":["M","?","$","?","?","E","R","?","T","E","$","R","E","M","R","BOSS","M","?","?","M","?","R","?","?","T","?","M","E","R","?","R","BOSS"],"build_version":"2018-11-15","purchased_purges":1,"victory":false,"max_hp_per_floor":[82,82,82,82,82,82,82,82,82,82,82,82,82,82,82,82,82,82,82,82,82,82,82,82,82,82,82,82,82,82,82,82,82],"card_choices":[{"not_picked":["Leap","Conserve Battery"],"picked":"FTL","floor":1},{"not_picked":["Storm","Undo"],"picked":"Coolheaded","floor":6},{"not_picked":["Doom and Gloom","Coolheaded"],"picked":"Glacier","floor":8},{"not_picked":["Chill","Self Repair"],"picked":"Streamline","floor":10},{"not_picked":["Rip and Tear","Reinforced Body"],"picked":"Streamline","floor":13},{"not_picked":["Reprogram","Skim"],"picked":"Coolheaded","floor":14},{"not_picked":["Reboot","All For One"],"picked":"Machine Learning","floor":16},{"not_picked":["Barrage","Stack"],"picked":"Steam","floor":18},{"not_picked":["Gash","BootSequence"],"picked":"Hologram","floor":21},{"not_picked":["Rebound","Stack"],"picked":"Sunder+1","floor":22},{"not_picked":["Fusion","Beam Cell"],"picked":"Go for the Eyes","floor":28},{"not_picked":["Leap","Redo"],"picked":"Reboot","floor":29},{"not_picked":["Gash","Stack"],"picked":"Defragment","floor":31}],"player_experience":99163,"relics_obtained":[{"floor":6,"key":"Vajra"},{"floor":9,"key":"Regal Pillow"},{"floor":10,"key":"Bottled Flame"},{"floor":13,"key":"Art of War"},{"floor":26,"key":"Potion Belt"},{"floor":29,"key":"Orichalcum"}],"event_choices":[{"damage_healed":27,"gold_gain":0,"player_choice":"Banana","damage_taken":0,"max_hp_gain":0,"max_hp_loss":0,"event_name":"Big Fish","floor":2,"gold_loss":0},{"damage_healed":0,"gold_gain":0,"player_choice":"Success","damage_taken":7,"relics_obtained":["Pocketwatch"],"max_hp_gain":0,"max_hp_loss":0,"event_name":"Scrap Ooze","floor":4,"gold_loss":0},{"damage_healed":0,"gold_gain":0,"cards_transformed":["Streamline","Ball Lightning"],"player_choice":"Became Test Subject","damage_taken":0,"max_hp_gain":0,"max_hp_loss":0,"event_name":"Drug Dealer","floor":19,"gold_loss":0,"cards_obtained":["Force Field","Double Energy"]},{"damage_healed":0,"gold_gain":0,"player_choice":"CARD ","damage_taken":16,"max_hp_gain":0,"max_hp_loss":0,"event_name":"Knowing Skull","floor":20,"potions_obtained":[],"gold_loss":0,"cards_obtained":["Purity"]},{"damage_healed":0,"gold_gain":99,"player_choice":"Stole From Cult","damage_taken":0,"max_hp_gain":0,"max_hp_loss":0,"event_name":"Nest","floor":24,"gold_loss":0},{"damage_healed":0,"gold_gain":0,"player_choice":"Ignored","damage_taken":0,"max_hp_gain":0,"max_hp_loss":0,"event_name":"Ghosts","floor":25,"gold_loss":0},{"damage_healed":0,"gold_gain":0,"player_choice":"Upgraded","damage_taken":0,"max_hp_gain":0,"max_hp_loss":0,"event_name":"Upgrade Shrine","floor":27,"gold_loss":0,"cards_upgraded":["Machine Learning"]}],"is_beta":false,"boss_relics":[{"not_picked":["Fusion Hammer","White Beast Statue"],"picked":"Pandora\u0027s Box"}],"items_purged_floors":[11],"is_endless":false,"potions_floor_spawned":[6,10,13,16,18,22,29],"killed_by":"Collector","ascension_level":0}