{"gold_per_floor":[113,132,132,152,227,227,255,268,268,300,380,41,81,140,140,256,256,328,83,263,263,7,58,58,97,97,97,162,223,243,321,321,451,451,490,534,572,197,297,329,329,394,394,405,405,437,209,0,0,0],"floor_reached":51,"playtime":3476,"items_purged":["Defend_R","Shame"],"score":880,"play_id":"80d36a34-a421-4973-acd7-68cc9a0853c4","local_time":"20190420170231","is_ascension_mode":false,"campfire_choices":[{"data":"Shockwave","floor":6.0,"key":"SMITH"},{"data":"Bash","floor":15.0,"key":"SMITH"},{"data":"Inflame","floor":24.0,"key":"SMITH"},{"data":"Inflame","floor":27.0,"key":"SMITH"},{"data":"1","floor":32.0,"key":"LIFT"},{"data":"2","floor":41.0,"key":"LIFT"},{"data":"3","floor":49,"key":"LIFT"}],"neow_cost":"PERCENT_DAMAGE","seed_source_timestamp":0,"circlet_count":0,"master_deck":["Strike_R","Strike_R","Strike_R","Strike_R","Defend_R","Defend_R","Bash+1","Iron Wave","Shockwave+1","Shrug It Off","Shrug It Off","True Grit","Shrug It Off","HandOfGreed+1","Quick Slash","Exhume","PiercingWail","Uppercut+1","Inflame+1","Inflame+1","Envenom","Hologram+1","Flying Knee+1","Bullet Time","Flying Knee","Feed","Flying Knee","Enlightenment+1","PanicButton","Mind Blast","Concentrate+1","Backflip","PiercingWail+1","Sunder+1","Parasite","Inflame+1","Flame Barrier","Apotheosis"],"special_seed":0,"relics":["Burning Blood","Bag of Preparation","Meat on the Bone","The Courier","Letter Opener","PrismaticShard","Snecko Eye","Orichalcum","Oddly Smooth Stone","Ice Cream","Kunai","Bag of Marbles","Pen Nib","Shuriken","Girya","Cursed Key","FossilizedHelix","Dead Branch","Smiling Mask","Frozen Egg 2","Pantograph","Lantern","Red Mask"],"potions_floor_usage":[50],"damage_taken":[{"damage":0.0,"enemies":"Small Slimes","floor":1.0,"turns":4.0},{"damage":0.0,"enemies":"2 Louse","floor":2.0,"turns":4.0},{"damage":1.0,"enemies":"Jaw Worm","floor":4.0,"turns":4.0},{"damage":40.0,"enemies":"3 Sentries","floor":7.0,"turns":11.0},{"damage":0.0,"enemies":"2 Fungi Beasts","floor":8.0,"turns":4.0},{"damage":4.0,"enemies":"Lagavulin","floor":10.0,"turns":10.0},{"damage":2.0,"enemies":"Looter","floor":13.0,"turns":3.0},{"damage":33.0,"enemies":"Hexaghost","floor":16.0,"turns":11.0},{"damage":13.0,"enemies":"3 Byrds","floor":18.0,"turns":6.0},{"damage":8.0,"enemies":"Colosseum Slavers","floor":20.0,"turns":6.0},{"damage":16.0,"enemies":"Colosseum Nobs","floor":20.0,"turns":8.0},{"damage":30.0,"enemies":"Gremlin Leader","floor":23.0,"turns":11.0},{"damage":9.0,"enemies":"Shell Parasite","floor":25.0,"turns":5.0},{"damage":1.0,"enemies":"Chosen and Byrds","floor":28.0,"turns":4.0},{"damage":0.0,"enemies":"Centurion and Healer","floor":29.0,"turns":4.0},{"damage":0.0,"enemies":"Snecko","floor":30.0,"turns":2.0},{"damage":11.0,"enemies":"Slavers","floor":31.0,"turns":5.0},{"damage":31.0,"enemies":"Champ","floor":33.0,"turns":7.0},{"damage":0.0,"enemies":"3 Darklings","floor":35.0,"turns":3.0},{"damage":9.0,"enemies":"3 Shapes","floor":36.0,"turns":4.0},{"damage":0.0,"enemies":"Maw","floor":37.0,"turns":5.0},{"damage":6.0,"enemies":"Mind Bloom Boss Battle","floor":39.0,"turns":5.0},{"damage":1.0,"enemies":"Giant Head","floor":40.0,"turns":5.0},{"damage":1.0,"enemies":"4 Shapes","floor":42.0,"turns":8.0},{"damage":0.0,"enemies":"Spire Growth","floor":44.0,"turns":3.0},{"damage":0.0,"enemies":"Nemesis","floor":46.0,"turns":3.0},{"damage":0,"enemies":"Donu and Deca","floor":50,"turns":5}],"seed_played":"-2558565659460408846","potions_obtained":[{"floor":2.0,"key":"BloodPotion"},{"floor":7.0,"key":"GamblersBrew"},{"floor":8.0,"key":"SteroidPotion"},{"floor":13.0,"key":"EssenceOfSteel"},{"floor":16.0,"key":"Fire Potion"},{"floor":20.0,"key":"Weak Potion"},{"floor":25.0,"key":"EssenceOfSteel"},{"floor":28.0,"key":"Energy Potion"},{"floor":30.0,"key":"GamblersBrew"},{"floor":37.0,"key":"Swift Potion"}],"is_trial":false,"path_per_floor":["M","M","?","M","?","R","E","M","T","E","T","$","M","?","R","B",null,"M","$","?","?","$","E","R","M","T","R","M","M","M","E","R","B",null,"M","M","M","$","?","E","R","M","T","M","T","E","$","?","R","B",null],"character_chosen":"IRONCLAD","items_purchased":["HandOfGreed","PrismaticShard","AttackPotion","Orichalcum","Oddly Smooth Stone","Bag of Marbles","Inflame","Inflame","FossilizedHelix","Mind Blast","Flame Barrier","Apotheosis"],"campfire_rested":0,"item_purchase_floors":[12,12,12,19,19,22,22,22,38,38,47,47],"current_hp_per_floor":[62,68,68,73,62,62,28,34,34,48,48,48,52,52,52,37,80,73,73,61,61,61,49,49,58,58,58,63,69,75,70,70,57,80,80,83,86,86,86,86,86,92,92,95,95,95,95,95,95,99],"gold":0,"neow_bonus":"REMOVE_TWO","is_prod":false,"is_daily":false,"chose_seed":false,"campfire_upgraded":4,"win_rate":1,"timestamp":1555804951,"path_taken":["M","M","?","M","?","R","E","M","T","E","?","$","M","?","R","BOSS","M","$","?","?","$","E","R","?","T","R","M","M","M","E","R","BOSS","M","M","?","$","?","E","R","M","T","M","?","E","$","?","R","BOSS"],"build_version":"2019-01-23","purchased_purges":2,"victory":true,"max_hp_per_floor":[80,80,80,80,80,80,80,80,80,80,80,80,80,80,80,80,80,80,80,80,80,80,80,80,80,80,80,80,80,80,80,80,80,80,80,86,86,86,86,86,86,92,92,95,95,95,95,95,95,99],"card_choices":[{"not_picked":["Wild Strike","Warcry"],"picked":"Iron Wave","floor":1.0},{"not_picked":["Feel No Pain","Cleave"],"picked":"Shockwave","floor":2.0},{"not_picked":["Hemokinesis","Feel No Pain"],"picked":"Shrug It Off","floor":4.0},{"not_picked":["Cleave","Brutality"],"picked":"Shrug It Off","floor":7.0},{"not_picked":["Dual Wield","Havoc"],"picked":"True Grit","floor":8.0},{"not_picked":["Thunderclap","Twin Strike"],"picked":"Shrug It Off","floor":10.0},{"not_picked":["Stack","Backflip"],"picked":"Quick Slash","floor":13.0},{"not_picked":["Die Die Die","Double Tap"],"picked":"Exhume","floor":16.0},{"not_picked":["Sucker Punch","Combust"],"picked":"PiercingWail","floor":18.0},{"not_picked":["Hello World","Dagger Throw+1"],"picked":"Uppercut+1","floor":20.0},{"not_picked":["Undo","Tactician"],"picked":"Envenom","floor":23.0},{"not_picked":["Well Laid Plans","Leg Sweep"],"picked":"Hologram+1","floor":25.0},{"not_picked":["Caltrops","Sweeping Beam"],"picked":"Flying Knee+1","floor":28.0},{"not_picked":["Cloak And Dagger","Flex"],"picked":"Bullet Time","floor":29.0},{"not_picked":["Distraction+1","Armaments"],"picked":"Flying Knee","floor":30.0},{"not_picked":["Glacier","Clash+1","Hello World+1"],"picked":"SKIP","floor":31.0},{"not_picked":["Secret Technique","Double Tap"],"picked":"Feed","floor":33.0},{"not_picked":["Thunderclap","Dual Wield"],"picked":"Flying Knee","floor":35.0},{"not_picked":["Infernal Blade+1","Endless Agony"],"picked":"Enlightenment+1","floor":36.0},{"not_picked":["Dodge and Roll+1","Conserve Battery"],"picked":"PanicButton","floor":37.0},{"not_picked":["Perfected Strike","True Grit"],"picked":"Concentrate+1","floor":39.0},{"not_picked":["Rebound","Bludgeon"],"picked":"Backflip","floor":40.0},{"not_picked":["Twin Strike","Shockwave+1"],"picked":"PiercingWail+1","floor":42.0},{"not_picked":["Perfected Strike+1","Consume"],"picked":"Sunder+1","floor":44.0},{"not_picked":["Sweeping Beam","Tactician+1"],"picked":"Inflame+1","floor":46.0}],"player_experience":463154,"relics_obtained":[{"floor":7.0,"key":"Bag of Preparation"},{"floor":9.0,"key":"Meat on the Bone"},{"floor":10.0,"key":"The Courier"},{"floor":11.0,"key":"Letter Opener"},{"floor":20.0,"key":"Ice Cream"},{"floor":20.0,"key":"Kunai"},{"floor":23.0,"key":"Pen Nib"},{"floor":26.0,"key":"Shuriken"},{"floor":31.0,"key":"Girya"},{"floor":39.0,"key":"Dead Branch"},{"floor":40.0,"key":"Smiling Mask"},{"floor":43.0,"key":"Frozen Egg 2"},{"floor":45.0,"key":"Pantograph"},{"floor":46.0,"key":"Lantern"}],"event_choices":[{"damage_healed":0.0,"max_hp_gain":0.0,"max_hp_loss":0.0,"gold_gain":0.0,"event_name":"Liars Game","player_choice":"Ignored","floor":3.0,"gold_loss":0.0,"damage_taken":0.0},{"damage_healed":0.0,"max_hp_gain":0.0,"max_hp_loss":0.0,"gold_gain":75.0,"event_name":"World of Goop","player_choice":"Gather Gold","floor":5.0,"gold_loss":0.0,"damage_taken":11.0},{"damage_healed":0.0,"max_hp_gain":0.0,"max_hp_loss":0.0,"gold_gain":59.0,"event_name":"Golden Wing","player_choice":"Gained Gold","floor":14.0,"gold_loss":0.0,"damage_taken":0.0},{"damage_healed":0.0,"max_hp_gain":0.0,"max_hp_loss":0.0,"gold_gain":0.0,"event_name":"Colosseum","player_choice":"Fight","floor":20.0,"gold_loss":0.0,"damage_taken":0.0},{"damage_healed":0.0,"max_hp_gain":0.0,"max_hp_loss":0.0,"gold_gain":0.0,"event_name":"Colosseum","player_choice":"Fought Nobs","floor":20.0,"gold_loss":0.0,"damage_taken":0.0},{"damage_healed":0.0,"max_hp_gain":0.0,"max_hp_loss":0.0,"gold_gain":0.0,"event_name":"Accursed Blacksmith","player_choice":"Forge","floor":21.0,"gold_loss":0.0,"damage_taken":0.0,"cards_upgraded":["HandOfGreed"]},{"damage_healed":0.0,"max_hp_gain":0.0,"max_hp_loss":0.0,"gold_gain":0.0,"event_name":"MindBloom","player_choice":"Fight","floor":39.0,"gold_loss":0.0,"damage_taken":0.0},{"damage_healed":0,"gold_gain":0,"player_choice":"Paid","damage_taken":0,"relics_obtained":["Red Mask"],"max_hp_gain":0,"max_hp_loss":0,"event_name":"Tomb of Lord Red Mask","floor":48,"gold_loss":209}],"is_beta":false,"boss_relics":[{"not_picked":["Coffee Dripper","Tiny House"],"picked":"Snecko Eye"},{"not_picked":["White Beast Statue","Astrolabe"],"picked":"Cursed Key"}],"items_purged_floors":[38,47],"is_endless":false,"potions_floor_spawned":[2,7,8,13,16,20,25,28,30,37,39,40],"ascension_level":0}