{"gold_per_floor":[109,184,184,132,150,150,175,175,257,281,281,281,314,314,314,437,437,452,577,286,211,236,236,269,269,269,287,323,341,341,374,374,494,494,517,517,256,274,295,295,330,398,453,488,511,535,535,558,558,558],"floor_reached":51,"playtime":3059,"items_purged":["Parasite"],"score":1014,"play_id":"412c5eee-bb42-446b-8138-fc80f2c64243","local_time":"20190322041915","is_ascension_mode":true,"campfire_choices":[{"data":"Zap","floor":6,"key":"SMITH"},{"data":"White Noise","floor":8,"key":"SMITH"},{"data":"Hyperbeam","floor":12,"key":"SMITH"},{"data":"Glacier","floor":15,"key":"SMITH"},{"floor":23,"key":"REST"},{"data":"Seek","floor":25,"key":"SMITH"},{"data":"Loop","floor":30,"key":"SMITH"},{"data":"Capacitor","floor":32,"key":"SMITH"},{"data":"Defragment","floor":40,"key":"SMITH"},{"data":"Reinforced Body","floor":49,"key":"SMITH"}],"neow_cost":"NONE","seed_source_timestamp":192168263711593,"circlet_count":0,"master_deck":["Zap+1","Dualcast","Ball Lightning+1","Loop+1","Reprogram+1","Hyperbeam+1","Core Surge","Reinforced Body+1","Genetic Algorithm+1","Cold Snap","Coolheaded+1","FTL","White Noise+1","Glacier+1","Seek+1","Self Repair+1","Conserve Battery+1","Capacitor+1","Go for the Eyes+1","Go for the Eyes+1","Steam","Streamline+1","Seek","Genetic Algorithm","Coolheaded","Defragment+1","Conserve Battery","Defragment+1","Hologram","Barrage+1"],"relics":["Pandora\u0027s Box","Golden Idol","Mercury Hourglass","Juzu Bracelet","Cursed Key","Ice Cream","Ornamental Fan","Omamori","Mango","FossilizedHelix","War Paint","Mummified Hand","Sozu","Anchor","Bronze Scales","Peace Pipe","Vajra","Prayer Wheel"],"potions_floor_usage":[13,28,33,41],"damage_taken":[{"damage":11,"enemies":"Jaw Worm","floor":1,"turns":2},{"damage":0,"enemies":"2 Louse","floor":5,"turns":2},{"damage":0,"enemies":"Small Slimes","floor":7,"turns":2},{"damage":3,"enemies":"2 Fungi Beasts","floor":10,"turns":3},{"damage":6,"enemies":"Gremlin Nob","floor":13,"turns":3},{"damage":11,"enemies":"Hexaghost","floor":16,"turns":10},{"damage":8,"enemies":"Shell Parasite","floor":18,"turns":5},{"damage":20,"enemies":"Colosseum Slavers","floor":19,"turns":4},{"damage":26,"enemies":"Colosseum Nobs","floor":19,"turns":4},{"damage":14,"enemies":"3 Byrds","floor":22,"turns":3},{"damage":23,"enemies":"Slavers","floor":24,"turns":4},{"damage":0,"enemies":"Shelled Parasite and Fungi","floor":27,"turns":4},{"damage":0,"enemies":"Gremlin Leader","floor":28,"turns":7},{"damage":0,"enemies":"Centurion and Healer","floor":29,"turns":6},{"damage":0,"enemies":"Slavers","floor":31,"turns":3},{"damage":0,"enemies":"Champ","floor":33,"turns":11},{"damage":0,"enemies":"Orb Walker","floor":35,"turns":4},{"damage":30,"enemies":"3 Darklings","floor":38,"turns":4},{"damage":0,"enemies":"Jaw Worm Horde","floor":39,"turns":2},{"damage":30,"enemies":"Reptomancer","floor":41,"turns":8},{"damage":5,"enemies":"2 Orb Walkers","floor":42,"turns":5},{"damage":0,"enemies":"Nemesis","floor":44,"turns":7},{"damage":0,"enemies":"4 Shapes","floor":45,"turns":2},{"damage":0,"enemies":"3 Darklings","floor":46,"turns":4},{"damage":0,"enemies":"Transient","floor":48,"turns":5},{"damage":38,"enemies":"Awakened One","floor":50,"turns":12}],"seed_played":"-3363644443154514541","potions_obtained":[{"floor":5,"key":"GamblersBrew"},{"floor":10,"key":"Regen Potion"},{"floor":19,"key":"Strength Potion"},{"floor":24,"key":"Swift Potion"},{"floor":28,"key":"Swift Potion"},{"floor":31,"key":"Weak Potion"}],"is_trial":false,"path_per_floor":["M","?","?","$","M","R","M","R","T","M","?","R","E","?","R","B",null,"M","?","$","?","M","R","E","R","T","M","E","M","R","E","R","B",null,"M","?","$","M","M","R","E","?","T","E","M","M","?","M","R","B",null],"character_chosen":"DEFECT","items_purchased":["Coolheaded","Omamori","Capacitor","Defragment","Anchor","Hologram"],"campfire_rested":1,"item_purchase_floors":[4,20,20,37,37,37],"current_hp_per_floor":[64,53,53,53,53,53,53,53,53,50,36,36,35,52,52,41,69,61,35,35,35,21,40,41,41,41,51,61,61,61,71,71,80,80,80,80,80,60,60,60,40,45,45,55,55,65,65,75,75,47],"gold":558,"neow_bonus":"BOSS_RELIC","is_prod":false,"is_daily":false,"chose_seed":false,"campfire_upgraded":9,"win_rate":0,"timestamp":1553246355,"path_taken":["M","?","?","$","M","R","M","R","T","M","?","R","E","?","R","BOSS","M","?","$","?","M","R","E","R","T","M","E","M","R","E","R","BOSS","M","?","$","M","M","R","E","?","T","E","M","M","?","M","R","BOSS"],"build_version":"2019-01-23","purchased_purges":1,"victory":true,"max_hp_per_floor":[75,75,69,69,69,69,69,69,69,69,69,69,69,69,69,69,69,69,69,66,66,66,66,80,80,80,80,80,80,80,80,80,80,80,80,80,80,80,80,80,80,80,80,80,80,80,80,80,80,80],"card_choices":[{"not_picked":["Gash","Consume"],"picked":"Cold Snap","floor":1},{"not_picked":["Compile Driver","Sunder"],"picked":"FTL","floor":5},{"not_picked":["Conserve Battery","Darkness"],"picked":"White Noise","floor":7},{"not_picked":["Blizzard","Ball Lightning","Fusion"],"picked":"SKIP","floor":10},{"not_picked":["Reinforced Body","Streamline"],"picked":"Glacier","floor":13},{"not_picked":["Reboot","Echo Form"],"picked":"Seek","floor":16},{"not_picked":["Barrage","Compile Driver"],"picked":"Self Repair+1","floor":18},{"not_picked":["Leap","Darkness"],"picked":"Conserve Battery+1","floor":19},{"not_picked":["Static Discharge","Aggregate"],"picked":"Go for the Eyes+1","floor":22},{"not_picked":["Steam Power+1","Ball Lightning+1"],"picked":"Go for the Eyes+1","floor":24},{"not_picked":["Rainbow","Storm","Fusion"],"picked":"SKIP","floor":27},{"not_picked":["Lockon","Force Field"],"picked":"Steam","floor":28},{"not_picked":["Loop","Redo","Sunder"],"picked":"SKIP","floor":29},{"not_picked":["BootSequence","Machine Learning"],"picked":"Streamline+1","floor":31},{"not_picked":["All For One","Multi-Cast"],"picked":"Seek","floor":33},{"not_picked":["Cold Snap+1","Streamline+1"],"picked":"Genetic Algorithm","floor":35},{"not_picked":["Ball Lightning+1","Leap","Echo Form"],"picked":"SKIP","floor":38},{"not_picked":["Turbo","Heatsinks+1"],"picked":"Conserve Battery","floor":39},{"not_picked":["Go for the Eyes+1","Beam Cell","Streamline+1"],"picked":"SKIP","floor":41},{"not_picked":["Chaos+1","Darkness+1"],"picked":"Defragment+1","floor":42},{"not_picked":["Cold Snap","Double Energy+1","Gash"],"picked":"SKIP","floor":44},{"not_picked":["Gash","Self Repair+1","Aggregate+1"],"picked":"SKIP","floor":45},{"not_picked":["Melter+1","Leap","Chill+1"],"picked":"SKIP","floor":45},{"not_picked":["Compile Driver+1","Cold Snap"],"picked":"Hologram","floor":46},{"not_picked":["Darkness","Melter","Steam"],"picked":"SKIP","floor":46},{"not_picked":["Thunder Strike","Aggregate+1"],"picked":"Barrage+1","floor":48},{"not_picked":["Scrape","Stack+1","Leap"],"picked":"SKIP","floor":48}],"player_experience":100849,"relics_obtained":[{"floor":9,"key":"Mercury Hourglass"},{"floor":13,"key":"Juzu Bracelet"},{"floor":19,"key":"Ice Cream"},{"floor":19,"key":"Ornamental Fan"},{"floor":24,"key":"Mango"},{"floor":26,"key":"FossilizedHelix"},{"floor":28,"key":"War Paint"},{"floor":31,"key":"Mummified Hand"},{"floor":41,"key":"Bronze Scales"},{"floor":42,"key":"Peace Pipe"},{"floor":43,"key":"Vajra"},{"floor":44,"key":"Prayer Wheel"}],"event_choices":[{"damage_healed":0,"gold_gain":75,"player_choice":"Gather Gold","damage_taken":11,"max_hp_gain":0,"max_hp_loss":0,"event_name":"World of Goop","floor":2,"gold_loss":0},{"damage_healed":0,"gold_gain":0,"player_choice":"Lose Max HP","damage_taken":0,"relics_obtained":["Golden Idol"],"max_hp_gain":0,"max_hp_loss":6,"event_name":"Golden Idol","floor":3,"gold_loss":0},{"damage_healed":0,"gold_gain":0,"player_choice":"Entered Light","damage_taken":14,"max_hp_gain":0,"max_hp_loss":0,"event_name":"Shining Light","floor":11,"gold_loss":0,"cards_upgraded":["Ball Lightning","Genetic Algorithm"]},{"damage_healed":17,"gold_gain":0,"player_choice":"Healed and dodged fight","damage_taken":0,"max_hp_gain":0,"max_hp_loss":0,"event_name":"Mushrooms","floor":14,"gold_loss":0,"cards_obtained":["Parasite"]},{"damage_healed":0,"gold_gain":0,"player_choice":"Fight","damage_taken":0,"max_hp_gain":0,"max_hp_loss":0,"event_name":"Colosseum","floor":19,"gold_loss":0},{"damage_healed":0,"gold_gain":0,"player_choice":"Fought Nobs","damage_taken":0,"max_hp_gain":0,"max_hp_loss":0,"event_name":"Colosseum","floor":19,"gold_loss":0},{"cards_removed":["Ball Lightning"],"damage_healed":0,"gold_gain":0,"player_choice":"Gave Gold","damage_taken":0,"max_hp_gain":0,"max_hp_loss":0,"event_name":"Beggar","floor":21,"gold_loss":75},{"damage_healed":0,"gold_gain":0,"player_choice":"1 cards matched","damage_taken":0,"max_hp_gain":0,"max_hp_loss":0,"event_name":"Match and Keep!","floor":36,"gold_loss":0,"cards_obtained":["Coolheaded"]},{"damage_healed":0,"gold_gain":0,"player_choice":"Fight","damage_taken":0,"max_hp_gain":0,"max_hp_loss":0,"event_name":"Mysterious Sphere","floor":42,"gold_loss":0},{"cards_removed":["Hologram"],"damage_healed":0,"gold_gain":0,"player_choice":"Removed Skill","damage_taken":0,"max_hp_gain":0,"max_hp_loss":0,"event_name":"Falling","floor":47,"gold_loss":0}],"is_beta":false,"boss_relics":[{"not_picked":["Coffee Dripper","Ectoplasm"],"picked":"Cursed Key"},{"not_picked":["Runic Dome","Eternal Feather"],"picked":"Sozu"}],"items_purged_floors":[20],"is_endless":false,"potions_floor_spawned":[5,10,19,19,24,28,31,38,42,44,45,46],"ascension_level":3}