{"gold_per_floor":[118,136,91,102,177,177,204,216,242,260,280,280,307,323,323,323],"floor_reached":16,"playtime":1376,"items_purged":[],"score":137,"play_id":"7bf48857-a0cf-41be-82a5-296aab078eed","local_time":"20180730041406","is_ascension_mode":true,"campfire_choices":[{"data":"Zap","floor":6,"key":"SMITH"},{"floor":12,"key":"REST"},{"floor":15,"key":"REST"}],"neow_cost":"NONE","seed_source_timestamp":468926590042384,"circlet_count":0,"master_deck":["Strike_B","Strike_B","Strike_B","Strike_B","Defend_B","Defend_B","Defend_B","Defend_B","Zap+1","Dualcast","Amplify","Go for the Eyes","Compile Driver","Steam","Leap","Cold Snap","Genetic Algorithm","Steam","Cold Snap","Genetic Algorithm","Consume","Ball Lightning","BootSequence"],"relics":["Cracked Core","Bag of Preparation","Dream Catcher","Ancient Tea Set"],"potions_floor_usage":[],"damage_taken":[{"damage":1,"enemies":"Cultist","floor":1,"turns":4},{"damage":8,"enemies":"Small Slimes","floor":2,"turns":3},{"damage":0,"enemies":"2 Louse","floor":4,"turns":1},{"damage":24,"enemies":"3 Sentries","floor":7,"turns":7},{"damage":10,"enemies":"Exordium Thugs","floor":8,"turns":5},{"damage":8,"enemies":"Lots of Slimes","floor":10,"turns":5},{"damage":3,"enemies":"Red Slaver","floor":11,"turns":4},{"damage":27,"enemies":"Gremlin Nob","floor":13,"turns":5},{"damage":0,"enemies":"2 Fungi Beasts","floor":14,"turns":4},{"damage":32,"enemies":"Hexaghost","floor":16,"turns":9}],"seed_played":"8466964794310356872","potions_obtained":[{"floor":2,"key":"SpeedPotion"},{"floor":11,"key":"EntropicBrew"},{"floor":13,"key":"SteroidPotion"}],"is_trial":false,"path_per_floor":["M","M","$","M","?","R","E","M","T","M","M","R","E","M","R"],"character_chosen":"DEFECT","items_purchased":["Steam"],"campfire_rested":2,"item_purchase_floors":[3],"current_hp_per_floor":[74,66,66,66,55,55,31,21,21,13,10,32,5,5,27,0],"gold":323,"neow_bonus":"ONE_RANDOM_RARE_CARD","is_prod":false,"is_daily":false,"chose_seed":false,"campfire_upgraded":1,"win_rate":0,"timestamp":1532888046,"path_taken":["M","M","$","M","?","R","E","M","T","M","?","R","E","M","R","BOSS"],"build_version":"2018-07-26","purchased_purges":0,"victory":false,"max_hp_per_floor":[75,75,75,75,75,75,75,75,75,75,75,75,75,75,75,75],"card_choices":[{"not_picked":["Steam Power","Barrage"],"picked":"Go for the Eyes","floor":1},{"not_picked":["Stack","Loop"],"picked":"Compile Driver","floor":2},{"not_picked":["Stack","Beam Cell"],"picked":"Leap","floor":4},{"not_picked":["Melter","Compile Driver"],"picked":"Cold Snap","floor":7},{"not_picked":["Steam","Biased Cognition"],"picked":"Genetic Algorithm","floor":8},{"not_picked":["Compile Driver","Rip and Tear"],"picked":"Steam","floor":10},{"not_picked":["Lockon","Redo"],"picked":"Cold Snap","floor":11},{"not_picked":["Redo","Blizzard"],"picked":"Genetic Algorithm","floor":12},{"not_picked":["Darkness","Barrage"],"picked":"Consume","floor":13},{"not_picked":["Chaos","Loop"],"picked":"Ball Lightning","floor":14},{"not_picked":["Beam Cell","Coolheaded"],"picked":"BootSequence","floor":15}],"player_experience":277184,"relics_obtained":[{"floor":7,"key":"Bag of Preparation"},{"floor":9,"key":"Dream Catcher"},{"floor":13,"key":"Ancient Tea Set"}],"event_choices":[{"event_name":"World of Goop","player_choice":"Gather Gold","floor":5,"damage_taken":0}],"is_beta":false,"boss_relics":[],"items_purged_floors":[],"is_endless":false,"potions_floor_spawned":[2,11,13,14],"killed_by":"Hexaghost","ascension_level":4}