{"gold_per_floor":[114,129,144,159,159,159,189,189,214,229,244,259,274,39,39,139,139,154,169,184,199,214,244,244,259,309,339,339,339,354,369,369,469,469,484,499,499,499,514,529,529,559,559,559,559,574,589,619,619,619],"floor_reached":51,"playtime":4012,"items_purged":[],"score":809,"play_id":"6937f1ad-599e-4f9e-b763-8a561d48a0f3","local_time":"20190320201054","daily_mods":["Heirloom","Vintage","Terminal"],"is_ascension_mode":false,"campfire_choices":[{"data":"Zap","floor":6,"key":"SMITH"},{"data":"Dualcast","floor":8,"key":"SMITH"},{"data":"Streamline","floor":15,"key":"SMITH"},{"data":"Buffer","floor":24,"key":"SMITH"},{"data":"Coolheaded","floor":28,"key":"SMITH"},{"floor":32,"key":"REST"},{"data":"Transmutation","floor":41,"key":"SMITH"},{"data":"Consume","floor":44,"key":"SMITH"},{"floor":49,"key":"REST"}],"neow_cost":"","seed_source_timestamp":335822982351504,"circlet_count":0,"master_deck":["Strike_B","Strike_B","Strike_B","Strike_B","Defend_B","Defend_B","Defend_B","Defend_B","Zap+1","Dualcast+1","Streamline+1","Dramatic Entrance+1","Buffer+1","Coolheaded+1","Consume+1","Machine Learning+1","Transmutation+1","Master of Strategy","Mind Blast+1","Rebound+1","Coolheaded+1"],"special_seed":17976,"relics":["Cracked Core","Calipers","Pantograph","PreservedInsect","Bottled Lightning","Bronze Scales","Mummified Hand","Bag of Marbles","Dream Catcher","Pen Nib","Molten Egg 2","Darkstone Periapt","Strawberry","Inserter","Letter Opener","Happy Flower","The Courier","Frozen Egg 2","Pear","Thread and Needle","Omamori","Oddly Smooth Stone","Symbiotic Virus","Kunai","Dodecahedron","Busted Crown","Vajra","Lantern","Ice Cream","Bird Faced Urn","Anchor","Ornamental Fan","DataDisk","Torii","Blue Candle"],"potions_floor_usage":[16,19,33,33,33,39,40],"damage_taken":[{"damage":1,"enemies":"Jaw Worm","floor":1,"turns":3},{"damage":0,"enemies":"Small Slimes","floor":2,"turns":3},{"damage":0,"enemies":"2 Louse","floor":3,"turns":2},{"damage":0,"enemies":"Large Slime","floor":4,"turns":6},{"damage":12,"enemies":"3 Sentries","floor":7,"turns":5},{"damage":2,"enemies":"Blue Slaver","floor":10,"turns":2},{"damage":5,"enemies":"Looter","floor":11,"turns":2},{"damage":0,"enemies":"2 Fungi Beasts","floor":12,"turns":2},{"damage":0,"enemies":"Red Slaver","floor":13,"turns":2},{"damage":26,"enemies":"Hexaghost","floor":16,"turns":6},{"damage":13,"enemies":"Shell Parasite","floor":18,"turns":4},{"damage":0,"enemies":"3 Byrds","floor":19,"turns":2},{"damage":8,"enemies":"Centurion and Healer","floor":20,"turns":6},{"damage":3,"enemies":"Shelled Parasite and Fungi","floor":21,"turns":3},{"damage":13,"enemies":"Sentry and Sphere","floor":22,"turns":5},{"damage":9,"enemies":"Slavers","floor":23,"turns":2},{"damage":0,"enemies":"Centurion and Healer","floor":25,"turns":4},{"damage":0,"enemies":"Gremlin Leader","floor":27,"turns":3},{"damage":0,"enemies":"Cultist and Chosen","floor":30,"turns":4},{"damage":0,"enemies":"3 Cultists","floor":31,"turns":4},{"damage":18,"enemies":"Collector","floor":33,"turns":11},{"damage":0,"enemies":"Orb Walker","floor":35,"turns":4},{"damage":2,"enemies":"3 Darklings","floor":36,"turns":4},{"damage":16,"enemies":"Writhing Mass","floor":39,"turns":5},{"damage":9,"enemies":"Jaw Worm Horde","floor":40,"turns":2},{"damage":3,"enemies":"Nemesis","floor":42,"turns":5},{"damage":0,"enemies":"Sphere and 2 Shapes","floor":46,"turns":3},{"damage":0,"enemies":"Maw","floor":47,"turns":5},{"damage":0,"enemies":"Giant Head","floor":48,"turns":6},{"damage":1,"enemies":"Awakened One","floor":50,"turns":11}],"seed_played":"4738383514283447290","potions_obtained":[{"floor":1,"key":"Strength Potion"},{"floor":4,"key":"PowerPotion"},{"floor":10,"key":"Explosive Potion"},{"floor":16,"key":"Ancient Potion"},{"floor":19,"key":"Poison Potion"},{"floor":25,"key":"Energy Potion"},{"floor":30,"key":"AttackPotion"},{"floor":33,"key":"SpeedPotion"},{"floor":35,"key":"SkillPotion"},{"floor":36,"key":"Explosive Potion"},{"floor":48,"key":"SpeedPotion"}],"is_trial":false,"path_per_floor":["M","M","M","M","?","R","E","R","T","M","M","M","M","$","R","B",null,"M","M","M","M","M","E","R","M","T","E","R","?","M","M","R","B",null,"M","M","?","?","M","M","R","E","T","R","?","M","M","E","R","B",null],"character_chosen":"DEFECT","items_purchased":["Strawberry","Dramatic Entrance+1"],"campfire_rested":2,"item_purchase_floors":[14,14],"current_hp_per_floor":[73,72,71,70,69,68,56,56,56,54,49,49,49,56,56,40,64,51,51,43,40,37,28,28,28,28,28,28,17,17,17,36,43,62,61,59,59,49,33,24,24,25,25,25,25,29,31,35,47,46],"gold":619,"neow_bonus":"","is_prod":false,"is_daily":true,"chose_seed":false,"campfire_upgraded":7,"win_rate":0,"timestamp":1553137854,"path_taken":["M","M","M","M","?","R","E","R","T","M","M","M","M","$","R","BOSS","M","M","M","M","M","E","R","M","T","E","R","?","M","M","R","BOSS","M","M","?","?","M","M","R","E","T","R","?","M","M","E","R","BOSS"],"build_version":"2019-01-23","purchased_purges":0,"victory":true,"max_hp_per_floor":[73,72,71,70,69,68,67,66,65,64,63,62,61,67,66,65,64,63,62,61,60,69,68,67,66,65,64,63,67,66,65,64,63,62,61,60,59,58,57,56,55,54,53,52,51,50,49,48,47,46],"card_choices":[{"not_picked":["Force Field","Cold Snap"],"picked":"Streamline","floor":7},{"not_picked":["Reboot","Biased Cognition"],"picked":"Buffer","floor":16},{"not_picked":["Double Energy","Tempest"],"picked":"Coolheaded","floor":23},{"not_picked":["Steam Power+1","Redo","Stack"],"picked":"SKIP","floor":27},{"not_picked":["Coolheaded","Self Repair+1"],"picked":"Consume","floor":32},{"not_picked":["Reboot","All For One+1"],"picked":"Machine Learning+1","floor":33},{"not_picked":[],"picked":"Transmutation","floor":38},{"not_picked":[],"picked":"Master of Strategy","floor":38},{"not_picked":[],"picked":"Mind Blast+1","floor":38},{"not_picked":[],"picked":"Rebound+1","floor":42},{"not_picked":["Cold Snap+1"],"picked":"SKIP","floor":48},{"not_picked":[],"picked":"Coolheaded+1","floor":49}],"player_experience":1424803,"relics_obtained":[{"floor":1,"key":"Pantograph"},{"floor":2,"key":"PreservedInsect"},{"floor":3,"key":"Bottled Lightning"},{"floor":4,"key":"Bronze Scales"},{"floor":7,"key":"Mummified Hand"},{"floor":9,"key":"Bag of Marbles"},{"floor":10,"key":"Dream Catcher"},{"floor":11,"key":"Pen Nib"},{"floor":12,"key":"Molten Egg 2"},{"floor":13,"key":"Darkstone Periapt"},{"floor":18,"key":"Letter Opener"},{"floor":19,"key":"Happy Flower"},{"floor":20,"key":"The Courier"},{"floor":21,"key":"Frozen Egg 2"},{"floor":22,"key":"Pear"},{"floor":23,"key":"Thread and Needle"},{"floor":25,"key":"Omamori"},{"floor":26,"key":"Oddly Smooth Stone"},{"floor":27,"key":"Symbiotic Virus"},{"floor":30,"key":"Kunai"},{"floor":31,"key":"Dodecahedron"},{"floor":35,"key":"Vajra"},{"floor":36,"key":"Lantern"},{"floor":39,"key":"Ice Cream"},{"floor":40,"key":"Bird Faced Urn"},{"floor":42,"key":"Anchor"},{"floor":43,"key":"Ornamental Fan"},{"floor":46,"key":"DataDisk"},{"floor":47,"key":"Torii"},{"floor":48,"key":"Blue Candle"}],"event_choices":[{"damage_healed":0,"gold_gain":0,"player_choice":"Ignored","damage_taken":0,"max_hp_gain":0,"max_hp_loss":0,"event_name":"Liars Game","floor":5,"gold_loss":0},{"damage_healed":0,"gold_gain":0,"player_choice":"Shed Blood","damage_taken":16,"max_hp_gain":5,"max_hp_loss":0,"event_name":"Forgotten Altar","floor":29,"gold_loss":0},{"damage_healed":15,"gold_gain":0,"player_choice":"Writhe","damage_taken":0,"max_hp_gain":0,"max_hp_loss":0,"event_name":"Winding Halls","floor":37,"gold_loss":0,"cards_obtained":["Writhe"]},{"damage_healed":0,"gold_gain":0,"player_choice":"Memory 3","damage_taken":10,"max_hp_gain":0,"max_hp_loss":0,"event_name":"SensoryStone","floor":38,"gold_loss":0},{"damage_healed":0,"gold_gain":0,"player_choice":"Ignored","damage_taken":0,"max_hp_gain":0,"max_hp_loss":0,"event_name":"Tomb of Lord Red Mask","floor":45,"gold_loss":0}],"is_beta":false,"boss_relics":[{"not_picked":["Runic Pyramid","Cursed Key"],"picked":"Inserter"},{"not_picked":["Snecko Eye","Philosopher\u0027s Stone"],"picked":"Busted Crown"}],"items_purged_floors":[],"is_endless":false,"potions_floor_spawned":[1,4,10,13,16,19,25,30,31,33,35,36,48],"ascension_level":0}