{"gold_per_floor":[112,112,123,139,153,153,184,184,184,202,202,236,254,169,169,169],"floor_reached":16,"playtime":888,"items_purged":[],"score":224,"play_id":"900304d0-25ad-426f-8fcb-3ec65bd2409d","local_time":"20190116175945","is_ascension_mode":true,"campfire_choices":[{"data":"Zap","floor":6,"key":"SMITH"},{"data":"Leap","floor":8,"key":"SMITH"},{"data":"Dualcast","floor":11,"key":"SMITH"},{"data":"Redo","floor":15,"key":"SMITH"}],"neow_cost":"NONE","seed_source_timestamp":537721635196302,"circlet_count":0,"master_deck":["AscendersBane","Strike_B","Strike_B","Strike_B","Strike_B","Defend_B","Defend_B","Defend_B","Defend_B","Zap+1","Dualcast+1","Rip and Tear+1","Leap+1","Ball Lightning","Cold Snap","FTL","Recycle","Redo+1"],"relics":["Cracked Core","Singing Bowl","Frozen Egg 2","Orichalcum"],"potions_floor_usage":[7,12,16,16],"damage_taken":[{"damage":17,"enemies":"Small Slimes","floor":1,"turns":4},{"damage":1,"enemies":"Cultist","floor":3,"turns":3},{"damage":0,"enemies":"2 Louse","floor":4,"turns":2},{"damage":6,"enemies":"Blue Slaver","floor":5,"turns":4},{"damage":9,"enemies":"3 Sentries","floor":7,"turns":6},{"damage":1,"enemies":"2 Fungi Beasts","floor":10,"turns":3},{"damage":13,"enemies":"Gremlin Nob","floor":12,"turns":4},{"damage":0,"enemies":"Exordium Thugs","floor":13,"turns":3},{"damage":30,"enemies":"Slime Boss","floor":16,"turns":6}],"seed_played":"5172120585726679350","potions_obtained":[{"floor":1,"key":"AttackPotion"},{"floor":7,"key":"Block Potion"},{"floor":10,"key":"Ancient Potion"}],"is_trial":false,"path_per_floor":["M","?","M","M","M","R","E","R","T","M","R","E","M","$","R","B"],"character_chosen":"DEFECT","items_purchased":["Fire Potion","Redo"],"campfire_rested":0,"item_purchase_floors":[14,14],"current_hp_per_floor":[54,54,53,53,47,47,40,40,40,39,39,26,28,28,28,0],"gold":169,"neow_bonus":"TEN_PERCENT_HP_BONUS","is_prod":false,"is_daily":false,"chose_seed":false,"campfire_upgraded":4,"win_rate":0,"timestamp":1547657985,"path_taken":["M","?","M","M","M","R","E","R","T","?","R","E","M","$","R","BOSS"],"build_version":"2019-01-10","purchased_purges":0,"victory":false,"max_hp_per_floor":[78,78,78,78,78,78,80,80,80,80,80,80,82,82,82,82],"card_choices":[{"not_picked":["Coolheaded","Beam Cell"],"picked":"Rip and Tear","floor":1},{"not_picked":["Hologram","Amplify"],"picked":"Leap","floor":3},{"not_picked":["Hologram","Go for the Eyes"],"picked":"Ball Lightning","floor":4},{"not_picked":["Gash","Barrage"],"picked":"Cold Snap","floor":5},{"not_picked":["BootSequence","Steam","Sunder"],"picked":"Singing Bowl","floor":7},{"not_picked":["Seek","Recycle"],"picked":"FTL","floor":10},{"not_picked":["Reprogram","Beam Cell"],"picked":"Recycle","floor":12},{"not_picked":["Hello World+1","White Noise","Stack"],"picked":"Singing Bowl","floor":13}],"player_experience":440768,"relics_obtained":[{"floor":7,"key":"Singing Bowl"},{"floor":9,"key":"Frozen Egg 2"},{"floor":12,"key":"Orichalcum"}],"event_choices":[{"damage_healed":0,"gold_gain":0,"player_choice":"Upgraded","damage_taken":0,"max_hp_gain":0,"max_hp_loss":0,"event_name":"Upgrade Shrine","floor":2,"gold_loss":0,"cards_upgraded":["Rip and Tear"]}],"is_beta":false,"boss_relics":[],"items_purged_floors":[],"is_endless":false,"potions_floor_spawned":[1,7,10],"killed_by":"Slime Boss","ascension_level":20}