{"gold_per_floor":[113,125,125,137,156,156,156,174,174,188,12,23,45,65,65,170,170,181,181,198,70,86,86,105,105,105,105,122,138,158,170,170,170],"floor_reached":33,"playtime":1535,"items_purged":[],"score":297,"play_id":"9c14099b-4620-4128-bc96-cff6101fb83b","local_time":"20190306001206","is_ascension_mode":false,"campfire_choices":[{"data":"Perfected Strike","floor":6,"key":"SMITH"},{"data":"Perfected Strike","floor":15,"key":"SMITH"},{"floor":23,"key":"REST"},{"data":"Rage","floor":27,"key":"SMITH"},{"floor":32,"key":"REST"}],"neow_cost":"NONE","seed_source_timestamp":2184345893553376,"circlet_count":0,"master_deck":["Strike_R","Strike_R","Strike_R","Strike_R","Strike_R","Defend_R","Defend_R","Defend_R","Defend_R","Bash","Perfected Strike+1","Rage+1","Cleave","Thunderclap","Perfected Strike+1","Dropkick","Mayhem","Inflame","Twin Strike","Reaper","Feed","Perfected Strike+1","Pommel Strike","Pommel Strike","Metallicize","Dropkick","Disarm+1","Rage","Twin Strike+1"],"relics":["Sozu"],"potions_floor_usage":[],"damage_taken":[{"damage":0,"enemies":"2 Louse","floor":1,"turns":3},{"damage":6,"enemies":"Jaw Worm","floor":2,"turns":2},{"damage":5,"enemies":"Small Slimes","floor":4,"turns":3},{"damage":0,"enemies":"Looter","floor":5,"turns":2},{"damage":3,"enemies":"Lots of Slimes","floor":8,"turns":3},{"damage":0,"enemies":"Blue Slaver","floor":10,"turns":1},{"damage":16,"enemies":"Exordium Thugs","floor":12,"turns":4},{"damage":7,"enemies":"The Mushroom Lair","floor":13,"turns":3},{"damage":1,"enemies":"Looter","floor":14,"turns":2},{"damage":0,"enemies":"Slime Boss","floor":16,"turns":5},{"damage":0,"enemies":"Spheric Guardian","floor":18,"turns":2},{"damage":35,"enemies":"3 Byrds","floor":20,"turns":4},{"damage":18,"enemies":"Centurion and Healer","floor":22,"turns":5},{"damage":24,"enemies":"Sentry and Sphere","floor":24,"turns":4},{"damage":9,"enemies":"3 Cultists","floor":28,"turns":5},{"damage":11,"enemies":"Chosen and Byrds","floor":29,"turns":5},{"damage":9,"enemies":"Centurion and Healer","floor":30,"turns":4},{"damage":15,"enemies":"Sentry and Sphere","floor":31,"turns":4},{"damage":49,"enemies":"Champ","floor":33,"turns":7}],"seed_played":"2770932721725155682","potions_obtained":[],"is_trial":false,"path_per_floor":["M","M","?","M","M","R","T","M","T","M","$","M","?","M","R","B",null,"M","$","M","$","M","R","M","?","T","R","M","M","M","M","R","B"],"character_chosen":"IRONCLAD","items_purchased":["Mayhem","Pommel Strike","Metallicize"],"campfire_rested":2,"item_purchase_floors":[11,21,21],"current_hp_per_floor":[80,74,79,74,74,74,74,71,71,71,71,55,48,47,47,47,85,85,85,53,53,39,65,47,47,47,47,50,39,30,19,45,0],"gold":170,"neow_bonus":"BOSS_RELIC","is_prod":false,"is_daily":false,"chose_seed":false,"campfire_upgraded":3,"win_rate":0,"timestamp":1551849126,"path_taken":["M","M","?","M","M","R","?","M","T","M","$","M","?","M","R","BOSS","M","$","M","$","M","R","M","?","T","R","?","M","M","M","R","BOSS"],"build_version":"2019-01-23","purchased_purges":0,"victory":false,"max_hp_per_floor":[80,80,85,85,85,85,85,85,85,85,85,85,85,85,85,85,85,85,85,88,88,88,88,88,88,88,88,88,88,88,88,88,88],"card_choices":[{"not_picked":["Body Slam","Flex"],"picked":"Perfected Strike","floor":1},{"not_picked":["Iron Wave","Fire Breathing"],"picked":"Rage","floor":2},{"not_picked":["Searing Blow","Perfected Strike"],"picked":"Cleave","floor":4},{"not_picked":["Body Slam","Fiend Fire"],"picked":"Thunderclap","floor":5},{"not_picked":["Body Slam","Corruption"],"picked":"Perfected Strike","floor":8},{"not_picked":["Headbutt","Pommel Strike"],"picked":"Dropkick","floor":10},{"not_picked":["Havoc","Disarm"],"picked":"Inflame","floor":12},{"not_picked":["Power Through","Warcry"],"picked":"Twin Strike","floor":13},{"not_picked":["Shrug It Off","Heavy Blade"],"picked":"Reaper","floor":14},{"not_picked":["Impervious","Juggernaut"],"picked":"Feed","floor":16},{"not_picked":["Whirlwind","Flame Barrier"],"picked":"Perfected Strike+1","floor":18},{"not_picked":["Inflame","Power Through"],"picked":"Pommel Strike","floor":20},{"not_picked":["Twin Strike","Headbutt"],"picked":"Dropkick","floor":22},{"not_picked":["Pommel Strike","Sword Boomerang"],"picked":"Disarm+1","floor":24},{"not_picked":["Headbutt+1","Power Through","Anger"],"picked":"SKIP","floor":28},{"not_picked":["Warcry+1","Cleave+1"],"picked":"Twin Strike+1","floor":29},{"not_picked":["Thunderclap","Sword Boomerang","Combust+1"],"picked":"SKIP","floor":30},{"not_picked":["Iron Wave","Intimidate","Sword Boomerang"],"picked":"SKIP","floor":31}],"player_experience":840874,"relics_obtained":[],"event_choices":[{"damage_healed":0,"gold_gain":0,"player_choice":"Donut","damage_taken":0,"max_hp_gain":5,"max_hp_loss":0,"event_name":"Big Fish","floor":3,"gold_loss":0},{"damage_healed":0,"gold_gain":0,"player_choice":"Fought Mushrooms","damage_taken":0,"max_hp_gain":0,"max_hp_loss":0,"event_name":"Mushrooms","floor":13,"gold_loss":0},{"damage_healed":0,"gold_gain":0,"player_choice":"Copied","damage_taken":0,"max_hp_gain":0,"max_hp_loss":0,"event_name":"Duplicator","floor":25,"gold_loss":0,"cards_obtained":["Rage"]}],"is_beta":false,"boss_relics":[{"not_picked":[]}],"items_purged_floors":[],"is_endless":false,"potions_floor_spawned":[4,8,10,12,16,22,28,30],"killed_by":"Champ","ascension_level":0}