{"path_per_floor":["M","?","$","M","M","R","E","R","T","R","M","M","?","M","R","B",null,"M","M","M","?","?","R","?","T","T","M","R","$","E","M","R","B",null,"M","?","M","M","?","R","M"],"character_chosen":"IRONCLAD","items_purchased":["Whirlwind","Thread and Needle","Shrug It Off","Flex"],"gold_per_floor":[119,119,40,56,67,67,95,95,118,118,131,145,145,158,158,263,263,276,291,309,309,309,309,399,472,472,491,491,25,55,72,72,173,173,193,193,212,224,224,224,240],"floor_reached":42,"campfire_rested":2,"playtime":3936,"current_hp_per_floor":[79,72,72,76,80,80,54,54,54,54,48,38,22,28,52,33,68,74,80,80,64,64,64,32,32,32,35,35,35,35,14,38,17,64,51,51,61,42,32,32,51],"items_purged":["Strike_R"],"gold":240,"score":520,"play_id":"c2dbdbe9-54f0-49f9-b386-9a4dc0bcaabb","is_prod":false,"is_daily":false,"is_ascension_mode":true,"campfire_upgraded":6,"path_taken":["M","?","$","M","M","R","E","R","T","R","M","M","?","?","R","BOSS","M","M","?","?","?","R","?","?","T","M","R","$","E","M","R","BOSS","M","?","M","M","?","R","M","M"],"build_version":"2018-02-12-PROD1","purchased_purges":1,"victory":false,"master_deck":["Strike_R","Strike_R+1","Defend_R","Defend_R","Defend_R+1","Defend_R+1","Bash","Pommel Strike+1","Whirlwind+1","Pommel Strike+1","Shrug It Off+1","Shockwave+1","Limit Break","Flame Barrier","True Grit+1","Entrench+1","Entrench","Bandage Up","True Grit+1","Shrug It Off","Flex","Offering","Heavy Blade+1","Reaper","Shrug It Off","Body Slam+1","Heavy Blade+1","Flex","Pommel Strike+1","Reaper","Madness","Madness","Shrug It Off"],"max_hp_per_floor":[80,80,80,80,80,80,80,80,80,80,80,80,80,80,80,80,80,80,80,80,80,80,80,80,80,80,80,80,80,80,80,80,80,80,80,80,80,80,80,80,80],"relics":["Burning Blood","Whetstone","Bottled Lightning","Bag of Preparation","Snecko Eye","Nilry\u0027s Codex","Blue Candle","Frozen Eye","Thread and Needle","Oddly Smooth Stone","Orrery"],"card_choices":[{"not_picked":["Sever Soul","Clothesline"],"picked":"Pommel Strike"},{"not_picked":["Cleave","Wild Strike"],"picked":"Pommel Strike"},{"not_picked":["Perfected Strike","Anger"],"picked":"Shrug It Off"},{"not_picked":["Seeing Red","Hemokinesis"],"picked":"Shockwave"},{"not_picked":["Brutality","Feed"],"picked":"Limit Break"},{"not_picked":["Armaments","Reckless Charge"],"picked":"Flame Barrier"},{"not_picked":["Spot Weakness","Armaments"],"picked":"True Grit"},{"not_picked":["True Grit","Twin Strike"],"picked":"Entrench"},{"not_picked":["Cleave","Hemokinesis"],"picked":"True Grit"},{"not_picked":["Combust","Warcry"],"picked":"Offering"},{"not_picked":["Perfected Strike","Flex"],"picked":"Heavy Blade"},{"not_picked":["Berserk","Feed"],"picked":"Reaper"},{"not_picked":["Armaments","Reckless Charge"],"picked":"Shrug It Off"},{"not_picked":["Iron Wave","Shrug It Off"],"picked":"Body Slam"},{"not_picked":["Reckless Charge","Spot Weakness"],"picked":"Heavy Blade"},{"not_picked":["True Grit","Perfected Strike"],"picked":"Flex"},{"not_picked":["Clash","Body Slam"],"picked":"Pommel Strike"},{"not_picked":["Wild Strike","Armaments"],"picked":"Reaper"},{"not_picked":["Wild Strike","Reckless Charge"],"picked":"Shrug It Off"}],"player_experience":126761,"potions_floor_usage":[16,16,16,30,31,31,33,33,42],"damage_taken":[{"damage":7,"enemies":"Small Slimes","floor":1,"turns":3},{"damage":2,"enemies":"2 Louse","floor":4,"turns":2},{"damage":1,"enemies":"Cultist","floor":5,"turns":3},{"damage":32,"enemies":"Gremlin Nob","floor":7,"turns":4},{"damage":12,"enemies":"Gremlin Gang","floor":11,"turns":4},{"damage":16,"enemies":"Exordium Thugs","floor":12,"turns":4},{"damage":0,"enemies":"2 Fungi Beasts","floor":14,"turns":2},{"damage":25,"enemies":"The Guardian","floor":16,"turns":9},{"damage":0,"enemies":"Spheric Guardian","floor":18,"turns":3},{"damage":0,"enemies":"Chosen","floor":19,"turns":5},{"damage":0,"enemies":"Centurion and Healer","floor":20,"turns":6},{"damage":7,"enemies":"Cultist and Chosen","floor":27,"turns":7},{"damage":16,"enemies":"Book of Stabbing","floor":30,"turns":8},{"damage":40,"enemies":"Chosen and Byrds","floor":31,"turns":10},{"damage":31,"enemies":"Automaton","floor":33,"turns":9},{"damage":35,"enemies":"3 Darklings","floor":35,"turns":10},{"damage":0,"enemies":"3 Shapes","floor":37,"turns":7},{"damage":61,"enemies":"Sphere and 2 Shapes","floor":38,"turns":46},{"damage":15,"enemies":"4 Shapes","floor":41,"turns":9},{"damage":84,"enemies":"Maw","floor":42,"turns":11}],"event_choices":[{"event_name":"Golden Wing","player_choice":"Card Removal","floor":2,"damage_taken":0},{"event_name":"Shining Light","player_choice":"Entered Light","floor":13,"damage_taken":0},{"event_name":"Cursed Tome","player_choice":"Obtained Book","floor":21,"damage_taken":0},{"event_name":"Duplicator","player_choice":"One dupe","floor":22,"damage_taken":0},{"event_name":"Knowing Skull","player_choice":"POTION GOLD CARD ","floor":24,"damage_taken":0},{"event_name":"Winding Halls","player_choice":"Embrace Madness","floor":39,"damage_taken":0}],"boss_relics":[{"not_picked":["Black Blood","White Beast Statue"],"picked":"Snecko Eye"},{"not_picked":["Question Card","Runic Pyramid"],"picked":"Orrery"}],"potions_floor_spawned":[1,5,14,16,18,30,31,35],"seed_played":"-6469197593618779554","killed_by":"Maw","ascension_level":5,"is_trial":false}