{"gold_per_floor":[114,129,144,144,69,69,99,99,99,99,99,149,164,194,194,294,294,309,384,399,414,429,429,429,429,429,444,344,344,374,404,404,504,504,519,555,430,430,445,445,445,445,445,445,460,460,210,240,240,240],"floor_reached":51,"playtime":10022,"items_purged":["Defend_B","Normality","Normality"],"score":844,"play_id":"93d8ce02-a1cb-4927-80f0-b9e0938a8d71","local_time":"20190302225106","daily_mods":["Cursed Run","Flight","DeadlyEvents"],"is_ascension_mode":false,"campfire_choices":[{"data":"Zap","floor":6,"key":"SMITH"},{"data":"Fission","floor":8,"key":"SMITH"},{"data":"Chill","floor":11,"key":"SMITH"},{"data":"Defragment","floor":15,"key":"SMITH"},{"floor":23,"key":"REST"},{"data":"Dualcast","floor":24,"key":"SMITH"},{"data":"Machine Learning","floor":25,"key":"SMITH"},{"data":"Loop","floor":29,"key":"SMITH"},{"floor":32,"key":"REST"},{"data":"Electrodynamics","floor":40,"key":"SMITH"},{"data":"Coolheaded","floor":41,"key":"SMITH"},{"data":"1","floor":42,"key":"LIFT"},{"data":"2","floor":44,"key":"LIFT"},{"data":"3","floor":46,"key":"LIFT"},{"floor":49,"key":"REST"}],"neow_cost":"","seed_source_timestamp":0,"circlet_count":0,"master_deck":["Zap+1","Dualcast+1","Cold Snap","Ball Lightning","Chill+1","Fission+1","Decay","Regret","Defragment+1","Regret","Machine Learning+1","Normality","Injury","Parasite","Streamline","Sweeping Beam+1","Coolheaded+1","Conserve Battery+1","Loop+1","Redo+1","FTL","Electrodynamics+1","FTL","Seek+1","Redo+1","Recycle+1","Gash","Stack+1","Core Surge","Skim+1","Streamline+1","Jack Of All Trades+1","Writhe","Fusion+1","Redo+1","Pain"],"special_seed":17958,"relics":["Cursed Key","Darkstone Periapt","Du-Vu Doll","Question Card","Bag of Preparation","Pear","Potion Belt","Bottled Flame","Calling Bell","Happy Flower","Mercury Hourglass","Girya","Pantograph","Toxic Egg 2","Oddly Smooth Stone","Pandora\u0027s Box","Peace Pipe","Pen Nib","Mummified Hand","Molten Egg 2"],"potions_floor_usage":[18,33,50,50],"damage_taken":[{"damage":5,"enemies":"Cultist","floor":1,"turns":5},{"damage":0,"enemies":"2 Louse","floor":2,"turns":3},{"damage":0,"enemies":"Small Slimes","floor":3,"turns":3},{"damage":9,"enemies":"3 Sentries","floor":7,"turns":7},{"damage":7,"enemies":"Red Slaver","floor":13,"turns":3},{"damage":12,"enemies":"Gremlin Nob","floor":14,"turns":3},{"damage":59,"enemies":"The Guardian","floor":16,"turns":8},{"damage":15,"enemies":"Shell Parasite","floor":18,"turns":4},{"damage":25,"enemies":"2 Thieves","floor":20,"turns":3},{"damage":25,"enemies":"3 Cultists","floor":21,"turns":4},{"damage":9,"enemies":"Snake Plant","floor":22,"turns":3},{"damage":12,"enemies":"Snecko","floor":27,"turns":5},{"damage":18,"enemies":"Slavers","floor":30,"turns":4},{"damage":8,"enemies":"Gremlin Leader","floor":31,"turns":5},{"damage":74,"enemies":"Automaton","floor":33,"turns":8},{"damage":0,"enemies":"3 Shapes","floor":35,"turns":2},{"damage":48,"enemies":"2 Orb Walkers","floor":36,"turns":4},{"damage":19,"enemies":"3 Darklings","floor":39,"turns":3},{"damage":0,"enemies":"4 Shapes","floor":45,"turns":3},{"damage":23,"enemies":"Reptomancer","floor":48,"turns":4},{"damage":111,"enemies":"Time Eater","floor":50,"turns":9}],"seed_played":"-270384257363861475","potions_obtained":[{"floor":3,"key":"Dexterity Potion"},{"floor":7,"key":"Energy Potion"},{"floor":13,"key":"Energy Potion"},{"floor":27,"key":"FearPotion"},{"floor":31,"key":"SteroidPotion"},{"floor":33,"key":"Ancient Potion"},{"floor":39,"key":"Weak Potion"}],"is_trial":false,"path_per_floor":["M","M","M","?","$","R","E","R","T","$","R","T","M","E","R","B",null,"M","?","M","M","M","R","R","R","T","M","$","R","E","E","R","B",null,"M","?","$","?","M","R","R","R","T","R","M","R","$","E","R","B",null],"character_chosen":"DEFECT","items_purchased":["Mummified Hand"],"campfire_rested":3,"item_purchase_floors":[47],"current_hp_per_floor":[70,70,70,70,70,70,61,61,77,77,77,83,76,64,64,11,121,106,94,69,44,35,71,71,71,77,65,65,65,47,39,77,34,133,133,85,85,85,66,66,66,66,72,72,72,72,72,49,90,10],"gold":240,"neow_bonus":"","is_prod":false,"is_daily":true,"chose_seed":false,"campfire_upgraded":9,"win_rate":0,"timestamp":1551595866,"path_taken":["M","?","M","?","$","R","?","R","T","?","R","?","M","?","R","BOSS","M","?","M","?","?","R","R","R","T","M","$","R","E","E","R","BOSS","M","?","$","?","?","R","R","R","T","R","?","R","$","?","R","BOSS"],"build_version":"2019-01-23","purchased_purges":3,"victory":true,"max_hp_per_floor":[75,75,75,75,75,75,75,75,91,91,91,97,97,97,97,103,121,121,121,121,121,121,121,121,121,127,127,127,127,127,127,127,133,133,133,133,133,133,133,133,133,133,139,139,139,139,139,139,139,145],"card_choices":[{"not_picked":["Rebound","Hologram"],"picked":"Cold Snap","floor":1},{"not_picked":["Streamline","Undo"],"picked":"Ball Lightning","floor":2},{"not_picked":["Steam","Sweeping Beam"],"picked":"Chill","floor":3},{"not_picked":["Consume","Reprogram","Conserve Battery"],"picked":"Fission","floor":7},{"not_picked":["Consume","Blizzard","Reinforced Body","Rebound"],"picked":"SKIP","floor":13},{"not_picked":["Reprogram","Ball Lightning","Reinforced Body"],"picked":"Defragment","floor":14},{"not_picked":["Multi-Cast","Seek","All For One"],"picked":"Machine Learning","floor":16},{"not_picked":["Compile Driver","Stack","Sweeping Beam"],"picked":"Streamline","floor":18},{"not_picked":["Blizzard","Cold Snap+1","Auto Shields+1"],"picked":"Sweeping Beam+1","floor":20},{"not_picked":["Ball Lightning","Streamline","Steam+1"],"picked":"Coolheaded","floor":21},{"not_picked":["Go for the Eyes","Coolheaded+1","Gash"],"picked":"Conserve Battery+1","floor":22},{"not_picked":["Reprogram","Genetic Algorithm","Consume"],"picked":"Loop","floor":27},{"not_picked":["Scrape","Turbo","Streamline"],"picked":"Redo","floor":30},{"not_picked":["Darkness+1","Double Energy+1","Self Repair"],"picked":"FTL","floor":31},{"not_picked":["Biased Cognition","All For One","Meteor Strike"],"picked":"Electrodynamics","floor":33},{"not_picked":["BootSequence+1","Cold Snap+1","Turbo+1"],"picked":"Skim+1","floor":35},{"not_picked":["Turbo+1","Rebound","Redo+1"],"picked":"Streamline+1","floor":36},{"not_picked":["Impatience+1","Mind Blast","Bandage Up+1"],"picked":"Jack Of All Trades+1","floor":38},{"not_picked":["Barrage+1","Steam+1","Streamline","Compile Driver"],"picked":"SKIP","floor":39},{"not_picked":["Gash","Go for the Eyes","Ball Lightning"],"picked":"Fusion+1","floor":45},{"not_picked":["Conserve Battery+1","Force Field+1","Go for the Eyes"],"picked":"Redo+1","floor":48}],"player_experience":1054889,"relics_obtained":[{"floor":7,"key":"Bag of Preparation"},{"floor":9,"key":"Pear"},{"floor":12,"key":"Potion Belt"},{"floor":14,"key":"Bottled Flame"},{"floor":17,"key":"Happy Flower"},{"floor":17,"key":"Mercury Hourglass"},{"floor":17,"key":"Girya"},{"floor":26,"key":"Pantograph"},{"floor":30,"key":"Toxic Egg 2"},{"floor":31,"key":"Oddly Smooth Stone"},{"floor":36,"key":"Peace Pipe"},{"floor":43,"key":"Pen Nib"},{"floor":48,"key":"Molten Egg 2"}],"event_choices":[{"damage_healed":0,"gold_gain":0,"player_choice":"Gave Potion","damage_taken":0,"relics_obtained":["Question Card"],"max_hp_gain":0,"max_hp_loss":0,"event_name":"WeMeetAgain","floor":4,"gold_loss":0},{"damage_healed":0,"gold_gain":75,"player_choice":"Touch","damage_taken":12,"max_hp_gain":0,"max_hp_loss":0,"event_name":"FaceTrader","floor":19,"gold_loss":0},{"damage_healed":0,"gold_gain":0,"player_choice":"Fight","damage_taken":0,"max_hp_gain":0,"max_hp_loss":0,"event_name":"Mysterious Sphere","floor":36,"gold_loss":0},{"damage_healed":0,"gold_gain":0,"player_choice":"Memory 1","damage_taken":0,"max_hp_gain":0,"max_hp_loss":0,"event_name":"SensoryStone","floor":38,"gold_loss":0}],"is_beta":false,"boss_relics":[{"not_picked":["Ectoplasm","Lizard Tail"],"picked":"Calling Bell"},{"not_picked":["Philosopher\u0027s Stone","Orrery"],"picked":"Pandora\u0027s Box"}],"items_purged_floors":[5,28,37],"is_endless":false,"potions_floor_spawned":[3,7,13,27,31,33,39],"ascension_level":0}