{"gold_per_floor":[19,19,40,60,79,79,94,128,128,152,170,170,170,185,185,314,314,330,354,372,385,398,398,398],"floor_reached":24,"playtime":2326,"items_purged":[],"score":206,"play_id":"ff6de165-a411-4231-9bef-a535353a1774","local_time":"20190328202157","is_ascension_mode":false,"campfire_choices":[{"data":"Zap","floor":6,"key":"SMITH"},{"floor":13,"key":"REST"},{"floor":15,"key":"REST"},{"floor":23,"key":"REST"}],"neow_cost":"NO_GOLD","seed_source_timestamp":18108779503584,"circlet_count":0,"master_deck":["Strike_B","Strike_B","Strike_B","Defend_B","Defend_B","Defend_B","Zap+1","Dualcast","Stack","Injury","Auto Shields","Ball Lightning","Recycle","Auto Shields","Defragment","Redo","Cold Snap","Amplify","Self Repair","Sweeping Beam","Blizzard","Conserve Battery","Sweeping Beam+1"],"relics":["Cracked Core","Golden Idol","Bronze Scales","Shuriken","White Beast Statue"],"potions_floor_usage":[16,16,24],"damage_taken":[{"damage":2,"enemies":"Jaw Worm","floor":1,"turns":4},{"damage":0,"enemies":"2 Louse","floor":3,"turns":2},{"damage":0,"enemies":"Cultist","floor":4,"turns":4},{"damage":10,"enemies":"Gremlin Gang","floor":5,"turns":4},{"damage":3,"enemies":"Red Slaver","floor":7,"turns":3},{"damage":22,"enemies":"Gremlin Nob","floor":8,"turns":4},{"damage":5,"enemies":"Large Slime","floor":10,"turns":4},{"damage":5,"enemies":"Looter","floor":11,"turns":2},{"damage":11,"enemies":"Exordium Wildlife","floor":14,"turns":3},{"damage":12,"enemies":"Slime Boss","floor":16,"turns":8},{"damage":9,"enemies":"Chosen","floor":18,"turns":5},{"damage":14,"enemies":"Spheric Guardian","floor":19,"turns":4},{"damage":27,"enemies":"Snecko","floor":20,"turns":7},{"damage":19,"enemies":"Centurion and Healer","floor":21,"turns":12},{"damage":14,"enemies":"Sentry and Sphere","floor":22,"turns":6},{"damage":41,"enemies":"Shelled Parasite and Fungi","floor":24,"turns":3}],"seed_played":"6484260885151176326","potions_obtained":[{"floor":1,"key":"Energy Potion"},{"floor":5,"key":"Explosive Potion"},{"floor":7,"key":"Weak Potion"},{"floor":18,"key":"PowerPotion"},{"floor":19,"key":"Strength Potion"},{"floor":20,"key":"SteroidPotion"},{"floor":22,"key":"Energy Potion"}],"is_trial":false,"path_per_floor":["?","?","M"],"character_chosen":"DEFECT","items_purchased":[],"campfire_rested":3,"item_purchase_floors":[],"current_hp_per_floor":[73,73,73,73,63,63,60,38,38,33,28,28,50,39,61,49,75,66,59,32,20,13,35,0],"gold":398,"neow_bonus":"REMOVE_TWO","is_prod":false,"is_daily":false,"chose_seed":false,"campfire_upgraded":1,"win_rate":0,"timestamp":1553818917,"path_taken":["M","?","M","M","M","R","M","E","T","M","M","?","R","M","R","BOSS","M","M","M","?","M","R","M"],"build_version":"2019-01-23","purchased_purges":0,"victory":false,"max_hp_per_floor":[75,75,75,75,75,75,75,75,75,75,75,75,75,75,75,75,75,75,75,75,75,75,75,75],"card_choices":[{"not_picked":["Hello World","Turbo"],"picked":"Stack","floor":1},{"not_picked":["Hello World","Self Repair"],"picked":"Auto Shields","floor":3},{"not_picked":["Conserve Battery","Doom and Gloom"],"picked":"Ball Lightning","floor":4},{"not_picked":["Hologram","Force Field"],"picked":"Recycle","floor":5},{"not_picked":["Beam Cell","Heatsinks","Genetic Algorithm"],"picked":"SKIP","floor":7},{"not_picked":["Consume","Hyperbeam"],"picked":"Auto Shields","floor":8},{"not_picked":["Beam Cell","Blizzard"],"picked":"Defragment","floor":10},{"not_picked":["Steam","BootSequence"],"picked":"Redo","floor":11},{"not_picked":["Streamline","Ball Lightning"],"picked":"Cold Snap","floor":14},{"not_picked":["Thunder Strike","Biased Cognition"],"picked":"Amplify","floor":16},{"not_picked":["Go for the Eyes","Gash"],"picked":"Self Repair","floor":18},{"not_picked":["Rebound","Conserve Battery"],"picked":"Sweeping Beam","floor":19},{"not_picked":["Skim","Auto Shields"],"picked":"Blizzard","floor":20},{"not_picked":["Barrage","Turbo"],"picked":"Conserve Battery","floor":21},{"not_picked":["Compile Driver","Gash"],"picked":"Sweeping Beam+1","floor":22}],"player_experience":78149,"relics_obtained":[{"floor":8,"key":"Bronze Scales"}],"event_choices":[{"damage_healed":0,"gold_gain":0,"player_choice":"Take Wound","damage_taken":0,"relics_obtained":["Golden Idol"],"max_hp_gain":0,"max_hp_loss":0,"event_name":"Golden Idol","floor":2,"gold_loss":0,"cards_obtained":["Injury"]},{"damage_healed":0,"gold_gain":0,"player_choice":"Gave Potion","damage_taken":0,"relics_obtained":["Shuriken"],"max_hp_gain":0,"max_hp_loss":0,"event_name":"WeMeetAgain","floor":12,"gold_loss":0}],"is_beta":false,"boss_relics":[{"not_picked":["Philosopher\u0027s Stone","Calling Bell"],"picked":"White Beast Statue"}],"items_purged_floors":[],"is_endless":false,"potions_floor_spawned":[1,5,7,8,11,18,19,20,21,22],"killed_by":"Shelled Parasite and Fungi","ascension_level":0}