{"gold_per_floor":[110,129,379,394,39,39,71,71,98,133,152,152,181,199,199,299,299,312,312,312,331,346,378,378,411,487,519,536,536,567,188,188,291,291,311,321,335,35,35,64,64,89,171,182,182,208,259,273,273,273],"floor_reached":51,"playtime":5357,"items_purged":["Regret","Defend_G","Poisoned Stab"],"score":1133,"play_id":"30d6cbc9-3896-448a-a7db-234051c5cf53","local_time":"20180728213757","is_ascension_mode":true,"campfire_choices":[{"data":"Neutralize","floor":6.0,"key":"SMITH"},{"data":"Survivor","floor":8.0,"key":"SMITH"},{"floor":12.0,"key":"REST"},{"data":"Dagger Spray","floor":15.0,"key":"SMITH"},{"data":"Malaise","floor":24,"key":"SMITH"},{"data":"Leg Sweep","floor":29,"key":"SMITH"},{"data":"Cloak And Dagger","floor":32,"key":"SMITH"},{"data":"Defend_G","floor":41,"key":"SMITH"},{"data":"Acrobatics","floor":45,"key":"SMITH"},{"data":"Crippling Poison","floor":49,"key":"SMITH"}],"neow_cost":"","seed_source_timestamp":0,"circlet_count":0,"master_deck":["Defend_G","Defend_G","Defend_G","Defend_G+1","Survivor+1","Neutralize+1","Well Laid Plans","Dagger Throw","Footwork+1","Acrobatics+1","Tactician","Dagger Spray+1","Noxious Fumes+1","Cloak And Dagger+1","PiercingWail","Malaise+1","Bite","Bite","Bite","Bite","Bite","Noxious Fumes+1","Accuracy+1","Dagger Throw+1","Die Die Die","Sucker Punch+1","Leg Sweep+1","Infinite Blades+1","Noxious Fumes+1","Panache+1","Crippling Poison+1","Secret Weapon","Escape Plan+1"],"special_seed":0,"relics":["Ring of the Snake","Frozen Egg 2","Ancient Tea Set","Dream Catcher","Prayer Wheel","Bird Faced Urn","Sozu","Orichalcum","Darkstone Periapt","Mercury Hourglass","Pear","Paper Crane","Busted Crown","Incense Burner","Boot","Omamori","Meat on the Bone","Oddly Smooth Stone","Girya"],"potions_floor_usage":[23,23],"damage_taken":[{"damage":8.0,"enemies":"2 Louse","floor":1.0,"turns":3.0},{"damage":5.0,"enemies":"Cultist","floor":2.0,"turns":5.0},{"damage":2.0,"enemies":"Jaw Worm","floor":4.0,"turns":4.0},{"damage":2.0,"enemies":"3 Sentries","floor":7.0,"turns":10.0},{"damage":19.0,"enemies":"Gremlin Nob","floor":10.0,"turns":5.0},{"damage":18.0,"enemies":"Lots of Slimes","floor":11.0,"turns":6.0},{"damage":10.0,"enemies":"3 Sentries","floor":13.0,"turns":9.0},{"damage":0.0,"enemies":"Blue Slaver","floor":14.0,"turns":5.0},{"damage":16.0,"enemies":"Slime Boss","floor":16.0,"turns":11.0},{"damage":0,"enemies":"3 Byrds","floor":18,"turns":7},{"damage":4,"enemies":"Chosen","floor":21,"turns":7},{"damage":7,"enemies":"Snecko","floor":22,"turns":6},{"damage":27,"enemies":"Slavers","floor":23,"turns":6},{"damage":13,"enemies":"Book of Stabbing","floor":25,"turns":7},{"damage":25,"enemies":"Slavers","floor":27,"turns":3},{"damage":4,"enemies":"Centurion and Healer","floor":28,"turns":5},{"damage":0,"enemies":"Gremlin Leader","floor":30,"turns":5},{"damage":8,"enemies":"Champ","floor":33,"turns":9},{"damage":14,"enemies":"Flame Bruiser 1 Orb","floor":35,"turns":5},{"damage":3,"enemies":"Orb Walker","floor":36,"turns":4},{"damage":24,"enemies":"Transient","floor":37,"turns":5},{"damage":0,"floor":39,"turns":6},{"damage":27,"enemies":"2 Orb Walkers","floor":40,"turns":5},{"damage":0,"enemies":"Giant Head","floor":42,"turns":7},{"damage":8,"enemies":"Sphere and 2 Shapes","floor":44,"turns":3},{"damage":14,"enemies":"Nemesis","floor":46,"turns":6},{"damage":21,"floor":47,"turns":4},{"damage":4,"enemies":"Flame Bruiser 2 Orb","floor":48,"turns":4},{"damage":23,"enemies":"Donu and Deca","floor":50,"turns":8}],"seed_played":"5954470712750856748","potions_obtained":[{"floor":1.0,"key":"Block Potion"},{"floor":2.0,"key":"Weak Potion"},{"floor":7.0,"key":"Energy Potion"},{"floor":14.0,"key":"FairyPotion"},{"floor":16.0,"key":"GhostInAJar"}],"is_trial":false,"path_per_floor":["M","M","?","M","$","R","E","R","T","E","M","R","E","M","R","B",null,"M","?","?","M","M","E","R","E","T","E","M","R","E","$","R","B",null,"M","M","M","$","?","E","R","E","T","M","R","E","?","M","R","B"],"character_chosen":"THE_SILENT","items_purchased":["Frozen Egg 2","Footwork+1","Noxious Fumes+1","Panache+1","Secret Weapon"],"campfire_rested":1,"item_purchase_floors":[5,5,31,31,38],"current_hp_per_floor":[55,50,50,48,48,48,46,46,46,27,9,30,20,26,26,16,57,61,49,49,49,49,34,34,46,46,42,58,58,59,59,59,59,59,59,58,39,39,59,48,48,59,59,59,59,57,51,59,59,50],"gold":273,"neow_bonus":"","is_prod":false,"is_daily":false,"chose_seed":false,"campfire_upgraded":9,"win_rate":0,"timestamp":1532777877,"path_taken":["M","M","?","M","$","R","E","R","T","E","M","R","E","?","R","BOSS","M","?","?","?","M","E","R","E","T","E","M","R","E","$","R","BOSS","M","M","M","$","?","E","R","E","T","M","R","E","?","M","R","BOSS"],"build_version":"2018-07-26","purchased_purges":3,"victory":true,"max_hp_per_floor":[70,70,70,70,70,70,70,70,70,70,70,70,70,70,70,70,70,70,49,49,49,49,49,49,49,49,59,59,59,59,59,59,59,59,59,59,59,59,59,59,59,59,59,59,59,59,59,59,59,59],"card_choices":[{"not_picked":["Deadly Poison","Calculated Gamble"],"picked":"Well Laid Plans","floor":1.0},{"not_picked":["Dagger Spray","Caltrops"],"picked":"Dagger Throw","floor":2.0},{"not_picked":["Calculated Gamble","Slice","Underhanded Strike"],"picked":"SKIP","floor":4.0},{"not_picked":["Flying Knee","Grand Finale"],"picked":"Acrobatics","floor":7.0},{"not_picked":["Outmaneuver","Distraction","Flying Knee"],"picked":"SKIP","floor":10.0},{"not_picked":["Masterful Stab","Blade Dance"],"picked":"Poisoned Stab","floor":11.0},{"not_picked":["Dagger Throw","Flying Knee"],"picked":"Tactician","floor":11.0},{"not_picked":["Accuracy+1","Dagger Throw"],"picked":"Dagger Spray","floor":12.0},{"not_picked":["Underhanded Strike","Envenom+1"],"picked":"Noxious Fumes+1","floor":13.0},{"not_picked":["Slice","Prepared"],"picked":"Cloak And Dagger","floor":14.0},{"not_picked":["Slice","Dagger Throw"],"picked":"PiercingWail","floor":14.0},{"not_picked":["Storm of Steel","Doppelganger"],"picked":"Malaise","floor":16.0},{"not_picked":["Concentrate","Slice","Sucker Punch"],"picked":"SKIP","floor":18},{"not_picked":["Distraction","Slice","Flying Knee"],"picked":"SKIP","floor":18},{"not_picked":["Dagger Spray+1","Dagger Throw+1"],"picked":"Noxious Fumes+1","floor":21},{"not_picked":["Outmaneuver","Prepared"],"picked":"Accuracy+1","floor":21},{"not_picked":["Dodge and Roll+1","Night Terror"],"picked":"Dagger Throw+1","floor":22},{"not_picked":["Bane","Sucker Punch","Dash"],"picked":"SKIP","floor":22},{"not_picked":["Prepared+1","Accuracy+1"],"picked":"Die Die Die","floor":23},{"not_picked":["Deflect+1","Underhanded Strike+1"],"picked":"Sucker Punch+1","floor":25},{"not_picked":["Endless Agony","Accuracy+1"],"picked":"Leg Sweep","floor":27},{"not_picked":["Slice","Dagger Spray","Prepared+1"],"picked":"SKIP","floor":28},{"not_picked":["Acrobatics","Tactician","Prepared"],"picked":"SKIP","floor":28},{"not_picked":["Bullet Time","Deadly Poison"],"picked":"Infinite Blades+1","floor":30},{"not_picked":["PiercingWail"],"picked":"SKIP","floor":35},{"not_picked":["Sucker Punch+1"],"picked":"SKIP","floor":35},{"not_picked":[],"picked":"Crippling Poison","floor":36},{"not_picked":["Flying Knee"],"picked":"SKIP","floor":36},{"not_picked":["Quick Slash"],"picked":"SKIP","floor":37},{"not_picked":["Distraction+1"],"picked":"SKIP","floor":37},{"not_picked":["Bouncing Flask"],"picked":"SKIP","floor":40},{"not_picked":["Quick Slash+1"],"picked":"SKIP","floor":42},{"not_picked":["Outmaneuver+1"],"picked":"SKIP","floor":44},{"not_picked":["Flying Knee"],"picked":"SKIP","floor":44},{"not_picked":[],"picked":"Escape Plan+1","floor":46},{"not_picked":["Outmaneuver"],"picked":"SKIP","floor":48},{"not_picked":["Crippling Poison"],"picked":"SKIP","floor":48}],"player_experience":203230,"relics_obtained":[{"floor":7.0,"key":"Ancient Tea Set"},{"floor":9.0,"key":"Dream Catcher"},{"floor":10.0,"key":"Prayer Wheel"},{"floor":13.0,"key":"Bird Faced Urn"},{"floor":23,"key":"Orichalcum"},{"floor":25,"key":"Darkstone Periapt"},{"floor":26,"key":"Mercury Hourglass"},{"floor":27,"key":"Pear"},{"floor":30,"key":"Paper Crane"},{"floor":39,"key":"Incense Burner"},{"floor":40,"key":"Boot"},{"floor":42,"key":"Omamori"},{"floor":43,"key":"Meat on the Bone"},{"floor":46,"key":"Oddly Smooth Stone"},{"floor":47,"key":"Girya"}],"event_choices":[{"event_name":"Golden Shrine","player_choice":"Desecrate","floor":3.0,"damage_taken":0.0},{"event_name":"Vampires","player_choice":"Became a vampire","floor":19,"damage_taken":0},{"event_name":"Drug Dealer","player_choice":"Ignored","floor":20,"damage_taken":0},{"event_name":"MindBloom","player_choice":"Fight","floor":39,"damage_taken":0},{"event_name":"Mysterious Sphere","player_choice":"Fight","floor":47,"damage_taken":0}],"is_beta":false,"boss_relics":[{"not_picked":["Runic Pyramid","Velvet Choker"],"picked":"Sozu"},{"not_picked":["Eternal Feather","Ring of the Serpent"],"picked":"Busted Crown"}],"items_purged_floors":[5,31,38],"is_endless":false,"potions_floor_spawned":[1,2,7,14,16,18,25,27,30,33,36,39,40,42,48],"ascension_level":6}