{"gold_per_floor":[119,119,135,154,104,129,129,149,149,178,58,58,58,58,58,155,155,166,186,201,218,232,232,258,258,258,258,160,171,96,126,126,230,230,248,268,543,102,119,149,181,218,230,260,302,314,339,25,25,25,25,25,25,50,50],"floor_reached":55,"playtime":38337,"items_purged":["Strike_G","Strike_G","Regret","Defend_G"],"score":860,"play_id":"59a2c43b-02f3-47e1-959b-b53e0acdfcdb","local_time":"20190419074835","is_ascension_mode":false,"campfire_choices":[{"data":"Neutralize","floor":7.0,"key":"SMITH"},{"data":"Noxious Fumes","floor":13.0,"key":"SMITH"},{"data":"Burst","floor":15.0,"key":"SMITH"},{"data":"Malaise","floor":23.0,"key":"SMITH"},{"data":"Backflip","floor":25.0,"key":"SMITH"},{"data":"Underhanded Strike","floor":27.0,"key":"SMITH"},{"data":"Acrobatics","floor":32.0,"key":"SMITH"},{"floor":49,"key":"RECALL"},{"data":"Deadly Poison","floor":52,"key":"SMITH"}],"neow_cost":"NONE","seed_source_timestamp":269086561293000,"circlet_count":0,"master_deck":["Defend_G","Defend_G","Defend_G","Defend_G","Survivor","Neutralize+1","Caltrops+1","Sucker Punch+1","Deflect","Tools of the Trade","Burst+1","Noxious Fumes+1","Malaise+1","Caltrops+1","Underhanded Strike+1","Backflip+1","Backflip+1","Acrobatics+1","Deflect+1","Cloak And Dagger+1","After Image","Dagger Spray+1","Deadly Poison+1","Eviscerate+1","Noxious Fumes+1","Leg Sweep+1","Dash+1"],"special_seed":0,"relics":["Ring of the Snake","NeowsBlessing","Ancient Tea Set","Bag of Marbles","The Courier","HoveringKite","WingedGreaves","Pen Nib","Orichalcum","Snecko Eye","Lee\u0027s Waffle","Snake Skull","Bottled Flame","MawBank","Ornamental Fan","StoneCalendar","Whetstone","FossilizedHelix"],"potions_floor_usage":[45,45,50,55,55],"damage_taken":[{"damage":0.0,"enemies":"Jaw Worm","floor":1.0,"turns":1.0},{"damage":0.0,"enemies":"Cultist","floor":3.0,"turns":1.0},{"damage":0.0,"enemies":"2 Louse","floor":4.0,"turns":1.0},{"damage":16.0,"enemies":"Gremlin Nob","floor":6.0,"turns":5.0},{"damage":8.0,"enemies":"Large Slime","floor":8.0,"turns":6.0},{"damage":17.0,"enemies":"Lagavulin","floor":10.0,"turns":10.0},{"damage":0.0,"enemies":"Hexaghost","floor":16.0,"turns":9.0},{"damage":0.0,"enemies":"Shell Parasite","floor":18.0,"turns":6.0},{"damage":6.0,"enemies":"3 Byrds","floor":19.0,"turns":5.0},{"damage":3.0,"enemies":"Snake Plant","floor":20.0,"turns":6.0},{"damage":13.0,"enemies":"Shelled Parasite and Fungi","floor":21.0,"turns":5.0},{"damage":3.0,"enemies":"Centurion and Healer","floor":22.0,"turns":9.0},{"damage":4.0,"enemies":"Book of Stabbing","floor":24.0,"turns":5.0},{"damage":0.0,"enemies":"Snecko","floor":29.0,"turns":6.0},{"damage":9.0,"enemies":"Slavers","floor":31.0,"turns":6.0},{"damage":6.0,"enemies":"Automaton","floor":33.0,"turns":11.0},{"damage":3.0,"enemies":"3 Shapes","floor":35.0,"turns":5.0},{"damage":2,"enemies":"Orb Walker","floor":36,"turns":4},{"damage":3,"enemies":"Jaw Worm Horde","floor":39,"turns":4},{"damage":7,"enemies":"Nemesis","floor":40,"turns":7},{"damage":1,"enemies":"Giant Head","floor":41,"turns":8},{"damage":8,"enemies":"Nemesis","floor":42,"turns":9},{"damage":30,"enemies":"Spire Growth","floor":44,"turns":5},{"damage":22,"enemies":"Giant Head","floor":45,"turns":10},{"damage":11,"enemies":"Writhing Mass","floor":47,"turns":6},{"damage":2,"enemies":"Awakened One","floor":50,"turns":12},{"damage":25,"enemies":"Shield and Spear","floor":54,"turns":7},{"damage":54,"enemies":"The Heart","floor":55,"turns":6}],"seed_played":"8610325902560791949","potions_obtained":[{"floor":1.0,"key":"SneckoOil"},{"floor":2.0,"key":"GhostInAJar"},{"floor":2.0,"key":"Swift Potion"},{"floor":2.0,"key":"Energy Potion"},{"floor":6.0,"key":"GamblersBrew"},{"floor":18.0,"key":"Fire Potion"},{"floor":24.0,"key":"Fire Potion"},{"floor":33.0,"key":"Energy Potion"},{"floor":35,"key":"FearPotion"},{"floor":40,"key":"Regen Potion"},{"floor":45,"key":"Strength Potion"}],"is_trial":false,"path_per_floor":["M","?","M","M","?","E","R","M","T","E","$","?","R","?","R","B",null,"M","M","M","M","M","R","E","R","T","R","$","M","?","E","R","B",null,"M","M","?","$","M","E","E","E","T","M","E","?","M","$","R","B",null,"R","$","E","B"],"character_chosen":"THE_SILENT","items_purchased":["Noxious Fumes","Acrobatics","Eviscerate","Lee\u0027s Waffle","Snake Skull","Strength Potion","Explosive Potion","Whetstone"],"campfire_rested":0,"item_purchase_floors":[11,28,38,38,38,48,48,48],"current_hp_per_floor":[70,70,70,70,70,54,54,46,46,29,29,22,22,22,22,22,70,70,64,61,48,45,45,41,41,41,41,41,41,41,32,32,26,70,67,65,65,77,74,67,66,58,58,28,21,21,10,10,10,8,77,77,77,52,0],"gold":50,"neow_bonus":"THREE_ENEMY_KILL","is_prod":false,"is_daily":false,"chose_seed":false,"campfire_upgraded":8,"win_rate":0,"timestamp":1555624115,"path_taken":["M","?","?","M","?","E","R","M","T","E","$","?","R","?","R","BOSS","M","M","M","M","M","R","E","R","T","R","$","M","?","E","R","BOSS","M","M","?","$","M","E","E","E","T","?","E","?","?","?","R","BOSS","R","$","E","BOSS"],"build_version":"2019-01-23","purchased_purges":4,"victory":false,"max_hp_per_floor":[70,70,70,70,70,70,70,70,70,70,70,70,70,70,70,70,70,70,70,70,70,70,70,70,70,70,70,70,70,70,70,70,70,70,70,70,70,77,77,77,77,77,77,77,77,77,77,77,77,77,77,77,77,77,77],"card_choices":[{"not_picked":["Dagger Throw","Poisoned Stab"],"picked":"Caltrops","floor":1.0},{"not_picked":["Acrobatics","Blade Dance"],"picked":"Sucker Punch","floor":3.0},{"not_picked":["Backflip","Dodge and Roll"],"picked":"Deflect","floor":4.0},{"not_picked":["Dodge and Roll","Slice"],"picked":"Tools of the Trade","floor":6.0},{"not_picked":["Sucker Punch","Bane","Calculated Gamble"],"picked":"SKIP","floor":8.0},{"not_picked":["Outmaneuver","Flechettes"],"picked":"Burst","floor":10.0},{"not_picked":["Venomology","Doppelganger"],"picked":"Malaise","floor":16.0},{"not_picked":["Blur","Eviscerate"],"picked":"Caltrops+1","floor":18.0},{"not_picked":["Masterful Stab+1","Distraction","Riddle With Holes"],"picked":"SKIP","floor":19.0},{"not_picked":["Setup","Skewer"],"picked":"Underhanded Strike","floor":20.0},{"not_picked":["Terror","Dagger Spray"],"picked":"Backflip","floor":21.0},{"not_picked":["Flying Knee","Concentrate"],"picked":"Backflip+1","floor":22.0},{"not_picked":["Corpse Explosion","Deadly Poison","Choke"],"picked":"SKIP","floor":24.0},{"not_picked":["Slice","Flying Knee"],"picked":"Deflect+1","floor":29.0},{"not_picked":["All Out Attack+1","Grand Finale"],"picked":"Cloak And Dagger+1","floor":31.0},{"not_picked":["Phantasmal Killer","Storm of Steel"],"picked":"After Image","floor":33.0},{"not_picked":["Escape Plan+1","Endless Agony"],"picked":"Dagger Spray+1","floor":35},{"not_picked":["Outmaneuver+1","Acrobatics"],"picked":"Deadly Poison","floor":36},{"not_picked":["Blade Dance+1","Underhanded Strike+1"],"picked":"Noxious Fumes+1","floor":39},{"not_picked":["Sucker Punch","Blade Dance","Storm of Steel"],"picked":"SKIP","floor":40},{"not_picked":["Bane+1","Terror","Escape Plan"],"picked":"SKIP","floor":41},{"not_picked":["Backflip+1","Concentrate+1","Slice+1"],"picked":"SKIP","floor":42},{"not_picked":["Cloak And Dagger+1","Flying Knee"],"picked":"Leg Sweep","floor":44},{"not_picked":["All Out Attack","Calculated Gamble+1","Slice"],"picked":"SKIP","floor":45},{"not_picked":["Quick Slash","Blade Dance","Outmaneuver"],"picked":"SKIP","floor":47},{"not_picked":["Acrobatics+1","Sucker Punch+1"],"picked":"Dash+1","floor":54}],"player_experience":645926,"relics_obtained":[{"floor":6.0,"key":"Ancient Tea Set"},{"floor":9.0,"key":"Bag of Marbles"},{"floor":10.0,"key":"The Courier"},{"floor":24.0,"key":"WingedGreaves"},{"floor":26.0,"key":"Pen Nib"},{"floor":31.0,"key":"Orichalcum"},{"floor":40,"key":"Bottled Flame"},{"floor":41,"key":"MawBank"},{"floor":42,"key":"Ornamental Fan"},{"floor":45,"key":"StoneCalendar"},{"floor":54,"key":"FossilizedHelix"}],"event_choices":[{"damage_healed":0.0,"max_hp_gain":0.0,"max_hp_loss":0.0,"gold_gain":0.0,"event_name":"Lab","player_choice":"Got Potions","floor":2.0,"gold_loss":0.0,"damage_taken":0.0},{"cards_removed":["Strike_G"],"damage_healed":0.0,"max_hp_gain":0.0,"max_hp_loss":0.0,"gold_gain":0.0,"event_name":"The Cleric","player_choice":"Card Removal","floor":5.0,"gold_loss":50.0,"damage_taken":0.0},{"cards_removed":["Strike_G"],"damage_healed":0.0,"max_hp_gain":0.0,"max_hp_loss":0.0,"gold_gain":0.0,"event_name":"Golden Wing","player_choice":"Card Removal","floor":12.0,"gold_loss":0.0,"damage_taken":7.0},{"damage_healed":0.0,"max_hp_gain":0.0,"max_hp_loss":0.0,"gold_gain":0.0,"event_name":"Living Wall","player_choice":"Grow","floor":14.0,"gold_loss":0.0,"damage_taken":0.0,"cards_upgraded":["Caltrops"]},{"cards_removed":["Strike_G"],"damage_healed":0.0,"max_hp_gain":0.0,"max_hp_loss":0.0,"gold_gain":0.0,"event_name":"Beggar","player_choice":"Gave Gold","floor":30.0,"gold_loss":75.0,"damage_taken":0.0},{"damage_healed":0,"gold_gain":275,"player_choice":"Desecrate","damage_taken":0,"max_hp_gain":0,"max_hp_loss":0,"event_name":"Golden Shrine","floor":37,"gold_loss":0,"cards_obtained":["Regret"]},{"damage_healed":0,"gold_gain":0,"player_choice":"Upgraded","damage_taken":0,"max_hp_gain":0,"max_hp_loss":0,"event_name":"Upgrade Shrine","floor":46,"gold_loss":0,"cards_upgraded":["Leg Sweep"]}],"is_beta":false,"boss_relics":[{"not_picked":["Runic Pyramid","Black Star"],"picked":"HoveringKite"},{"not_picked":["Pandora\u0027s Box","White Beast Statue"],"picked":"Snecko Eye"}],"items_purged_floors":[11,28,38,48],"is_endless":false,"potions_floor_spawned":[1,6,18,24,31,33,35,40,45],"killed_by":"The Heart","ascension_level":0}