{"gold_per_floor":[11,11,23,23,37,37,51,82,136,151,164,164,181,193,193,295,295,220,237,237,237,112,112],"floor_reached":23,"playtime":1425,"items_purged":["Writhe"],"score":203,"play_id":"92cc8da1-8e86-497b-b18a-7868653b9e1a","local_time":"20190418223008","is_ascension_mode":true,"campfire_choices":[{"data":"Envenom","floor":6.0,"key":"SMITH"},{"floor":12.0,"key":"REST"},{"floor":15.0,"key":"REST"}],"neow_cost":"NO_GOLD","seed_source_timestamp":0,"circlet_count":0,"master_deck":["Defend_G+1","Defend_G+1","Defend_G+1","Defend_G+1","Defend_G+1","Strike_G+1","Strike_G+1","Strike_G+1","Strike_G+1","Strike_G+1","Survivor","Neutralize","Envenom+1","Cloak And Dagger","Blade Dance","Accuracy","Blade Dance","Cloak And Dagger","Blur","Envenom","Dodge and Roll+1","Infinite Blades"],"special_seed":0,"relics":["Ring of the Serpent","CultistMask","The Courier","Oddly Smooth Stone","Ancient Tea Set"],"potions_floor_usage":[23],"damage_taken":[{"damage":0.0,"enemies":"Small Slimes","floor":1.0,"turns":4.0},{"damage":3.0,"enemies":"Jaw Worm","floor":3.0,"turns":4.0},{"damage":1.0,"enemies":"Cultist","floor":5.0,"turns":4.0},{"damage":3.0,"enemies":"Red Slaver","floor":7.0,"turns":3.0},{"damage":56.0,"enemies":"Gremlin Nob","floor":8.0,"turns":6.0},{"damage":1.0,"enemies":"2 Fungi Beasts","floor":10.0,"turns":3.0},{"damage":0.0,"enemies":"Looter","floor":11.0,"turns":3.0},{"damage":13.0,"enemies":"Gremlin Gang","floor":13.0,"turns":5.0},{"damage":3.0,"enemies":"2 Fungi Beasts","floor":14.0,"turns":4.0},{"damage":21.0,"enemies":"Slime Boss","floor":16.0,"turns":12.0},{"damage":14.0,"enemies":"2 Thieves","floor":18.0,"turns":5.0},{"damage":19.0,"enemies":"3 Byrds","floor":19.0,"turns":6.0},{"damage":39,"enemies":"Gremlin Leader","floor":23,"turns":5}],"seed_played":"3983348316786030000","potions_obtained":[{"floor":3.0,"key":"Regen Potion"},{"floor":5.0,"key":"LiquidBronze"},{"floor":11.0,"key":"SpeedPotion"},{"floor":13.0,"key":"AttackPotion"},{"floor":16.0,"key":"FearPotion"},{"floor":19.0,"key":"Poison Potion"}],"is_trial":false,"path_per_floor":["M","?","M","?","M","R","M","E","T","M","M","R","M","M","R","B",null,"M","M","?","?","$","E"],"character_chosen":"THE_SILENT","items_purchased":["Infinite Blades"],"campfire_rested":2,"item_purchase_floors":[22],"current_hp_per_floor":[70,75,72,72,71,71,68,12,12,11,11,33,20,17,39,33,75,61,42,42,42,42,3],"gold":112,"neow_bonus":"THREE_RARE_CARDS","is_prod":false,"is_daily":false,"chose_seed":false,"campfire_upgraded":1,"win_rate":0,"timestamp":1555641008,"path_taken":["M","?","M","?","M","R","?","E","T","M","M","R","M","M","R","BOSS","M","M","?","?","$","E"],"build_version":"2019-01-23","purchased_purges":1,"victory":false,"max_hp_per_floor":[70,75,75,75,75,75,75,75,75,75,75,75,75,75,75,75,75,75,75,75,75,75,75],"card_choices":[{"not_picked":["Tools of the Trade","Doppelganger"],"picked":"Envenom","floor":0.0},{"not_picked":["Acrobatics","Underhanded Strike"],"picked":"Cloak And Dagger","floor":1.0},{"not_picked":["Backflip","Dagger Spray"],"picked":"Blade Dance","floor":3.0},{"not_picked":["Heel Hook","Setup"],"picked":"Accuracy","floor":5.0},{"not_picked":["Bouncing Flask","Bane"],"picked":"Blade Dance","floor":7.0},{"not_picked":["Bullet Time","PiercingWail"],"picked":"Cloak And Dagger","floor":8.0},{"not_picked":["Cloak And Dagger","Dagger Spray","Flechettes"],"picked":"SKIP","floor":10.0},{"not_picked":["Poisoned Stab","Slice","Reflex"],"picked":"SKIP","floor":11.0},{"not_picked":["Quick Slash","Bane"],"picked":"Blur","floor":13.0},{"not_picked":["Outmaneuver","Crippling Poison","Reflex"],"picked":"SKIP","floor":14.0},{"not_picked":["Night Terror","Glass Knife"],"picked":"Envenom","floor":16.0},{"not_picked":["Distraction","Outmaneuver","Sucker Punch"],"picked":"SKIP","floor":18.0},{"not_picked":["Backflip","Flechettes"],"picked":"Dodge and Roll+1","floor":19.0}],"player_experience":946602,"relics_obtained":[{"floor":8.0,"key":"The Courier"},{"floor":9.0,"key":"Oddly Smooth Stone"}],"event_choices":[{"damage_healed":0.0,"max_hp_gain":5.0,"max_hp_loss":0.0,"gold_gain":0.0,"event_name":"Big Fish","player_choice":"Donut","floor":2.0,"gold_loss":0.0,"damage_taken":0.0},{"damage_healed":0.0,"max_hp_gain":0.0,"max_hp_loss":0.0,"gold_gain":0.0,"event_name":"FaceTrader","player_choice":"Trade","floor":4.0,"gold_loss":0.0,"damage_taken":0.0,"relics_obtained":["CultistMask"]},{"damage_healed":0.0,"max_hp_gain":0.0,"max_hp_loss":0.0,"gold_gain":0.0,"event_name":"The Mausoleum","player_choice":"Opened","floor":20.0,"gold_loss":0.0,"damage_taken":0.0,"relics_obtained":["Ancient Tea Set"],"cards_obtained":["Writhe"]},{"damage_healed":0.0,"max_hp_gain":0.0,"max_hp_loss":0.0,"gold_gain":0.0,"event_name":"Back to Basics","player_choice":"Simplicity","floor":21.0,"gold_loss":0.0,"damage_taken":0.0,"cards_upgraded":["Defend_G","Defend_G","Defend_G","Defend_G","Defend_G","Strike_G","Strike_G","Strike_G","Strike_G","Strike_G"]}],"is_beta":false,"boss_relics":[{"not_picked":["Coffee Dripper","Runic Dome"],"picked":"Ring of the Serpent"}],"items_purged_floors":[22],"is_endless":false,"potions_floor_spawned":[3,5,11,13,16,19],"killed_by":"Gremlin Leader","ascension_level":1}