{"gold_per_floor":[110,80,95,95,95,129,129,162,162,191,209,209,226,245,245,341,341,353,53,152,152,166,166,194,204,204,1,30,48,67,77,77,179,179,190,190,206,106,125,155,167,167,167,181,211,29,64,84,84,84],"floor_reached":51,"playtime":5257,"items_purged":["Strike_R","Strike_R","Strike_R","Strike_R"],"score":1094,"play_id":"09124e1b-7ec1-4dc1-9588-4cd3ccd13e15","local_time":"20180728070858","is_ascension_mode":true,"campfire_choices":[{"data":"Bash","floor":7,"key":"SMITH"},{"data":"Body Slam","floor":12,"key":"SMITH"},{"data":"Flame Barrier","floor":15,"key":"SMITH"},{"data":"Disarm","floor":23,"key":"SMITH"},{"data":"Barricade","floor":32,"key":"SMITH"},{"data":"Body Slam","floor":42,"key":"SMITH"},{"data":"Metallicize","floor":49,"key":"SMITH"}],"neow_cost":"FIFTY_PERCENT_DAMAGE","seed_source_timestamp":302665706721490,"circlet_count":0,"master_deck":["Strike_R+1","Defend_R","Defend_R+1","Defend_R+1","Defend_R","Bash+1","Uppercut+1","Shrug It Off","Battle Trance","Body Slam+1","Metallicize+1","Headbutt+1","Disarm+1","Flame Barrier+1","Barricade+1","Clothesline+1","Ghostly Armor","Spot Weakness","Regret","Battle Trance","Disarm","Feed","Body Slam+1","Shrug It Off+1","Pain","Inflame","Body Slam+1"],"relics":["Burning Blood","Blue Candle","Letter Opener","Mummified Hand","The Courier","Anchor","Cursed Key","War Paint","Whetstone","Dead Branch","Regal Pillow","Vajra","Lantern","Runic Pyramid","Pen Nib","Thread and Needle","Torii","Shovel"],"potions_floor_usage":[6,8,16,33,40,40,40,40,48,50],"damage_taken":[{"damage":1,"enemies":"2 Louse","floor":1,"turns":4},{"damage":4,"enemies":"Cultist","floor":3,"turns":3},{"damage":7,"enemies":"Gremlin Nob","floor":6,"turns":4},{"damage":31,"enemies":"Lagavulin","floor":8,"turns":7},{"damage":12,"enemies":"Gremlin Nob","floor":10,"turns":4},{"damage":0,"enemies":"Small Slimes","floor":11,"turns":3},{"damage":10,"enemies":"2 Fungi Beasts","floor":13,"turns":4},{"damage":11,"enemies":"Exordium Thugs","floor":14,"turns":4},{"damage":11,"enemies":"The Guardian","floor":16,"turns":16},{"damage":10,"enemies":"3 Byrds","floor":18,"turns":4},{"damage":0,"enemies":"Chosen","floor":22,"turns":3},{"damage":2,"enemies":"Book of Stabbing","floor":24,"turns":5},{"damage":0,"enemies":"Snecko","floor":25,"turns":4},{"damage":1,"enemies":"Gremlin Leader","floor":28,"turns":7},{"damage":1,"enemies":"Centurion and Healer","floor":29,"turns":4},{"damage":3,"enemies":"Cultist and Chosen","floor":30,"turns":3},{"damage":8,"enemies":"Snecko","floor":31,"turns":3},{"damage":1,"enemies":"Collector","floor":33,"turns":9},{"damage":26,"enemies":"3 Darklings","floor":35,"turns":6},{"damage":5,"enemies":"Orb Walker","floor":37,"turns":3},{"damage":15,"enemies":"3 Darklings","floor":39,"turns":4},{"damage":27,"enemies":"2 Orb Walkers","floor":40,"turns":6},{"damage":8,"enemies":"4 Shapes","floor":41,"turns":6},{"damage":2,"enemies":"Transient","floor":44,"turns":5},{"damage":2,"enemies":"Nemesis","floor":45,"turns":7},{"damage":2,"enemies":"Giant Head","floor":47,"turns":6},{"damage":2,"enemies":"Sphere and 2 Shapes","floor":48,"turns":4},{"damage":2,"enemies":"Time Eater","floor":50,"turns":6}],"seed_played":"-1992015323410100265","potions_obtained":[{"floor":1,"key":"Block Potion"},{"floor":2,"key":"Ancient Potion"},{"floor":2,"key":"GamblersBrew"},{"floor":10,"key":"Ancient Potion"},{"floor":11,"key":"BloodPotion"},{"floor":16,"key":"Weak Potion"},{"floor":18,"key":"EntropicBrew"},{"floor":28,"key":"Explosive Potion"},{"floor":37,"key":"Block Potion"},{"floor":40,"key":"Energy Potion"}],"is_trial":false,"path_per_floor":["M","?","M","?","?","E","R","E","T","E","M","R","M","M","R","B",null,"M","$","?","?","M","R","E","M","T","$","E","M","M","M","R","B",null,"M","?","M","$","M","E","M","R","T","M","E","$","E","M","R","B"],"character_chosen":"IRONCLAD","items_purchased":["War Paint","Whetstone","Vajra","Inflame"],"campfire_rested":0,"item_purchase_floors":[19,19,27,46],"current_hp_per_floor":[53,53,55,55,55,54,54,29,29,23,29,29,25,20,20,24,96,92,92,92,92,96,96,96,96,96,96,96,96,96,94,94,96,96,76,96,99,99,93,72,76,76,76,80,87,87,94,98,98,102],"gold":84,"neow_bonus":"TWENTY_PERCENT_HP_BONUS","is_prod":false,"is_daily":false,"chose_seed":false,"campfire_upgraded":7,"win_rate":0,"timestamp":1532725738,"path_taken":["M","?","M","?","?","E","R","E","T","E","?","R","?","M","R","BOSS","M","$","?","?","M","R","E","M","T","?","E","?","M","M","R","BOSS","M","?","M","$","M","E","M","R","T","M","E","?","E","M","R","BOSS"],"build_version":"2018-07-26","purchased_purges":4,"victory":true,"max_hp_per_floor":[96,96,96,96,96,96,96,96,96,96,96,96,96,96,96,96,96,96,96,96,96,96,96,96,96,96,96,96,96,96,96,96,96,96,96,96,99,99,102,102,108,108,108,108,111,111,114,114,114,114],"card_choices":[{"not_picked":["Sword Boomerang","Cleave"],"picked":"Uppercut","floor":1},{"not_picked":["Corruption","Havoc"],"picked":"Shrug It Off","floor":3},{"not_picked":["Dual Wield","Shockwave"],"picked":"Battle Trance","floor":6},{"not_picked":["Rupture","Thunderclap"],"picked":"Body Slam","floor":8},{"not_picked":["Cleave","Berserk"],"picked":"Metallicize","floor":10},{"not_picked":["Havoc","Body Slam"],"picked":"Headbutt","floor":11},{"not_picked":["Fire Breathing","Sword Boomerang"],"picked":"Disarm","floor":13},{"not_picked":["Uppercut","Hemokinesis"],"picked":"Flame Barrier","floor":14},{"not_picked":["Dark Embrace","Exhume"],"picked":"Barricade","floor":16},{"not_picked":["Ghostly Armor","Flex"],"picked":"Clothesline+1","floor":18},{"not_picked":["Combust","Flame Barrier"],"picked":"Dropkick+1","floor":22},{"not_picked":["Shockwave","Second Wind"],"picked":"Ghostly Armor","floor":24},{"not_picked":["Havoc","Clash"],"picked":"Spot Weakness","floor":25},{"not_picked":["Shockwave","Perfected Strike+1","Havoc"],"picked":"SKIP","floor":28},{"not_picked":["Juggernaut","Flex"],"picked":"Battle Trance","floor":29},{"not_picked":["Searing Blow","Flex","Thunderclap+1"],"picked":"SKIP","floor":30},{"not_picked":["Perfected Strike","Cleave"],"picked":"Disarm","floor":31},{"not_picked":["Barricade","Dark Embrace"],"picked":"Feed","floor":33},{"not_picked":["Twin Strike+1","Blood for Blood"],"picked":"Body Slam","floor":35},{"not_picked":["Anger+1","Pommel Strike","Flex+1"],"picked":"SKIP","floor":37},{"not_picked":["True Grit","Heavy Blade+1"],"picked":"Shrug It Off+1","floor":39},{"not_picked":["Immolate","Ghostly Armor","Sword Boomerang"],"picked":"SKIP","floor":40},{"not_picked":["Iron Wave","Dropkick","Wild Strike+1"],"picked":"SKIP","floor":41},{"not_picked":["Power Through","Hemokinesis+1","Entrench+1"],"picked":"SKIP","floor":44},{"not_picked":["Headbutt+1","Armaments","Limit Break"],"picked":"SKIP","floor":45},{"not_picked":["Dropkick+1","Pommel Strike","Iron Wave+1"],"picked":"SKIP","floor":47},{"not_picked":["Searing Blow","Sword Boomerang"],"picked":"Body Slam+1","floor":48}],"player_experience":191384,"relics_obtained":[{"floor":6,"key":"Letter Opener"},{"floor":8,"key":"Mummified Hand"},{"floor":9,"key":"The Courier"},{"floor":10,"key":"Anchor"},{"floor":24,"key":"Dead Branch"},{"floor":26,"key":"Regal Pillow"},{"floor":28,"key":"Lantern"},{"floor":40,"key":"Pen Nib"},{"floor":43,"key":"Thread and Needle"},{"floor":45,"key":"Torii"},{"floor":47,"key":"Shovel"}],"event_choices":[{"event_name":"The Woman in Blue","player_choice":"Bought 2 Potions","floor":2,"damage_taken":0},{"event_name":"Wheel of Change","player_choice":"Relic","floor":4,"damage_taken":0},{"event_name":"Living Wall","player_choice":"Grow","floor":5,"damage_taken":0},{"event_name":"Nest","player_choice":"Stole From Cult","floor":20,"damage_taken":0},{"event_name":"Drug Dealer","player_choice":"Ignored","floor":21,"damage_taken":0},{"event_name":"Bonfire Elementals","player_choice":"UNCOMMON","floor":36,"damage_taken":0}],"is_beta":false,"boss_relics":[{"not_picked":["Orrery","White Beast Statue"],"picked":"Cursed Key"},{"not_picked":["Astrolabe","Black Star"],"picked":"Runic Pyramid"}],"items_purged_floors":[19,27,38,46],"is_endless":false,"potions_floor_spawned":[1,10,11,16,18,25,28,29,37,40,41,44,45],"ascension_level":2}