{"gold_per_floor":[368,313,328,5,21,21,41,41,41,41,41,56,68,83,83,186,186,196,207,207,207,224,224,224,224,224,174,209,221,221],"floor_reached":30,"playtime":1726,"items_purged":["Pain","Defend_R"],"score":302,"play_id":"efc765e8-7d2f-49f4-990e-e16fbe58e377","local_time":"20190210172123","is_ascension_mode":true,"campfire_choices":[{"data":"Bash","floor":6,"key":"SMITH"},{"data":"Pommel Strike","floor":8,"key":"SMITH"},{"data":"Iron Wave","floor":10,"key":"SMITH"},{"data":"Clothesline","floor":15,"key":"SMITH"},{"data":"True Grit","floor":23,"key":"SMITH"},{"data":"Defend_R","floor":25,"key":"SMITH"}],"neow_cost":"CURSE","seed_source_timestamp":265141492620422,"circlet_count":0,"master_deck":["Strike_R","Strike_R","Strike_R","Strike_R","Strike_R","Defend_R","Defend_R","Defend_R+1","Bash+1","Iron Wave+1","Iron Wave+1","Pommel Strike+1","Clothesline+1","Dropkick+1","True Grit+1"],"relics":["Burning Blood","Darkstone Periapt","Membership Card","Bronze Scales","Mercury Hourglass","Eternal Feather","Dodecahedron","Spirit Poop","Omamori"],"potions_floor_usage":[19,28,28,30,30],"damage_taken":[{"damage":10,"enemies":"Small Slimes","floor":1,"turns":4},{"damage":9,"enemies":"Cultist","floor":3,"turns":4},{"damage":0,"enemies":"2 Louse","floor":5,"turns":2},{"damage":14,"enemies":"Blue Slaver","floor":7,"turns":4},{"damage":12,"enemies":"Exordium Thugs","floor":12,"turns":4},{"damage":0,"enemies":"2 Fungi Beasts","floor":13,"turns":3},{"damage":3,"enemies":"Exordium Wildlife","floor":14,"turns":5},{"damage":31,"enemies":"The Guardian","floor":16,"turns":11},{"damage":0,"enemies":"Chosen","floor":18,"turns":4},{"damage":20,"enemies":"2 Thieves","floor":19,"turns":4},{"damage":37,"enemies":"3 Cultists","floor":22,"turns":6},{"damage":39,"enemies":"Slavers","floor":28,"turns":5},{"damage":19,"enemies":"Cultist and Chosen","floor":29,"turns":7},{"damage":12,"enemies":"Book of Stabbing","floor":30,"turns":4}],"seed_played":"-8196761747714558508","potions_obtained":[{"floor":5,"key":"Weak Potion"},{"floor":13,"key":"LiquidBronze"},{"floor":14,"key":"Energy Potion"},{"floor":22,"key":"FearPotion"},{"floor":29,"key":"Strength Potion"}],"is_trial":false,"path_per_floor":["M","?","M","$","M","R","M","R","T","R","$","M","M","M","R","B",null,"M","M","?","?","M","R","?","R","T","$","E","M","E"],"character_chosen":"IRONCLAD","items_purchased":["Membership Card","Bronze Scales"],"campfire_rested":0,"item_purchase_floors":[4,4],"current_hp_per_floor":[76,76,73,73,79,79,71,71,71,71,71,65,71,74,74,49,72,78,64,70,70,39,48,48,57,57,57,24,11,0],"gold":221,"neow_bonus":"TWO_FIFTY_GOLD","is_prod":false,"is_daily":false,"chose_seed":false,"campfire_upgraded":6,"win_rate":0,"timestamp":1549848083,"path_taken":["M","?","M","$","M","R","?","R","T","R","$","M","?","M","R","BOSS","M","M","?","?","?","R","?","R","T","$","E","M","E"],"build_version":"2019-01-23","purchased_purges":2,"victory":false,"max_hp_per_floor":[80,80,80,80,80,80,80,80,80,80,80,80,80,80,80,80,80,80,80,86,86,86,86,86,86,86,86,86,86,86],"card_choices":[{"not_picked":["Warcry","Battle Trance"],"picked":"Iron Wave","floor":1},{"not_picked":["Carnage","Disarm","Corruption"],"picked":"SKIP","floor":3},{"not_picked":["Disarm","Power Through"],"picked":"Iron Wave","floor":5},{"not_picked":["Anger","Flex"],"picked":"Pommel Strike","floor":7},{"not_picked":["Twin Strike","Flex","Perfected Strike"],"picked":"SKIP","floor":12},{"not_picked":["Power Through","Wild Strike","Warcry"],"picked":"SKIP","floor":13},{"not_picked":["Iron Wave","Power Through"],"picked":"Clothesline","floor":14},{"not_picked":["Intimidate","Warcry+1"],"picked":"Dropkick+1","floor":18},{"not_picked":["Rupture","Body Slam","Wild Strike"],"picked":"SKIP","floor":19},{"not_picked":["Heavy Blade","Armaments"],"picked":"True Grit","floor":22},{"not_picked":["Warcry","Iron Wave","Flex"],"picked":"SKIP","floor":28},{"not_picked":["Body Slam","Sword Boomerang","Brutality"],"picked":"SKIP","floor":29}],"player_experience":681172,"relics_obtained":[{"floor":9,"key":"Mercury Hourglass"},{"floor":28,"key":"Omamori"}],"event_choices":[{"damage_healed":0,"gold_gain":0,"player_choice":"Paid Gold","damage_taken":0,"relics_obtained":["Darkstone Periapt"],"max_hp_gain":0,"max_hp_loss":0,"event_name":"WeMeetAgain","floor":2,"gold_loss":55},{"damage_healed":0,"gold_gain":0,"player_choice":"Opened","damage_taken":0,"relics_obtained":["Dodecahedron"],"max_hp_gain":0,"max_hp_loss":0,"event_name":"The Mausoleum","floor":20,"gold_loss":0,"cards_obtained":["Writhe"]},{"cards_removed":["Writhe"],"damage_healed":0,"gold_gain":0,"player_choice":"Offered Curse","damage_taken":0,"relics_obtained":["Spirit Poop"],"max_hp_gain":0,"max_hp_loss":0,"event_name":"Bonfire Elementals","floor":21,"gold_loss":0},{"damage_healed":0,"gold_gain":0,"player_choice":"Upgraded","damage_taken":0,"max_hp_gain":0,"max_hp_loss":0,"event_name":"Upgrade Shrine","floor":24,"gold_loss":0,"cards_upgraded":["Iron Wave"]}],"is_beta":false,"boss_relics":[{"not_picked":["Tiny House","Fusion Hammer"],"picked":"Eternal Feather"}],"items_purged_floors":[4,27],"is_endless":false,"potions_floor_spawned":[5,13,14,18,22,29],"killed_by":"Book of Stabbing","ascension_level":5}