{"gold_per_floor":[114,129,144,319,319,319,319,319,319,334,349,379,224,239,239,339,339,354,54,54,54,69,69,84,99,99,114,129,144,174,189,189,289,289,304,319,334,349,349,379,279,294,294,319,331,343,370,397,409,421],"floor_reached":51,"playtime":61878,"items_purged":["Doubt","Multi-Cast"],"score":707,"play_id":"dc7b5585-3b23-4f23-b549-9520ad980100","local_time":"20190225100402","daily_mods":["Shiny","Uncertain Future","Night Terrors"],"is_ascension_mode":false,"campfire_choices":[{"data":"Fission","floor":6,"key":"SMITH"},{"data":"Electrodynamics","floor":8,"key":"SMITH"},{"data":"Buffer","floor":15,"key":"SMITH"},{"data":"White Noise","floor":23,"key":"SMITH"},{"data":"Loop","floor":32,"key":"SMITH"},{"data":"Seek","floor":46,"key":"SMITH"},{"data":"Buffer","floor":49,"key":"SMITH"}],"neow_cost":"","seed_source_timestamp":0,"circlet_count":0,"master_deck":["Hyperbeam","Thunder Strike","Biased Cognition","Machine Learning","Electrodynamics+1","Buffer+1","Rainbow+1","Seek+1","Meteor Strike","Echo Form","All For One","Reboot","Amplify","Fission+1","Core Surge","Leap","Force Field+1","Go for the Eyes","White Noise+1","Capacitor","Coolheaded","Loop+1","Melter","Biased Cognition","Gash+1","Conserve Battery","Steam+1","Beam Cell+1","Heatsinks+1","Force Field","Go for the Eyes+1","Gash+1","Buffer+1","Aggregate+1","Capacitor","Streamline+1","Beam Cell+1","Good Instincts","Streamline+1","Gash+1","Doom and Gloom+1","Streamline+1"],"special_seed":17952,"relics":["Cracked Core","Sundial","Symbiotic Virus","Art of War","Runic Pyramid","Thread and Needle","Molten Egg 2","War Paint","Nuclear Battery","Ancient Tea Set","Potion Belt","MawBank"],"potions_floor_usage":[33,33,42,47,50,50],"damage_taken":[{"damage":0,"enemies":"2 Louse","floor":1,"turns":1},{"damage":11,"enemies":"Jaw Worm","floor":2,"turns":2},{"damage":0,"enemies":"Cultist","floor":3,"turns":2},{"damage":0,"enemies":"2 Fungi Beasts","floor":10,"turns":2},{"damage":0,"enemies":"Lots of Slimes","floor":11,"turns":1},{"damage":14,"enemies":"Gremlin Nob","floor":12,"turns":3},{"damage":0,"enemies":"Blue Slaver","floor":14,"turns":1},{"damage":18,"enemies":"Hexaghost","floor":16,"turns":6},{"damage":1,"enemies":"Chosen","floor":18,"turns":5},{"damage":8,"enemies":"3 Byrds","floor":22,"turns":3},{"damage":0,"enemies":"3 Cultists","floor":24,"turns":3},{"damage":0,"enemies":"Cultist and Chosen","floor":25,"turns":3},{"damage":0,"enemies":"Snecko","floor":27,"turns":4},{"damage":0,"enemies":"Centurion and Healer","floor":28,"turns":5},{"damage":1,"enemies":"Chosen and Byrds","floor":29,"turns":4},{"damage":9,"enemies":"Gremlin Leader","floor":30,"turns":5},{"damage":7,"enemies":"Snake Plant","floor":31,"turns":3},{"damage":12,"enemies":"Champ","floor":33,"turns":7},{"damage":0,"enemies":"3 Shapes","floor":35,"turns":4},{"damage":0,"enemies":"3 Darklings","floor":36,"turns":3},{"damage":0,"enemies":"4 Shapes","floor":37,"turns":3},{"damage":3,"enemies":"Sphere and 2 Shapes","floor":38,"turns":4},{"damage":0,"enemies":"Giant Head","floor":40,"turns":8},{"damage":0,"enemies":"Maw","floor":42,"turns":8},{"damage":0,"enemies":"Transient","floor":47,"turns":5},{"damage":2,"enemies":"3 Darklings","floor":48,"turns":5},{"damage":23,"enemies":"Time Eater","floor":50,"turns":10}],"seed_played":"-6516255005524469742","potions_obtained":[{"floor":3,"key":"Swift Potion"},{"floor":11,"key":"FearPotion"},{"floor":12,"key":"SteroidPotion"},{"floor":25,"key":"Regen Potion"},{"floor":31,"key":"LiquidBronze"},{"floor":33,"key":"Poison Potion"},{"floor":35,"key":"Ancient Potion"},{"floor":40,"key":"SkillPotion"},{"floor":48,"key":"Regen Potion"}],"is_trial":false,"path_per_floor":["M","M","M","?","?","R","?","R","T","M","M","E","$","M","R","B",null,"M","$","$","?","M","R","M","M","T","M","M","M","E","M","R","B",null,"M","M","M","M","?","E","$","M","T","T","?","R","M","M","R","B",null],"character_chosen":"DEFECT","items_purchased":["Loop","Thread and Needle"],"campfire_rested":0,"item_purchase_floors":[13,19],"current_hp_per_floor":[75,64,64,64,46,46,85,85,85,85,85,71,71,71,71,53,85,84,84,84,84,76,76,76,76,76,76,76,75,66,59,59,62,85,85,85,85,82,82,82,82,82,82,82,81,81,81,79,79,68],"gold":433,"neow_bonus":"","is_prod":false,"is_daily":true,"chose_seed":false,"campfire_upgraded":7,"win_rate":0,"timestamp":1551117842,"path_taken":["M","M","M","?","?","R","?","R","T","M","M","E","$","M","R","BOSS","M","?","$","?","M","R","?","M","T","M","M","M","E","M","R","BOSS","M","M","M","M","?","E","$","M","T","?","?","R","M","M","R","BOSS"],"build_version":"2019-01-23","purchased_purges":2,"victory":true,"max_hp_per_floor":[75,75,75,75,75,75,85,85,85,85,85,85,85,85,85,85,85,85,85,85,85,85,85,85,85,85,85,85,85,85,85,85,85,85,85,85,85,85,85,85,85,85,85,85,81,81,81,81,81,81],"card_choices":[{"not_picked":["Stack","Tempest"],"picked":"Leap","floor":1},{"not_picked":["Streamline","Turbo"],"picked":"Force Field","floor":2},{"not_picked":["Redo","Rebound"],"picked":"Go for the Eyes","floor":3},{"not_picked":["Conserve Battery","Rebound"],"picked":"White Noise","floor":10},{"not_picked":["Sweeping Beam","Compile Driver"],"picked":"Capacitor","floor":11},{"not_picked":["Barrage","Core Surge"],"picked":"Coolheaded","floor":12},{"not_picked":["Force Field","Capacitor"],"picked":"Melter","floor":14},{"not_picked":["Multi-Cast","Electrodynamics"],"picked":"Biased Cognition","floor":16},{"not_picked":["Beam Cell","Gash","Leap"],"picked":"SKIP","floor":18},{"not_picked":["Cold Snap","Leap"],"picked":"Gash+1","floor":22},{"not_picked":["Leap","Undo"],"picked":"Conserve Battery","floor":24},{"not_picked":["Sweeping Beam+1","Hologram"],"picked":"Steam+1","floor":25},{"not_picked":["Steam Power","Coolheaded"],"picked":"Beam Cell+1","floor":27},{"not_picked":["Turbo+1","Coolheaded+1"],"picked":"Heatsinks+1","floor":28},{"not_picked":["Thunder Strike+1","Lockon+1"],"picked":"Force Field","floor":29},{"not_picked":["White Noise","Ball Lightning+1"],"picked":"Go for the Eyes+1","floor":30},{"not_picked":["Sweeping Beam+1","Steam"],"picked":"Gash+1","floor":31},{"not_picked":["Thunder Strike+1","Echo Form"],"picked":"Buffer","floor":33},{"not_picked":["Coolheaded","Stack+1"],"picked":"Aggregate+1","floor":35},{"not_picked":["Conserve Battery+1","Chill"],"picked":"Capacitor","floor":36},{"not_picked":["Rebound+1","Hello World+1"],"picked":"Streamline+1","floor":37},{"not_picked":["Redo","Sweeping Beam+1"],"picked":"Beam Cell+1","floor":38},{"not_picked":["HandOfGreed+1","PanicButton"],"picked":"Good Instincts","floor":39},{"not_picked":["Leap","Conserve Battery+1"],"picked":"Streamline+1","floor":40},{"not_picked":["Turbo","Ball Lightning+1"],"picked":"Gash+1","floor":42},{"not_picked":["Cold Snap+1","Barrage+1"],"picked":"Doom and Gloom+1","floor":47},{"not_picked":["Undo+1","Go for the Eyes+1"],"picked":"Streamline+1","floor":48}],"player_experience":858699,"relics_obtained":[{"floor":9,"key":"Symbiotic Virus"},{"floor":12,"key":"Art of War"},{"floor":26,"key":"Molten Egg 2"},{"floor":30,"key":"War Paint"},{"floor":40,"key":"Ancient Tea Set"},{"floor":43,"key":"Potion Belt"},{"floor":44,"key":"MawBank"}],"event_choices":[{"damage_healed":0,"gold_gain":175,"player_choice":"AGREE","damage_taken":0,"max_hp_gain":0,"max_hp_loss":0,"event_name":"Liars Game","floor":4,"gold_loss":0,"cards_obtained":["Doubt"]},{"damage_healed":0,"gold_gain":0,"player_choice":"Success","damage_taken":18,"relics_obtained":["Sundial"],"max_hp_gain":0,"max_hp_loss":0,"event_name":"Scrap Ooze","floor":5,"gold_loss":0},{"cards_removed":["Creative AI"],"damage_healed":29,"gold_gain":0,"player_choice":"Offered Rare","damage_taken":0,"max_hp_gain":10,"max_hp_loss":0,"event_name":"Bonfire Elementals","floor":7,"gold_loss":0},{"damage_healed":0,"gold_gain":0,"player_choice":"Bought 0 Potions","damage_taken":0,"max_hp_gain":0,"max_hp_loss":0,"event_name":"The Woman in Blue","floor":21,"gold_loss":0},{"damage_healed":0,"gold_gain":0,"player_choice":"Memory 1","damage_taken":0,"max_hp_gain":0,"max_hp_loss":0,"event_name":"SensoryStone","floor":39,"gold_loss":0},{"damage_healed":0,"gold_gain":0,"player_choice":"Max HP","damage_taken":0,"max_hp_gain":0,"max_hp_loss":4,"event_name":"Winding Halls","floor":45,"gold_loss":0}],"is_beta":false,"boss_relics":[{"not_picked":["Velvet Choker","Orrery"],"picked":"Runic Pyramid"},{"not_picked":["FrozenCore","Lizard Tail"],"picked":"Nuclear Battery"}],"items_purged_floors":[13,41],"is_endless":false,"potions_floor_spawned":[3,11,12,25,27,28,31,33,35,37,40,48],"ascension_level":0}