{"path_per_floor":["M","M","M","?","$","R","?","R","T","M","?","M","R","E","R","B",null,"M","?","$","M","?","R","?","R","T","T","M","R","?","?","R","B",null,"M","?","M","M","$","E","R","?","T","R","M","$","E","M","R","B"],"character_chosen":"IRONCLAD","items_purchased":["Rampage","Shrug It Off","Fire Breathing","Strength Potion","Warcry"],"gold_per_floor":[117,130,150,150,7,7,7,7,33,46,46,59,59,86,86,190,190,210,210,56,69,69,69,69,69,96,96,108,108,108,108,108,209,209,220,220,231,243,43,68,68,68,68,68,80,8,37,49,49,49],"floor_reached":51,"campfire_rested":2,"playtime":2966,"current_hp_per_floor":[72,67,63,63,63,63,63,63,63,46,51,45,45,29,29,27,71,52,52,52,33,33,33,33,33,33,33,27,27,27,27,52,26,70,66,66,64,80,80,35,35,35,35,62,49,49,29,67,67,24],"items_purged":["Strike_R","Strike_R","Strike_R"],"gold":49,"score":726,"play_id":"0a761a6f-34d1-44da-9698-1dde2b20f6e2","is_prod":false,"is_daily":false,"is_ascension_mode":true,"campfire_upgraded":8,"path_taken":["M","M","?","?","$","R","?","R","T","M","?","M","R","E","R","BOSS","M","?","$","M","?","R","?","R","T","?","M","R","?","?","R","BOSS","M","?","M","M","$","E","R","?","T","R","M","$","E","M","R","BOSS"],"build_version":"2018-02-15-PROD1","purchased_purges":3,"victory":true,"master_deck":["Strike_R+1","Defend_R","Defend_R","Defend_R","Defend_R","Bash+1","Berserk","Disarm+1","Battle Trance+1","Wild Strike+1","Finesse","Rampage+1","Thunderclap+1","Reaper","Shockwave+1","Shrug It Off+1","Metallicize","True Grit+1","Fire Breathing+1","Demon Form+1","Metallicize+1","Fire Breathing","Clumsy","Warcry","Double Tap"],"max_hp_per_floor":[80,80,80,80,80,80,80,80,80,80,85,85,85,85,85,85,85,85,85,85,85,85,85,85,85,85,85,85,85,85,85,85,85,85,85,85,85,85,85,92,92,92,92,92,92,92,92,92,92,92],"relics":["Burning Blood","Juzu Bracelet","Bird Faced Urn","Cursed Key","Mummified Hand","Dream Catcher","Shovel","Orichalcum","Philosopher\u0027s Stone","Strawberry","Toolbox","Whetstone","Unceasing Top"],"card_choices":[{"not_picked":["Sentinel","Sword Boomerang"],"picked":"Disarm"},{"not_picked":["Spot Weakness","Havoc"],"picked":"Battle Trance"},{"not_picked":["Warcry","Shrug It Off"],"picked":"Wild Strike"},{"not_picked":["Anger","Wild Strike"],"picked":"Thunderclap"},{"not_picked":["Brutality","Bludgeon"],"picked":"Reaper"},{"not_picked":["Headbutt","Rampage"],"picked":"Metallicize"},{"not_picked":["Headbutt","Shockwave"],"picked":"True Grit"},{"not_picked":["Clothesline","Rupture"],"picked":"Fire Breathing"},{"not_picked":["Feed","Impervious"],"picked":"Demon Form"},{"not_picked":["Flex","Rampage"],"picked":"Metallicize"},{"not_picked":["Perfected Strike","Armaments"],"picked":"Double Tap"}],"player_experience":152480,"potions_floor_usage":[14,16,16,28,33,40,47,50,50],"damage_taken":[{"damage":6.0,"enemies":"Cultist","floor":1.0,"turns":3.0},{"damage":11.0,"enemies":"Jaw Worm","floor":2.0,"turns":5.0},{"damage":10.0,"enemies":"Small Slimes","floor":3.0,"turns":3.0},{"damage":23,"enemies":"Exordium Wildlife","floor":10,"turns":7},{"damage":12,"enemies":"Lots of Slimes","floor":12,"turns":3},{"damage":37,"enemies":"3 Sentries","floor":14,"turns":7},{"damage":10,"enemies":"Hexaghost","floor":16,"turns":10},{"damage":27,"enemies":"Spheric Guardian","floor":18,"turns":4},{"damage":36,"enemies":"3 Byrds","floor":21,"turns":6},{"damage":22,"enemies":"Slaver and Parasite","floor":28,"turns":8},{"damage":56,"enemies":"Collector","floor":33,"turns":13},{"damage":38,"enemies":"3 Shapes","floor":35,"turns":11},{"damage":46,"enemies":"3 Darklings","floor":37,"turns":7},{"damage":12,"enemies":"Maw","floor":38,"turns":7},{"damage":74,"enemies":"2 Orb Walkers","floor":40,"turns":7},{"damage":43,"enemies":"Sphere and 2 Shapes","floor":45,"turns":8},{"damage":38,"enemies":"Nemesis","floor":47,"turns":9},{"damage":20,"enemies":"4 Shapes","floor":48,"turns":6},{"damage":83,"enemies":"Time Eater","floor":50,"turns":7}],"event_choices":[{"event_name":"Match and Keep!","player_choice":"1 cards matched","floor":4.0,"damage_taken":0.0},{"event_name":"The Lab","player_choice":"Got Potions","floor":7,"damage_taken":0},{"event_name":"Big Fish","player_choice":"Donut","floor":11,"damage_taken":0},{"event_name":"The Library","player_choice":"Read","floor":19,"damage_taken":0},{"event_name":"The Mausoleum","player_choice":"Yes","floor":22,"damage_taken":0},{"event_name":"Drug Dealer","player_choice":"Ignored","floor":24,"damage_taken":0},{"event_name":"Back to Basics","player_choice":"Elegance","floor":30,"damage_taken":0},{"event_name":"Accursed Blacksmith","player_choice":"Rummage","floor":31,"damage_taken":0},{"event_name":"Fountain of Cleansing","player_choice":"Removed Curse","floor":36,"damage_taken":0},{"event_name":"Upgrade Shrine","player_choice":"Upgraded","floor":42,"damage_taken":0}],"boss_relics":[{"not_picked":["Ectoplasm","Runic Dome"],"picked":"Cursed Key"},{"not_picked":["Black Blood","Snecko Eye"],"picked":"Philosopher\u0027s Stone"}],"potions_floor_spawned":[1,2,14,21,37,45,47],"seed_played":"779948641087192665","ascension_level":8,"is_trial":false}