{"gold_per_floor":[16,30,30,30,30,30,40,40,40,40,215,250,70,82,82,82],"floor_reached":16,"playtime":814,"items_purged":["Doubt"],"score":98,"play_id":"bbdf1fb1-4ff3-4afb-85a8-30ac38002a3a","local_time":"20180723001846","is_ascension_mode":false,"campfire_choices":[{"data":"Rupture","floor":6,"key":"SMITH"},{"data":"Perfected Strike","floor":8,"key":"SMITH"},{"data":"Bash","floor":10,"key":"SMITH"},{"data":"Dark Shackles","floor":15,"key":"SMITH"}],"neow_cost":"NO_GOLD","seed_source_timestamp":935583487887380,"circlet_count":0,"master_deck":["Strike_R","Strike_R","Strike_R","Strike_R","Strike_R","Defend_R","Defend_R","Bash+1","Ghostly Armor","Rupture+1","Perfected Strike+1","Clash","Dark Shackles+1","Uppercut"],"relics":["Burning Blood","Meat on the Bone","Pen Nib"],"potions_floor_usage":[],"damage_taken":[{"damage":11,"enemies":"Jaw Worm","floor":1,"turns":2},{"damage":6,"enemies":"2 Louse","floor":2,"turns":3},{"damage":0,"enemies":"Small Slimes","floor":7,"turns":3},{"damage":36,"enemies":"Gremlin Nob","floor":12,"turns":5},{"damage":0,"enemies":"3 Louse","floor":14,"turns":2},{"damage":61,"enemies":"The Guardian","floor":16,"turns":7}],"seed_played":"-1815008814884345948","potions_obtained":[{"floor":2,"key":"Poison Potion"},{"floor":12,"key":"Regen Potion"}],"is_trial":false,"path_per_floor":["M","M","?","?","$","R","M","R","T","R","?","E","$","M","R"],"character_chosen":"IRONCLAD","items_purchased":["Dark Shackles"],"campfire_rested":0,"item_purchase_floors":[13],"current_hp_per_floor":[75,75,80,80,80,80,85,85,85,85,85,55,55,61,61,0],"gold":82,"neow_bonus":"REMOVE_TWO","is_prod":false,"is_daily":false,"chose_seed":false,"campfire_upgraded":4,"win_rate":0.0,"timestamp":1532269126,"path_taken":["M","M","?","?","$","R","M","R","T","R","?","E","?","M","R","BOSS"],"build_version":"2018-07-19v2","purchased_purges":1,"victory":false,"max_hp_per_floor":[80,80,85,85,85,85,85,85,85,85,85,85,85,85,85,85],"card_choices":[{"not_picked":["Twin Strike","Anger"],"picked":"Ghostly Armor","floor":1},{"not_picked":["Second Wind","Dropkick"],"picked":"Rupture","floor":2},{"not_picked":["Cleave","Armaments"],"picked":"Perfected Strike","floor":7},{"not_picked":["Shrug It Off","Power Through"],"picked":"Clash","floor":12},{"not_picked":["Body Slam","Twin Strike"],"picked":"Uppercut","floor":14}],"player_experience":8632,"relics_obtained":[{"floor":9,"key":"Meat on the Bone"},{"floor":12,"key":"Pen Nib"}],"event_choices":[{"event_name":"Big Fish","player_choice":"Donut","floor":3,"damage_taken":0},{"event_name":"The Cleric","player_choice":"Leave","floor":4,"damage_taken":0},{"event_name":"Liars Game","player_choice":"agreed","floor":11,"damage_taken":0}],"is_beta":false,"boss_relics":[],"items_purged_floors":[13],"is_endless":false,"potions_floor_spawned":[2,12],"killed_by":"The Guardian","ascension_level":0}