{"gold_per_floor":[116,41,61,84,95,95,127,127,196,72,72,72,72,92,92,191,191,202,48,48,48,62,62,62,80,80,80,91,91,91,109,109,208,208,220,95,112,112,127,127,158,158,183,183,198,125,159,177,177,177],"floor_reached":50,"playtime":5033,"items_purged":["Doubt","Strike_G","Defend_G"],"score":523,"play_id":"187e0d2d-da26-42ec-ba11-ad619192bd7b","local_time":"20190216215053","is_ascension_mode":true,"campfire_choices":[{"data":"Dodge and Roll","floor":6,"key":"SMITH"},{"floor":8,"key":"REST"},{"data":"Cloak And Dagger","floor":12,"key":"SMITH"},{"floor":15,"key":"REST"},{"data":"Storm of Steel","floor":23,"key":"SMITH"},{"data":"Blade Dance","floor":27,"key":"SMITH"},{"floor":32,"key":"REST"},{"data":"Accuracy","floor":40,"key":"SMITH"},{"data":"Burst","floor":42,"key":"SMITH"},{"floor":49,"key":"REST"}],"neow_cost":"CURSE","seed_source_timestamp":649560219727622,"circlet_count":0,"master_deck":["Defend_G","Defend_G","Defend_G","Strike_G","Strike_G","Strike_G","Survivor","Neutralize","Prepared","Dodge and Roll+1","Cloak And Dagger+1","Blade Dance+1","Accuracy+1","Dark Shackles","Storm of Steel+1","Well Laid Plans","Blade Dance","Acrobatics","Terror+1","Cloak And Dagger+1","Burst+1","Accuracy"],"relics":["Ring of the Serpent","Torii","Orichalcum","Question Card","Darkstone Periapt","WingedGreaves","Vajra","Eternal Feather","Letter Opener","Bronze Scales","Calipers"],"potions_floor_usage":[7,16,16,33,33,37,37,47,50],"damage_taken":[{"damage":0,"enemies":"Cultist","floor":1,"turns":5},{"damage":1,"enemies":"Small Slimes","floor":3,"turns":5},{"damage":0,"enemies":"2 Louse","floor":5,"turns":2},{"damage":67,"enemies":"Gremlin Nob","floor":7,"turns":7},{"damage":0,"enemies":"Blue Slaver","floor":14,"turns":4},{"damage":20,"enemies":"Slime Boss","floor":16,"turns":13},{"damage":2,"enemies":"3 Byrds","floor":18,"turns":5},{"damage":1,"enemies":"Chosen","floor":22,"turns":5},{"damage":16,"enemies":"Shelled Parasite and Fungi","floor":25,"turns":5},{"damage":20,"enemies":"Centurion and Healer","floor":28,"turns":5},{"damage":8,"enemies":"Snake Plant","floor":31,"turns":3},{"damage":30,"enemies":"Collector","floor":33,"turns":8},{"damage":10,"enemies":"3 Darklings","floor":35,"turns":6},{"damage":5,"enemies":"3 Shapes","floor":37,"turns":5},{"damage":15,"enemies":"Writhing Mass","floor":39,"turns":6},{"damage":17,"enemies":"Giant Head","floor":41,"turns":6},{"damage":8,"enemies":"Jaw Worm Horde","floor":45,"turns":4},{"damage":15,"enemies":"Nemesis","floor":47,"turns":5},{"damage":0,"enemies":"Transient","floor":48,"turns":5},{"damage":91,"enemies":"Awakened One","floor":50,"turns":7}],"seed_played":"1141784163588692649","potions_obtained":[{"floor":1,"key":"Strength Potion"},{"floor":5,"key":"Explosive Potion"},{"floor":14,"key":"FearPotion"},{"floor":22,"key":"GhostInAJar"},{"floor":28,"key":"Swift Potion"},{"floor":31,"key":"Poison Potion"},{"floor":33,"key":"SteroidPotion"},{"floor":39,"key":"FairyPotion"},{"floor":41,"key":"EssenceOfSteel"},{"floor":47,"key":"EssenceOfSteel"}],"is_trial":false,"path_per_floor":["M","$","M","T","M","R","E","R","T","$","?","R","?","M","R","B",null,"M","$","?","?","M","R","$","M","T","R","M","T","?","M","R","B",null,"M","$","M","?","M","R","E","R","T","?","M","$","E","M","R","B"],"character_chosen":"THE_SILENT","items_purchased":["Blade Dance","Accuracy","Blade Dance","Accuracy"],"campfire_rested":4,"item_purchase_floors":[10,10,19,46],"current_hp_per_floor":[70,70,69,69,69,69,2,23,23,23,16,16,16,16,37,17,70,68,68,68,68,67,67,67,51,51,51,31,31,31,23,44,14,70,60,60,55,55,40,52,35,47,47,47,39,39,24,24,57,0],"gold":177,"neow_bonus":"ONE_RARE_RELIC","is_prod":false,"is_daily":false,"chose_seed":false,"campfire_upgraded":6,"win_rate":0,"timestamp":1550371853,"path_taken":["M","$","M","?","?","R","E","R","T","$","?","R","?","?","R","BOSS","M","$","?","?","M","R","$","M","T","R","M","?","?","?","R","BOSS","M","$","M","?","M","R","E","R","T","?","M","$","E","M","R","BOSS"],"build_version":"2019-01-23","purchased_purges":3,"victory":false,"max_hp_per_floor":[70,70,70,70,70,70,70,70,70,70,70,70,70,70,70,70,70,70,70,70,70,70,70,70,70,70,70,70,70,70,70,70,70,70,70,70,70,70,70,70,70,70,70,70,70,70,70,70,70,70],"card_choices":[{"not_picked":["Reflex","Flechettes"],"picked":"Prepared","floor":1},{"not_picked":["Deadly Poison","Skewer","Dagger Spray"],"picked":"SKIP","floor":3},{"not_picked":["Skewer","Prepared"],"picked":"Dodge and Roll","floor":5},{"not_picked":["Flying Knee","Bullet Time"],"picked":"Cloak And Dagger","floor":7},{"not_picked":["Heel Hook","Skewer","Flechettes"],"picked":"Quick Slash","floor":14},{"not_picked":["Burst","Corpse Explosion","Malaise"],"picked":"Storm of Steel","floor":16},{"not_picked":["Reflex","Poisoned Stab+1","Sucker Punch"],"picked":"Well Laid Plans","floor":18},{"not_picked":["Concentrate","Flying Knee","Underhanded Strike"],"picked":"Acrobatics","floor":22},{"not_picked":["Sucker Punch+1","Backflip","Dagger Spray+1"],"picked":"Terror+1","floor":25},{"not_picked":["Dagger Throw","Finisher","Bane","Setup"],"picked":"SKIP","floor":28},{"not_picked":["Caltrops","Slice","Acrobatics","Malaise"],"picked":"SKIP","floor":31},{"not_picked":["Night Terror","Envenom","Grand Finale"],"picked":"Burst","floor":33},{"not_picked":["PiercingWail+1","Cloak And Dagger+1","Blur","Slice"],"picked":"SKIP","floor":35},{"not_picked":["Sucker Punch","Setup+1","Backflip+1","Dagger Spray+1"],"picked":"SKIP","floor":37},{"not_picked":["Calculated Gamble","Cloak And Dagger+1","Dagger Spray","Leg Sweep"],"picked":"SKIP","floor":39},{"not_picked":["Corpse Explosion","Bouncing Flask","Dagger Spray","Masterful Stab+1"],"picked":"SKIP","floor":41},{"not_picked":["Prepared+1","Sucker Punch+1","Quick Slash+1","Underhanded Strike"],"picked":"SKIP","floor":45},{"not_picked":["PiercingWail","Choke","Bane+1","Blade Dance"],"picked":"SKIP","floor":47},{"not_picked":["Escape Plan","Crippling Poison+1","Dash","Outmaneuver+1"],"picked":"SKIP","floor":48}],"player_experience":793836,"relics_obtained":[{"floor":4,"key":"Orichalcum"},{"floor":7,"key":"Question Card"},{"floor":9,"key":"Darkstone Periapt"},{"floor":26,"key":"WingedGreaves"},{"floor":29,"key":"Vajra"},{"floor":41,"key":"Letter Opener"},{"floor":43,"key":"Bronze Scales"},{"floor":47,"key":"Calipers"}],"event_choices":[{"cards_removed":["Strike_G"],"damage_healed":0,"gold_gain":0,"player_choice":"Card Removal","damage_taken":7,"max_hp_gain":0,"max_hp_loss":0,"event_name":"Golden Wing","floor":11,"gold_loss":0},{"damage_healed":0,"gold_gain":0,"player_choice":"1 cards matched","damage_taken":0,"max_hp_gain":0,"max_hp_loss":0,"event_name":"Match and Keep!","floor":13,"gold_loss":0,"cards_obtained":["Dark Shackles"]},{"cards_removed":["Defend_G"],"damage_healed":0,"gold_gain":0,"player_choice":"Elegance","damage_taken":0,"max_hp_gain":0,"max_hp_loss":0,"event_name":"Back to Basics","floor":20,"gold_loss":0},{"damage_healed":0,"gold_gain":0,"player_choice":"Ignored","damage_taken":0,"max_hp_gain":0,"max_hp_loss":0,"event_name":"Cursed Tome","floor":21,"gold_loss":0},{"damage_healed":0,"gold_gain":0,"player_choice":"Copied","damage_taken":0,"max_hp_gain":0,"max_hp_loss":0,"event_name":"Duplicator","floor":30,"gold_loss":0,"cards_obtained":["Cloak And Dagger"]},{"cards_removed":["Quick Slash"],"damage_healed":0,"gold_gain":0,"player_choice":"Removed Attack","damage_taken":0,"max_hp_gain":0,"max_hp_loss":0,"event_name":"Falling","floor":38,"gold_loss":0},{"damage_healed":0,"gold_gain":0,"player_choice":"Ignored","damage_taken":0,"max_hp_gain":0,"max_hp_loss":0,"event_name":"Tomb of Lord Red Mask","floor":44,"gold_loss":0}],"is_beta":false,"boss_relics":[{"not_picked":["Ectoplasm","Orrery"],"picked":"Ring of the Serpent"},{"not_picked":["Pandora\u0027s Box","Sozu"],"picked":"Eternal Feather"}],"items_purged_floors":[2,19,36],"is_endless":false,"potions_floor_spawned":[1,5,14,22,28,31,33,39,41,47],"killed_by":"Awakened One","ascension_level":1}