{"gold_per_floor":[114,189,204,219,28,28,68,68,68,68,87,131,131,175,175,300,300,344,19,19,38,38,38,38],"floor_reached":24,"playtime":87847,"items_purged":[],"score":188,"play_id":"0792268e-30d8-4e3f-ac17-c3359cb7d6e8","local_time":"20190310152105","daily_mods":["Allstar","Flight","Night Terrors"],"is_ascension_mode":false,"campfire_choices":[{"data":"HandOfGreed","floor":6,"key":"SMITH"},{"data":"Mind Blast","floor":8,"key":"SMITH"},{"data":"Mayhem","floor":13,"key":"SMITH"},{"data":"Finesse","floor":15,"key":"SMITH"},{"data":"Neutralize","floor":23,"key":"SMITH"}],"neow_cost":"","seed_source_timestamp":0,"circlet_count":0,"master_deck":["Defend_G","Defend_G","Defend_G","Defend_G","Defend_G","Strike_G","Strike_G","Strike_G","Strike_G","Strike_G","Survivor","Neutralize+1","Metamorphosis","Finesse+1","Dark Shackles","Mayhem+1","Mind Blast+1","Infinite Blades","Endless Agony","All Out Attack","HandOfGreed+1","Flying Knee","Cloak And Dagger","Dagger Spray","Flying Knee","Corpse Explosion","Escape Plan+1","Acrobatics"],"special_seed":17964,"relics":["Ring of the Snake","Pen Nib","Golden Idol","Runic Dome","Membership Card","Bottled Lightning","MutagenicStrength"],"potions_floor_usage":[14,16,16],"damage_taken":[{"damage":3,"enemies":"Small Slimes","floor":1,"turns":5},{"damage":0,"enemies":"Cultist","floor":3,"turns":4},{"damage":0,"enemies":"2 Louse","floor":4,"turns":4},{"damage":2,"enemies":"Looter","floor":7,"turns":2},{"damage":4,"enemies":"3 Louse","floor":11,"turns":2},{"damage":0,"enemies":"Exordium Thugs","floor":12,"turns":4},{"damage":0,"enemies":"Exordium Wildlife","floor":14,"turns":3},{"damage":35,"enemies":"The Guardian","floor":16,"turns":6},{"damage":0,"enemies":"Spheric Guardian","floor":18,"turns":1},{"damage":1,"enemies":"2 Thieves","floor":21,"turns":2}],"seed_played":"-1382854420231312037","potions_obtained":[{"floor":1,"key":"SteroidPotion"},{"floor":4,"key":"AttackPotion"},{"floor":7,"key":"SteroidPotion"},{"floor":14,"key":"LiquidBronze"},{"floor":18,"key":"Swift Potion"}],"is_trial":false,"path_per_floor":["M","?","M","M","$","R","M","R","T","?","M","M","R","M","R","B",null,"M","$","?","M","?","R","?"],"character_chosen":"THE_SILENT","items_purchased":["HandOfGreed","Membership Card","Bottled Lightning"],"campfire_rested":0,"item_purchase_floors":[5,19,19],"current_hp_per_floor":[67,60,60,60,60,60,58,58,58,41,37,37,37,37,37,2,70,70,70,70,69,69,69,69],"gold":38,"neow_bonus":"","is_prod":false,"is_daily":true,"chose_seed":false,"campfire_upgraded":5,"win_rate":0,"timestamp":1552256465,"path_taken":["M","?","?","?","$","R","?","R","T","?","M","M","R","M","R","BOSS","M","$","?","M","?","R","?"],"build_version":"2019-01-23","purchased_purges":0,"victory":false,"max_hp_per_floor":[70,70,70,70,70,70,70,70,70,70,70,70,70,70,70,70,70,70,70,70,70,70,70,70],"card_choices":[{"not_picked":["Noxious Fumes","Skewer"],"picked":"Infinite Blades","floor":1},{"not_picked":["Noxious Fumes","Deadly Poison"],"picked":"Endless Agony","floor":3},{"not_picked":["Dodge and Roll","Tactician"],"picked":"All Out Attack","floor":4},{"not_picked":["Deadly Poison","Quick Slash"],"picked":"Flying Knee","floor":7},{"not_picked":["Blade Dance","Finisher"],"picked":"Cloak And Dagger","floor":11},{"not_picked":["Crippling Poison","Quick Slash"],"picked":"Dagger Spray","floor":12},{"not_picked":["Acrobatics","Bouncing Flask"],"picked":"Flying Knee","floor":14},{"not_picked":["Doppelganger","Storm of Steel"],"picked":"Corpse Explosion","floor":16},{"not_picked":["Setup+1","Dagger Spray"],"picked":"Escape Plan+1","floor":18},{"not_picked":["Tactician","Underhanded Strike+1"],"picked":"Acrobatics","floor":21}],"player_experience":1141611,"relics_obtained":[{"floor":9,"key":"Pen Nib"}],"event_choices":[{"damage_healed":0,"gold_gain":75,"player_choice":"Touch","damage_taken":7,"max_hp_gain":0,"max_hp_loss":0,"event_name":"FaceTrader","floor":2,"gold_loss":0},{"damage_healed":0,"gold_gain":0,"player_choice":"Take Damage","damage_taken":17,"relics_obtained":["Golden Idol"],"max_hp_gain":0,"max_hp_loss":0,"event_name":"Golden Idol","floor":10,"gold_loss":0},{"damage_healed":0,"gold_gain":0,"player_choice":"Ignored","damage_taken":0,"max_hp_gain":0,"max_hp_loss":0,"event_name":"Cursed Tome","floor":20,"gold_loss":0},{"damage_healed":0,"gold_gain":0,"player_choice":"Inject Mutagens","damage_taken":0,"relics_obtained":["MutagenicStrength"],"max_hp_gain":0,"max_hp_loss":0,"event_name":"Drug Dealer","floor":22,"gold_loss":0}],"is_beta":false,"boss_relics":[{"not_picked":["Black Star","Orrery"],"picked":"Runic Dome"}],"items_purged_floors":[],"is_endless":false,"potions_floor_spawned":[1,4,7,14,18],"ascension_level":0}