{"gold_per_floor":[110,128,2,19,94,114,114,133,187,187,152,152,182,199,199,304,304,304,19,19,19,19,19,19,19],"floor_reached":25,"playtime":949,"items_purged":[],"score":232,"play_id":"b07a8222-eaec-4f00-b38e-7922cfd83e39","local_time":"20190211140343","is_ascension_mode":true,"campfire_choices":[{"data":"Zap","floor":7,"key":"SMITH"},{"data":"Capacitor","floor":10,"key":"SMITH"},{"floor":15,"key":"REST"},{"floor":24,"key":"REST"}],"neow_cost":"NONE","seed_source_timestamp":0,"circlet_count":0,"master_deck":["Strike_B","Strike_B+1","Strike_B","Strike_B","Defend_B","Defend_B","Defend_B","Defend_B","Zap+1","Dualcast","Streamline","Ball Lightning","Capacitor+1","Steam","Cold Snap+1","Streamline","Leap","Storm","Conserve Battery","Machine Learning","Go for the Eyes","Turbo","Beam Cell","Hologram+1","Sweeping Beam"],"special_seed":0,"relics":["Cracked Core","NeowsBlessing","Juzu Bracelet","Darkstone Periapt","Ectoplasm","Pantograph","Whetstone"],"potions_floor_usage":[13,16,23,25],"damage_taken":[{"damage":0.0,"enemies":"2 Louse","floor":1.0,"turns":1.0},{"damage":0,"enemies":"Small Slimes","floor":2,"turns":1},{"damage":0,"enemies":"Cultist","floor":4,"turns":1},{"damage":0,"enemies":"2 Fungi Beasts","floor":6,"turns":2},{"damage":20,"enemies":"Large Slime","floor":8,"turns":6},{"damage":25,"enemies":"Gremlin Nob","floor":13,"turns":4},{"damage":2,"enemies":"Looter","floor":14,"turns":4},{"damage":36,"enemies":"Hexaghost","floor":16,"turns":11},{"damage":15,"enemies":"3 Byrds","floor":18,"turns":6},{"damage":17,"enemies":"Shell Parasite","floor":21,"turns":6},{"damage":28,"enemies":"Book of Stabbing","floor":23,"turns":7},{"damage":44,"enemies":"Slavers","floor":25,"turns":4}],"seed_played":"178025274777787984","potions_obtained":[{"floor":1,"key":"Strength Potion"},{"floor":4,"key":"Explosive Potion"},{"floor":6,"key":"SneckoOil"},{"floor":16,"key":"Weak Potion"},{"floor":18,"key":"GamblersBrew"},{"floor":23,"key":"SpeedPotion"}],"is_trial":false,"path_per_floor":["M","M","$","M","?","M","R","M","T","R","?","?","E","M","R","B",null,"M","$","?","M","?","E","R","E"],"character_chosen":"DEFECT","items_purchased":["Capacitor","Steam","Pantograph","Turbo"],"campfire_rested":2,"item_purchase_floors":[3,3,19,19],"current_hp_per_floor":[75,75,75,75,64,64,64,44,44,44,62,75,50,48,70,34,75,60,60,60,43,43,15,37,0],"gold":19,"neow_bonus":"THREE_ENEMY_KILL","is_prod":false,"is_daily":false,"chose_seed":false,"campfire_upgraded":2,"win_rate":0,"timestamp":1549915423,"path_taken":["M","M","$","M","?","M","R","M","T","R","?","?","E","M","R","BOSS","M","$","?","M","?","E","R","E"],"build_version":"2019-01-23","purchased_purges":0,"victory":false,"max_hp_per_floor":[75,75,75,75,75,75,75,75,75,75,75,75,75,75,75,75,75,75,75,75,75,75,75,75,75],"card_choices":[{"not_picked":["Skim","Turbo"],"picked":"Streamline","floor":1},{"not_picked":["FTL","Compile Driver"],"picked":"Ball Lightning","floor":2},{"not_picked":["Leap","White Noise"],"picked":"Cold Snap","floor":4},{"not_picked":["White Noise","Redo"],"picked":"Streamline","floor":6},{"not_picked":["Multi-Cast","Ball Lightning"],"picked":"Leap","floor":8},{"not_picked":["Hologram","Gash"],"picked":"Storm","floor":13},{"not_picked":["Reprogram","Darkness"],"picked":"Conserve Battery","floor":14},{"not_picked":["Reboot","Buffer"],"picked":"Machine Learning","floor":16},{"not_picked":["Hologram","Stack"],"picked":"Go for the Eyes","floor":18},{"not_picked":["Streamline","Aggregate"],"picked":"Hologram+1","floor":21},{"not_picked":["All For One","Conserve Battery"],"picked":"Sweeping Beam","floor":23}],"player_experience":136098,"relics_obtained":[{"floor":9,"key":"Juzu Bracelet"},{"floor":13,"key":"Darkstone Periapt"},{"floor":23,"key":"Whetstone"}],"event_choices":[{"damage_healed":0,"gold_gain":75,"player_choice":"Gather Gold","damage_taken":11,"max_hp_gain":0,"max_hp_loss":0,"event_name":"World of Goop","floor":5,"gold_loss":0},{"damage_healed":18,"gold_gain":0,"player_choice":"Healed","damage_taken":0,"max_hp_gain":0,"max_hp_loss":0,"event_name":"The Cleric","floor":11,"gold_loss":35},{"damage_healed":13,"gold_gain":0,"player_choice":"Full Heal","damage_taken":0,"max_hp_gain":0,"max_hp_loss":0,"event_name":"Wheel of Change","floor":12,"gold_loss":0},{"damage_healed":0,"gold_gain":0,"player_choice":"Read","damage_taken":0,"max_hp_gain":0,"max_hp_loss":0,"event_name":"The Library","floor":20,"gold_loss":0,"cards_obtained":["Beam Cell"]}],"is_beta":false,"boss_relics":[{"not_picked":["Coffee Dripper","Nuclear Battery"],"picked":"Ectoplasm"}],"items_purged_floors":[],"is_endless":false,"potions_floor_spawned":[1,4,6,16,18,23],"killed_by":"Slavers","ascension_level":1}