{"gold_per_floor":[110,125,125,141,156,156,181,192,192,192,225,225,241,241,241,337,337,356,356,356,369,384,384,414,414,414,433,452,452,452,312,312,410,410,426,196,196,196,0,19,19,32,32,32,77,93,105,122,122,122,122,122,21,21],"floor_reached":54,"playtime":2267,"items_purged":["Defend_B+1"],"score":701,"play_id":"42813fa6-1362-466a-b40d-2391150c5bf3","local_time":"20190412025543","is_ascension_mode":true,"campfire_choices":[{"data":"Zap","floor":6,"key":"SMITH"},{"data":"Defragment","floor":10,"key":"SMITH"},{"floor":12,"key":"REST"},{"data":"Capacitor","floor":15,"key":"SMITH"},{"floor":23,"key":"REST"},{"data":"Machine Learning","floor":25,"key":"SMITH"},{"floor":32,"key":"REST"},{"floor":44,"key":"RECALL"},{"floor":49,"key":"REST"},{"data":"Biased Cognition","floor":52,"key":"SMITH"}],"neow_cost":"NONE","seed_source_timestamp":25919983008323,"circlet_count":0,"master_deck":["Strike_B+1","Strike_B+1","Strike_B+1","Strike_B+1","Defend_B+1","Defend_B+1","Defend_B+1","Zap+1","Dualcast","Dramatic Entrance","Coolheaded","Go for the Eyes","Defragment+1","Capacitor+1","Tempest","Coolheaded","Glacier","Ball Lightning","Machine Learning+1","Coolheaded","Biased Cognition+1","Hologram+1","Beam Cell","Conserve Battery","Cold Snap","Self Repair","Electrodynamics","Redo+1","Self Repair","Steam+1","Streamline+1","Glacier","Static Discharge","Beam Cell","Conserve Battery","Beam Cell"],"relics":["Cracked Core","Centennial Puzzle","Happy Flower","War Paint","Sozu","Bottled Flame","Cables","Dream Catcher","Eternal Feather","Regal Pillow","Vajra","Art of War"],"potions_floor_usage":[13,33,50,50],"damage_taken":[{"damage":6,"enemies":"Jaw Worm","floor":1,"turns":2},{"damage":1,"enemies":"Cultist","floor":2,"turns":3},{"damage":0,"enemies":"2 Louse","floor":4,"turns":2},{"damage":4,"enemies":"Blue Slaver","floor":5,"turns":3},{"damage":20,"enemies":"3 Sentries","floor":7,"turns":7},{"damage":3,"enemies":"3 Louse","floor":8,"turns":3},{"damage":12,"enemies":"Lagavulin","floor":11,"turns":6},{"damage":8,"enemies":"Lots of Slimes","floor":13,"turns":3},{"damage":26,"enemies":"Hexaghost","floor":16,"turns":10},{"damage":0,"enemies":"Spheric Guardian","floor":18,"turns":3},{"damage":6,"enemies":"3 Byrds","floor":21,"turns":5},{"damage":27,"enemies":"Shelled Parasite and Fungi","floor":22,"turns":5},{"damage":5,"enemies":"Gremlin Leader","floor":24,"turns":7},{"damage":0,"enemies":"Sentry and Sphere","floor":27,"turns":6},{"damage":10,"enemies":"Chosen and Byrds","floor":28,"turns":3},{"damage":54,"enemies":"Automaton","floor":33,"turns":13},{"damage":13,"enemies":"3 Shapes","floor":35,"turns":4},{"damage":28,"enemies":"3 Darklings","floor":40,"turns":4},{"damage":13,"enemies":"Sphere and 2 Shapes","floor":42,"turns":4},{"damage":47,"enemies":"4 Shapes","floor":46,"turns":4},{"damage":16,"enemies":"Spire Growth","floor":47,"turns":7},{"damage":21,"enemies":"Jaw Worm Horde","floor":48,"turns":4},{"damage":63,"enemies":"Awakened One","floor":50,"turns":16},{"damage":77,"enemies":"Shield and Spear","floor":54,"turns":6}],"seed_played":"5053616871543897595","potions_obtained":[{"floor":2,"key":"Block Potion"},{"floor":3,"key":"Ancient Potion"},{"floor":4,"key":"FocusPotion"},{"floor":16,"key":"Strength Potion"}],"is_trial":false,"path_per_floor":["M","M","?","M","M","R","E","M","T","R","E","R","M","?","R","B",null,"M","?","?","M","M","R","E","R","T","M","M","?","?","?","R","B",null,"M","$","?","?","$","M","$","M","T","R","T","M","M","M","R","B",null,"R","$","E"],"character_chosen":"DEFECT","items_purchased":["Regal Pillow","Vajra","Self Repair","Conserve Battery","Beam Cell"],"campfire_rested":4,"item_purchase_floors":[36,39,39,53,53],"current_hp_per_floor":[69,68,68,68,64,64,44,41,41,41,29,51,43,68,68,42,75,75,75,75,69,42,64,59,59,59,59,49,49,35,35,59,12,80,74,74,74,74,74,60,60,54,54,72,72,39,37,23,76,27,76,76,76,0],"gold":21,"neow_bonus":"RANDOM_COLORLESS","is_prod":false,"is_daily":false,"chose_seed":false,"campfire_upgraded":5,"win_rate":0,"timestamp":1555055743,"path_taken":["M","M","?","M","M","R","E","M","T","R","E","R","?","?","R","BOSS","M","?","?","M","M","R","E","R","T","M","M","?","?","?","R","BOSS","M","?","?","?","$","M","$","M","T","R","?","M","?","M","R","BOSS","R","$","E"],"build_version":"2019-01-23","purchased_purges":1,"victory":false,"max_hp_per_floor":[75,75,75,75,75,75,75,75,75,75,75,75,75,75,75,75,75,75,75,75,75,75,75,75,75,75,75,75,75,80,80,80,80,80,80,80,80,76,76,76,76,76,76,76,76,76,76,76,76,76,76,76,76,76],"card_choices":[{"not_picked":["Redo","Reprogram"],"picked":"Coolheaded","floor":1},{"not_picked":["Gash","Coolheaded"],"picked":"Go for the Eyes","floor":2},{"not_picked":["Conserve Battery","Ball Lightning"],"picked":"Defragment","floor":4},{"not_picked":["Conserve Battery","Hyperbeam"],"picked":"Capacitor","floor":5},{"not_picked":["Turbo","Chaos"],"picked":"Tempest","floor":7},{"not_picked":["Undo","Cold Snap"],"picked":"Coolheaded","floor":8},{"not_picked":["BootSequence","Doom and Gloom"],"picked":"Glacier","floor":11},{"not_picked":["Scrape","Turbo"],"picked":"Ball Lightning","floor":13},{"not_picked":["Hyperbeam","Creative AI"],"picked":"Machine Learning","floor":16},{"not_picked":["Leap","Doom and Gloom+1"],"picked":"Coolheaded","floor":18},{"not_picked":["Ball Lightning","Go for the Eyes"],"picked":"Biased Cognition","floor":21},{"not_picked":["Sweeping Beam","Loop"],"picked":"Hologram+1","floor":22},{"not_picked":["Fusion","Leap"],"picked":"Beam Cell","floor":24},{"not_picked":["Scrape+1","Machine Learning"],"picked":"Conserve Battery","floor":27},{"not_picked":["Compile Driver","Barrage"],"picked":"Cold Snap","floor":28},{"not_picked":["Redo","Steam Power"],"picked":"Self Repair","floor":32},{"not_picked":["Creative AI","Thunder Strike"],"picked":"Electrodynamics","floor":33},{"not_picked":["Compile Driver","Steam"],"picked":"Redo+1","floor":35},{"not_picked":["Rebound+1","Melter+1"],"picked":"Steam+1","floor":40},{"not_picked":["Cold Snap+1","Rip and Tear"],"picked":"Streamline+1","floor":42},{"not_picked":["Cold Snap","Hyperbeam"],"picked":"Glacier","floor":46},{"not_picked":["Static Discharge","Rebound","Reinforced Body"],"picked":"SKIP","floor":47},{"not_picked":["Coolheaded","Rip and Tear"],"picked":"Static Discharge","floor":48},{"not_picked":["Rebound+1","Undo+1"],"picked":"Beam Cell","floor":49}],"player_experience":153032,"relics_obtained":[{"floor":7,"key":"Centennial Puzzle"},{"floor":9,"key":"Happy Flower"},{"floor":11,"key":"War Paint"},{"floor":24,"key":"Bottled Flame"},{"floor":26,"key":"Cables"},{"floor":45,"key":"Art of War"}],"event_choices":[{"damage_healed":0,"gold_gain":0,"player_choice":"Got Potions","damage_taken":0,"max_hp_gain":0,"max_hp_loss":0,"event_name":"Lab","floor":3,"gold_loss":0},{"damage_healed":25,"gold_gain":0,"player_choice":"Banana","damage_taken":0,"max_hp_gain":0,"max_hp_loss":0,"event_name":"Big Fish","floor":14,"gold_loss":0},{"damage_healed":0,"gold_gain":0,"player_choice":"Simplicity","damage_taken":0,"max_hp_gain":0,"max_hp_loss":0,"event_name":"Back to Basics","floor":19,"gold_loss":0,"cards_upgraded":["Strike_B","Strike_B","Strike_B","Strike_B","Defend_B","Defend_B"]},{"damage_healed":0,"gold_gain":0,"player_choice":"Ignored","damage_taken":0,"max_hp_gain":0,"max_hp_loss":0,"event_name":"Cursed Tome","floor":20,"gold_loss":0},{"damage_healed":0,"gold_gain":0,"player_choice":"Shed Blood","damage_taken":19,"max_hp_gain":5,"max_hp_loss":0,"event_name":"Forgotten Altar","floor":30,"gold_loss":0},{"damage_healed":0,"gold_gain":0,"player_choice":"Paid Gold","damage_taken":0,"relics_obtained":["Dream Catcher"],"max_hp_gain":0,"max_hp_loss":0,"event_name":"WeMeetAgain","floor":31,"gold_loss":140},{"damage_healed":0,"gold_gain":0,"player_choice":"Ignored","damage_taken":0,"max_hp_gain":0,"max_hp_loss":0,"event_name":"Mysterious Sphere","floor":37,"gold_loss":0},{"damage_healed":0,"gold_gain":0,"player_choice":"Max HP","damage_taken":0,"max_hp_gain":0,"max_hp_loss":4,"event_name":"Winding Halls","floor":38,"gold_loss":0}],"is_beta":false,"boss_relics":[{"not_picked":["Snecko Eye","Tiny House"],"picked":"Sozu"},{"not_picked":["Philosopher\u0027s Stone","Fusion Hammer"],"picked":"Eternal Feather"}],"items_purged_floors":[36],"is_endless":false,"potions_floor_spawned":[2,4,7,8,11,16,18,21,28,46,47,48],"killed_by":"Shield and Spear","ascension_level":1}