{"gold_per_floor":[115,128,142,142,45,45,58,85,85,95,114,114,142,62,62,167,167,183,203,219,40,40,40,67,85,85,113,129,141,160,172,172,172],"floor_reached":33,"playtime":4087,"items_purged":["Strike_G","Strike_G"],"score":455,"play_id":"c08cf2d3-47a0-4160-a36f-8c4612827203","local_time":"20180730052644","is_ascension_mode":true,"campfire_choices":[{"data":"Neutralize","floor":6,"key":"SMITH"},{"data":"Cloak And Dagger","floor":12,"key":"SMITH"},{"floor":15,"key":"REST"},{"floor":23,"key":"REST"},{"floor":32,"key":"REST"}],"neow_cost":"NONE","seed_source_timestamp":470541201213616,"circlet_count":0,"master_deck":["Defend_G","Defend_G","Defend_G","Defend_G","Strike_G+1","Strike_G","Strike_G","Survivor","Neutralize+1","AscendersBane","Flying Knee","Deflect","Dagger Spray+1","Poisoned Stab","A Thousand Cuts+1","Slice","Cloak And Dagger+1","Dash","After Image+1","Infinite Blades+1","PiercingWail+1","Dagger Throw+1","Noxious Fumes+1","Backstab","Accuracy+1","Caltrops+1","Well Laid Plans+1","Cloak And Dagger+1","Leg Sweep"],"relics":["Ring of the Snake","Whetstone","Frozen Egg 2","Calipers","Fusion Hammer","Paper Crane","Bottled Lightning","Bronze Scales"],"potions_floor_usage":[3,8,13,19,20,27,28,33],"damage_taken":[{"damage":0,"enemies":"Jaw Worm","floor":1,"turns":5},{"damage":1,"enemies":"Cultist","floor":2,"turns":4},{"damage":0,"enemies":"Small Slimes","floor":3,"turns":4},{"damage":0,"enemies":"Red Slaver","floor":7,"turns":5},{"damage":18,"enemies":"Gremlin Nob","floor":8,"turns":4},{"damage":8,"enemies":"Lots of Slimes","floor":10,"turns":4},{"damage":1,"enemies":"Exordium Wildlife","floor":11,"turns":2},{"damage":13,"enemies":"Lagavulin","floor":13,"turns":7},{"damage":37,"enemies":"Slime Boss","floor":16,"turns":11},{"damage":14,"enemies":"3 Byrds","floor":18,"turns":4},{"damage":12,"enemies":"2 Thieves","floor":19,"turns":5},{"damage":18,"enemies":"Chosen and Byrds","floor":20,"turns":7},{"damage":25,"enemies":"Book of Stabbing","floor":24,"turns":6},{"damage":0,"enemies":"Cultist and Chosen","floor":25,"turns":5},{"damage":6,"enemies":"Slavers","floor":27,"turns":5},{"damage":0,"enemies":"Centurion and Healer","floor":28,"turns":5},{"damage":4,"enemies":"Snake Plant","floor":29,"turns":4},{"damage":0,"enemies":"3 Cultists","floor":30,"turns":4},{"damage":0,"enemies":"Centurion and Healer","floor":31,"turns":6},{"damage":29,"enemies":"Collector","floor":33,"turns":7}],"seed_played":"-4302097643466618433","potions_obtained":[{"floor":2,"key":"Energy Potion"},{"floor":3,"key":"GhostInAJar"},{"floor":7,"key":"SteroidPotion"},{"floor":8,"key":"SmokeBomb"},{"floor":11,"key":"SteroidPotion"},{"floor":18,"key":"AttackPotion"},{"floor":24,"key":"Weak Potion"},{"floor":25,"key":"Dexterity Potion"},{"floor":31,"key":"Energy Potion"}],"is_trial":false,"path_per_floor":["M","M","M","?","$","R","M","E","T","M","M","R","E","$","R","B",null,"M","M","M","$","?","R","E","M","T","E","M","M","M","M","R"],"character_chosen":"THE_SILENT","items_purchased":["Dagger Spray","Dash","Noxious Fumes+1"],"campfire_rested":3,"item_purchase_floors":[5,14,21],"current_hp_per_floor":[70,69,69,69,69,69,69,51,51,43,42,42,29,29,52,15,62,48,36,18,18,18,41,16,16,16,10,10,6,6,6,29,0],"gold":172,"neow_bonus":"TEN_PERCENT_HP_BONUS","is_prod":false,"is_daily":false,"chose_seed":false,"campfire_upgraded":2,"win_rate":0,"timestamp":1532892404,"path_taken":["M","M","M","?","$","R","?","E","T","M","M","R","E","$","R","BOSS","M","M","M","$","?","R","E","?","T","E","?","M","M","M","R","BOSS"],"build_version":"2018-07-26","purchased_purges":2,"victory":false,"max_hp_per_floor":[77,77,77,77,77,77,77,77,77,77,77,77,77,77,77,77,77,77,77,77,77,77,77,77,77,77,77,77,77,77,77,77,77],"card_choices":[{"not_picked":["PiercingWail","Blur"],"picked":"Flying Knee","floor":1},{"not_picked":["Prepared","Deadly Poison"],"picked":"Deflect","floor":2},{"not_picked":["Acrobatics","Outmaneuver","Flechettes"],"picked":"SKIP","floor":3},{"not_picked":["Quick Slash","PiercingWail"],"picked":"Poisoned Stab","floor":7},{"not_picked":["Slice","Catalyst"],"picked":"A Thousand Cuts","floor":8},{"not_picked":["Quick Slash","Deadly Poison"],"picked":"Slice","floor":10},{"not_picked":["Flying Knee","Prepared"],"picked":"Cloak And Dagger","floor":11},{"not_picked":["Grand Finale","Concentrate","Quick Slash"],"picked":"SKIP","floor":13},{"not_picked":["A Thousand Cuts+1","Die Die Die"],"picked":"After Image+1","floor":16},{"not_picked":["Eviscerate","Distraction"],"picked":"Infinite Blades+1","floor":18},{"not_picked":["Acrobatics","Outmaneuver"],"picked":"PiercingWail+1","floor":19},{"not_picked":["Slice+1","Dagger Spray"],"picked":"Dagger Throw+1","floor":20},{"not_picked":["Calculated Gamble","Quick Slash"],"picked":"Backstab","floor":24},{"not_picked":["Crippling Poison+1","Phantasmal Killer"],"picked":"Accuracy+1","floor":25},{"not_picked":["Bane","Quick Slash"],"picked":"Caltrops+1","floor":27},{"not_picked":["Outmaneuver","Prepared"],"picked":"Well Laid Plans+1","floor":28},{"not_picked":["Infinite Blades+1","Quick Slash"],"picked":"Cloak And Dagger+1","floor":29},{"not_picked":["Infinite Blades+1","Backstab","Quick Slash"],"picked":"SKIP","floor":30},{"not_picked":["Infinite Blades+1","Backstab","Quick Slash"],"picked":"SKIP","floor":30},{"not_picked":["Quick Slash+1","Deadly Poison"],"picked":"Leg Sweep","floor":31}],"player_experience":278560,"relics_obtained":[{"floor":8,"key":"Whetstone"},{"floor":9,"key":"Frozen Egg 2"},{"floor":13,"key":"Calipers"},{"floor":24,"key":"Paper Crane"},{"floor":26,"key":"Bottled Lightning"},{"floor":27,"key":"Bronze Scales"}],"event_choices":[{"event_name":"Bonfire Elementals","player_choice":"BASIC","floor":4,"damage_taken":0},{"event_name":"Accursed Blacksmith","player_choice":"Forge","floor":22,"damage_taken":0}],"is_beta":false,"boss_relics":[{"not_picked":["Runic Dome","Ring of the Serpent"],"picked":"Fusion Hammer"}],"items_purged_floors":[5,21],"is_endless":false,"potions_floor_spawned":[2,3,7,8,11,18,24,25,31],"killed_by":"Collector","ascension_level":10}