{"gold_per_floor":[114,114,127,41,41,66,66,101,101,101,111,130,143,177,177,250,250,266,21,34,51,51,51,86,86,131,131,144,144],"floor_reached":29,"playtime":1991,"items_purged":[],"score":576,"play_id":"6d91db99-7697-4cb0-874c-3d29f564b879","local_time":"20190116173009","is_ascension_mode":true,"campfire_choices":[{"data":"Zap","floor":7.0,"key":"SMITH"},{"data":"Compile Driver","floor":10.0,"key":"SMITH"},{"data":"Capacitor","floor":15.0,"key":"SMITH"},{"data":"Electrodynamics","floor":23.0,"key":"SMITH"},{"floor":27.0,"key":"REST"}],"neow_cost":"NONE","seed_source_timestamp":534800837846755,"circlet_count":0,"master_deck":["AscendersBane","Strike_B","Strike_B","Defend_B","Defend_B","Defend_B","Zap+1","Dualcast","Capacitor+1","Defragment","Barrage+1","Reinforced Body","Compile Driver+1","Beam Cell","Genetic Algorithm","Ball Lightning","Buffer","Coolheaded","Electrodynamics+1","Steam","Stack+1","Conserve Battery","Meteor Strike","Sweeping Beam","Steam"],"special_seed":0,"relics":["Cracked Core","NeowsBlessing","Pantograph","Kunai","Orichalcum","Letter Opener","Runic Pyramid","Ornamental Fan","Smiling Mask"],"potions_floor_usage":[29,29],"damage_taken":[{"damage":0.0,"enemies":"Small Slimes","floor":1.0,"turns":1.0},{"damage":0.0,"enemies":"Cultist","floor":3.0,"turns":1.0},{"damage":0.0,"enemies":"3 Sentries","floor":6.0,"turns":1.0},{"damage":5.0,"enemies":"Lagavulin","floor":8.0,"turns":7.0},{"damage":1.0,"enemies":"2 Louse","floor":11.0,"turns":2.0},{"damage":3.0,"enemies":"Blue Slaver","floor":12.0,"turns":3.0},{"damage":19.0,"enemies":"Exordium Thugs","floor":13.0,"turns":4.0},{"damage":8.0,"enemies":"Gremlin Nob","floor":14.0,"turns":4.0},{"damage":34.0,"enemies":"Hexaghost","floor":16.0,"turns":8.0},{"damage":16.0,"enemies":"3 Byrds","floor":18.0,"turns":4.0},{"damage":10.0,"enemies":"Chosen","floor":20.0,"turns":4.0},{"damage":13.0,"enemies":"Centurion and Healer","floor":21.0,"turns":6.0},{"damage":15.0,"enemies":"Gremlin Leader","floor":24.0,"turns":5.0},{"damage":19,"enemies":"Shelled Parasite and Fungi","floor":28,"turns":5},{"damage":19,"enemies":"Book of Stabbing","floor":29,"turns":4}],"seed_played":"4052272832478863822","potions_obtained":[{"floor":3.0,"key":"Energy Potion"},{"floor":6.0,"key":"FocusPotion"},{"floor":11.0,"key":"Swift Potion"},{"floor":13.0,"key":"Ancient Potion"},{"floor":16.0,"key":"FocusPotion"},{"floor":21.0,"key":"Weak Potion"},{"floor":24.0,"key":"Energy Potion"},{"floor":28,"key":"Strength Potion"}],"is_trial":false,"path_per_floor":["M","?","M","$","?","E","R","E","T","R","M","M","M","E","R","B",null,"M","$","M","M","$","R","E","?","T","R","M","E"],"character_chosen":"DEFECT","items_purchased":["Barrage","PowerPotion","Electrodynamics","Regen Potion"],"campfire_rested":1,"item_purchase_floors":[4,4,19,19],"current_hp_per_floor":[64,64,64,64,64,64,64,59,59,59,58,55,36,28,28,19,58,42,42,44,31,31,31,16,16,16,37,18,0],"gold":144,"neow_bonus":"THREE_ENEMY_KILL","is_prod":false,"is_daily":false,"chose_seed":false,"campfire_upgraded":4,"win_rate":0,"timestamp":1547656209,"path_taken":["M","?","?","$","?","E","R","E","T","R","M","M","?","E","R","BOSS","M","$","?","M","?","R","E","?","T","R","M","E"],"build_version":"2019-01-10","purchased_purges":0,"victory":false,"max_hp_per_floor":[71,71,71,71,71,71,71,71,71,71,71,71,71,71,71,71,71,71,71,71,71,71,71,71,71,71,71,71,71],"card_choices":[{"not_picked":["Streamline","Skim"],"picked":"Capacitor","floor":1.0},{"not_picked":["White Noise","Ball Lightning"],"picked":"Defragment","floor":3.0},{"not_picked":["Barrage","Steam"],"picked":"Reinforced Body","floor":6.0},{"not_picked":["Streamline","Multi-Cast"],"picked":"Compile Driver","floor":8.0},{"not_picked":["Redo","Gash"],"picked":"Beam Cell","floor":11.0},{"not_picked":["Sunder","BootSequence"],"picked":"Genetic Algorithm","floor":12.0},{"not_picked":["Stack","Beam Cell"],"picked":"Ball Lightning","floor":13.0},{"not_picked":["Undo","Barrage","Streamline"],"picked":"SKIP","floor":14.0},{"not_picked":["Seek","Hyperbeam"],"picked":"Buffer","floor":16.0},{"not_picked":["Capacitor+1","Hologram"],"picked":"Coolheaded","floor":18.0},{"not_picked":["Barrage","Go for the Eyes"],"picked":"Steam","floor":20.0},{"not_picked":["Aggregate","Cold Snap"],"picked":"Stack+1","floor":21.0},{"not_picked":["Skim","Loop"],"picked":"Conserve Battery","floor":24.0},{"not_picked":["Beam Cell","Compile Driver"],"picked":"Steam","floor":28}],"player_experience":437948,"relics_obtained":[{"floor":6.0,"key":"Pantograph"},{"floor":8.0,"key":"Kunai"},{"floor":9.0,"key":"Orichalcum"},{"floor":14.0,"key":"Letter Opener"},{"floor":24.0,"key":"Ornamental Fan"},{"floor":26.0,"key":"Smiling Mask"}],"event_choices":[{"cards_removed":["Strike_B"],"damage_healed":0.0,"max_hp_gain":0.0,"max_hp_loss":0.0,"gold_gain":0.0,"event_name":"Purifier","player_choice":"Purged","floor":2.0,"gold_loss":0.0,"damage_taken":0.0},{"damage_healed":0.0,"max_hp_gain":0.0,"max_hp_loss":0.0,"gold_gain":0.0,"event_name":"Accursed Blacksmith","player_choice":"Forge","floor":5.0,"gold_loss":0.0,"damage_taken":0.0,"cards_upgraded":["Barrage"]},{"damage_healed":0.0,"max_hp_gain":0.0,"max_hp_loss":0.0,"gold_gain":0.0,"cards_transformed":["Defend_B","Strike_B"],"event_name":"Drug Dealer","player_choice":"Became Test Subject","floor":25.0,"gold_loss":0.0,"damage_taken":0.0,"cards_obtained":["Meteor Strike","Sweeping Beam"]}],"is_beta":false,"boss_relics":[{"not_picked":["Lizard Tail","Inserter"],"picked":"Runic Pyramid"}],"items_purged_floors":[],"is_endless":false,"potions_floor_spawned":[3,6,11,13,16,21,24,28],"killed_by":"Book of Stabbing","ascension_level":20}