{"gold_per_floor":[112,123,123,19,36,71,71,71,71,83,83,117,117,136,136,208,208,226,0,0,0,0,0,0,0,0,18,28,40,40,57,57,57],"floor_reached":33,"playtime":1996,"items_purged":["Injury"],"score":472,"play_id":"7dce6766-09e7-4a01-ad1b-d03160b4d685","local_time":"20190408234332","is_ascension_mode":true,"campfire_choices":[{"floor":7.0,"key":"REST"},{"floor":11.0,"key":"REST"},{"data":"Envenom","floor":13.0,"key":"SMITH"},{"floor":15.0,"key":"REST"},{"data":"Footwork","floor":23.0,"key":"SMITH"},{"floor":25.0,"key":"REST"},{"floor":30,"key":"REST"},{"floor":32,"key":"REST"}],"neow_cost":"CURSE","seed_source_timestamp":0,"circlet_count":0,"master_deck":["AscendersBane","Defend_G","Defend_G","Defend_G","Defend_G","Defend_G","Strike_G","Strike_G","Strike_G","Strike_G","Strike_G","Survivor","Neutralize","Envenom+1","Footwork+1","Dodge and Roll","Dagger Spray","PiercingWail","Blade Dance","Crippling Poison+1","Venomology+1","Backflip+1","Leg Sweep+1","Deflect+1","Deadly Poison+1"],"special_seed":0,"relics":["Ring of the Snake","Snake Skull","Paper Crane","Toxic Egg 2","Black Star","Bottled Tornado"],"potions_floor_usage":[29,29,29,31,33,33],"damage_taken":[{"damage":4.0,"enemies":"Jaw Worm","floor":1.0,"turns":8.0},{"damage":8.0,"enemies":"Small Slimes","floor":2.0,"turns":6.0},{"damage":1.0,"enemies":"2 Louse","floor":5.0,"turns":4.0},{"damage":34.0,"enemies":"3 Sentries","floor":6.0,"turns":12.0},{"damage":2.0,"enemies":"Blue Slaver","floor":10.0,"turns":6.0},{"damage":26.0,"enemies":"Gremlin Nob","floor":12.0,"turns":5.0},{"damage":3.0,"enemies":"Looter","floor":14.0,"turns":4.0},{"damage":6.0,"enemies":"Hexaghost","floor":16.0,"turns":8.0},{"damage":30.0,"enemies":"Shell Parasite","floor":18.0,"turns":8.0},{"damage":18.0,"enemies":"Spheric Guardian","floor":27.0,"turns":11.0},{"damage":23.0,"enemies":"Centurion and Healer","floor":28.0,"turns":8.0},{"damage":3,"enemies":"Snake Plant","floor":29,"turns":6},{"damage":13,"enemies":"Shelled Parasite and Fungi","floor":31,"turns":10},{"damage":39,"enemies":"Collector","floor":33,"turns":6}],"seed_played":"5094060701929575573","potions_obtained":[{"floor":1.0,"key":"FearPotion"},{"floor":5.0,"key":"LiquidBronze"},{"floor":12.0,"key":"AttackPotion"},{"floor":14.0,"key":"Poison Potion"},{"floor":16.0,"key":"PowerPotion"},{"floor":27.0,"key":"FearPotion"},{"floor":28.0,"key":"Fire Potion"},{"floor":31,"key":"EntropicBrew"}],"is_trial":false,"path_per_floor":["M","M","?","$","M","E","R","?","T","M","R","E","R","M","R","B",null,"M","?","$","?","?","R","$","R","T","M","M","M","R","M","R","B"],"character_chosen":"THE_SILENT","items_purchased":["Dagger Spray"],"campfire_rested":6,"item_purchase_floors":[4],"current_hp_per_floor":[55,47,47,47,46,12,31,31,31,29,48,22,22,19,38,32,58,28,28,28,28,28,28,28,47,47,29,6,3,22,9,28,0],"gold":57,"neow_bonus":"THREE_RARE_CARDS","is_prod":false,"is_daily":false,"chose_seed":false,"campfire_upgraded":2,"win_rate":0,"timestamp":1554781412,"path_taken":["M","M","?","$","M","E","R","?","T","M","R","E","R","M","R","BOSS","M","?","$","?","?","R","?","R","T","M","M","M","R","M","R","BOSS"],"build_version":"2019-01-23","purchased_purges":1,"victory":false,"max_hp_per_floor":[66,66,66,66,66,66,66,66,66,66,66,66,66,66,66,66,66,66,66,66,66,66,66,66,66,66,66,66,66,66,66,66,66],"card_choices":[{"not_picked":["Adrenaline","Burst"],"picked":"Envenom","floor":0.0},{"not_picked":["Backflip","Outmaneuver"],"picked":"Footwork","floor":1.0},{"not_picked":["Slice","Flying Knee"],"picked":"Dodge and Roll","floor":2.0},{"not_picked":["Tactician","Masterful Stab"],"picked":"PiercingWail","floor":5.0},{"not_picked":["Heel Hook","Choke","Tactician"],"picked":"SKIP","floor":6.0},{"not_picked":["Flechettes","Bouncing Flask"],"picked":"Blade Dance","floor":10.0},{"not_picked":["Prepared","Dagger Spray","Dodge and Roll"],"picked":"SKIP","floor":12.0},{"not_picked":["Prepared+1","Dagger Throw"],"picked":"Crippling Poison+1","floor":14.0},{"not_picked":["A Thousand Cuts","Doppelganger+1"],"picked":"Venomology+1","floor":16.0},{"not_picked":["Acrobatics+1","Slice"],"picked":"Backflip+1","floor":18.0},{"not_picked":["Acrobatics+1","Cloak And Dagger+1"],"picked":"Leg Sweep+1","floor":27.0},{"not_picked":["Well Laid Plans","Underhanded Strike"],"picked":"Deflect+1","floor":28.0},{"not_picked":["Reflex+1","Quick Slash"],"picked":"Deadly Poison+1","floor":29},{"not_picked":["Crippling Poison+1","Acrobatics+1","Escape Plan+1"],"picked":"SKIP","floor":31}],"player_experience":926294,"relics_obtained":[{"floor":6.0,"key":"Snake Skull"},{"floor":9.0,"key":"Paper Crane"},{"floor":12.0,"key":"Toxic Egg 2"},{"floor":26.0,"key":"Bottled Tornado"}],"event_choices":[{"damage_healed":0.0,"max_hp_gain":0.0,"max_hp_loss":0.0,"gold_gain":0.0,"event_name":"Shining Light","player_choice":"Ignored","floor":3.0,"gold_loss":0.0,"damage_taken":0.0},{"damage_healed":0.0,"max_hp_gain":0.0,"max_hp_loss":0.0,"gold_gain":0.0,"event_name":"Scrap Ooze","player_choice":"Fled","floor":8.0,"gold_loss":0.0,"damage_taken":0.0},{"damage_healed":0.0,"max_hp_gain":0.0,"max_hp_loss":0.0,"gold_gain":0.0,"event_name":"Masked Bandits","player_choice":"Paid Fearfully","floor":19.0,"gold_loss":226.0,"damage_taken":0.0},{"damage_healed":0.0,"max_hp_gain":0.0,"max_hp_loss":0.0,"gold_gain":0.0,"event_name":"Vampires","player_choice":"Ignored","floor":21.0,"gold_loss":0.0,"damage_taken":0.0},{"damage_healed":0.0,"max_hp_gain":0.0,"max_hp_loss":0.0,"gold_gain":0.0,"event_name":"Beggar","player_choice":"Ignored","floor":22.0,"gold_loss":0.0,"damage_taken":0.0}],"is_beta":false,"boss_relics":[{"not_picked":["Fusion Hammer","Coffee Dripper"],"picked":"Black Star"}],"items_purged_floors":[4],"is_endless":false,"potions_floor_spawned":[1,5,12,14,16,27,28,31],"killed_by":"Collector","ascension_level":17}