{"gold_per_floor":[114,114,129,129,144,144,144,144,144,159,159,159,234,249,249,349,349,364,364,75,90,90,90,105,120,170,170,170,170,170,20,20,20],"floor_reached":33,"playtime":1805,"items_purged":["Defend_G"],"score":258,"play_id":"f6fc3150-feb8-44bb-b01d-584e6cd53eb7","local_time":"20181229142741","daily_mods":["Specialized","Flight","Lethality"],"is_ascension_mode":false,"campfire_choices":[{"data":"Neutralize","floor":6,"key":"SMITH"},{"data":"Backflip","floor":7,"key":"SMITH"},{"floor":8,"key":"REST"},{"data":"Survivor","floor":11,"key":"SMITH"},{"floor":15,"key":"REST"},{"data":"Calculated Gamble","floor":23,"key":"SMITH"},{"floor":27,"key":"REST"},{"floor":28,"key":"REST"},{"floor":32,"key":"REST"}],"neow_cost":"","seed_source_timestamp":408541191943666,"circlet_count":0,"master_deck":["Defend_G","Defend_G","Defend_G","Defend_G","Strike_G","Strike_G","Strike_G","Strike_G","Strike_G","Survivor+1","Neutralize+1","Grand Finale","Grand Finale","Grand Finale","Grand Finale","Grand Finale","Prepared+1","Quick Slash","Backflip+1","Poisoned Stab","Quick Slash+1","Adrenaline","Escape Plan","Reflex","Calculated Gamble+1","Caltrops","Dagger Throw+1","Flying Knee+1"],"special_seed":17893,"relics":["Ring of the Snake","Unceasing Top","Potion Belt","Molten Egg 2","Philosopher\u0027s Stone","Ornamental Fan","Bag of Marbles","Meat on the Bone","MutagenicStrength","Anchor"],"potions_floor_usage":[24,25,33,33],"damage_taken":[{"damage":8,"enemies":"Small Slimes","floor":1,"turns":3},{"damage":2,"enemies":"Jaw Worm","floor":3,"turns":5},{"damage":0,"enemies":"Cultist","floor":5,"turns":3},{"damage":17,"enemies":"Exordium Thugs","floor":10,"turns":6},{"damage":3,"enemies":"Large Slime","floor":14,"turns":7},{"damage":27,"enemies":"Slime Boss","floor":16,"turns":12},{"damage":14,"enemies":"2 Thieves","floor":18,"turns":3},{"damage":0,"enemies":"Chosen","floor":21,"turns":3},{"damage":33,"enemies":"Snake Plant","floor":24,"turns":4},{"damage":21,"enemies":"Snecko","floor":25,"turns":4},{"damage":89,"enemies":"Automaton","floor":33,"turns":8}],"seed_played":"-53600940269430925","potions_obtained":[{"floor":1,"key":"Explosive Potion"},{"floor":14,"key":"GamblersBrew"},{"floor":18,"key":"AttackPotion"},{"floor":21,"key":"FairyPotion"}],"is_trial":false,"path_per_floor":["M","?","M","?","M","R","R","R","T","M","R","T","?","M","R","B",null,"M","?","$","M","T","R","M","M","T","R","R","?","?","$","R","B"],"character_chosen":"THE_SILENT","items_purchased":["GamblersBrew","Reflex","Calculated Gamble","Anchor"],"campfire_rested":5,"item_purchase_floors":[20,20,20,31],"current_hp_per_floor":[62,62,60,42,42,42,42,63,63,46,46,46,35,32,53,26,70,56,56,56,56,56,56,23,2,2,23,44,44,44,44,65,0],"gold":20,"neow_bonus":"","is_prod":false,"is_daily":true,"chose_seed":false,"campfire_upgraded":4,"win_rate":0,"timestamp":1546122461,"path_taken":["M","?","M","?","?","R","R","R","T","?","R","?","?","M","R","BOSS","M","?","$","M","?","R","M","M","T","R","R","?","?","?","R","BOSS"],"build_version":"2018-12-20","purchased_purges":1,"victory":false,"max_hp_per_floor":[70,70,70,70,70,70,70,70,70,70,70,70,70,70,70,70,70,70,70,70,70,70,70,70,70,70,70,70,70,70,70,70,70],"card_choices":[{"not_picked":["PiercingWail","Slice"],"picked":"Prepared","floor":1},{"not_picked":["Choke","All Out Attack"],"picked":"Quick Slash","floor":3},{"not_picked":["Dodge and Roll","Cloak And Dagger"],"picked":"Backflip","floor":5},{"not_picked":["Deadly Poison","Flechettes"],"picked":"Poisoned Stab","floor":10},{"not_picked":["Blade Dance","Cloak And Dagger"],"picked":"Quick Slash+1","floor":14},{"not_picked":["Storm of Steel","After Image"],"picked":"Adrenaline","floor":16},{"not_picked":["Eviscerate+1","Blade Dance+1","Slice+1"],"picked":"SKIP","floor":18},{"not_picked":["Bane+1","Dagger Spray+1"],"picked":"Caltrops","floor":21},{"not_picked":["Endless Agony+1","Choke+1"],"picked":"Dagger Throw+1","floor":24},{"not_picked":["Slice+1","Sucker Punch+1"],"picked":"Flying Knee+1","floor":25}],"player_experience":457036,"relics_obtained":[{"floor":9,"key":"Potion Belt"},{"floor":12,"key":"Molten Egg 2"},{"floor":22,"key":"Ornamental Fan"},{"floor":26,"key":"Bag of Marbles"}],"event_choices":[{"damage_healed":0,"gold_gain":0,"player_choice":"Grow","damage_taken":0,"max_hp_gain":0,"max_hp_loss":0,"event_name":"Living Wall","floor":2,"gold_loss":0,"cards_upgraded":["Prepared"]},{"damage_healed":0,"gold_gain":0,"player_choice":"Success","damage_taken":18,"relics_obtained":["Unceasing Top"],"max_hp_gain":0,"max_hp_loss":0,"event_name":"Scrap Ooze","floor":4,"gold_loss":0},{"damage_healed":0,"gold_gain":75,"player_choice":"Gather Gold","damage_taken":11,"max_hp_gain":0,"max_hp_loss":0,"event_name":"World of Goop","floor":13,"gold_loss":0},{"damage_healed":0,"gold_gain":0,"player_choice":"Read","damage_taken":0,"max_hp_gain":0,"max_hp_loss":0,"event_name":"The Library","floor":19,"gold_loss":0,"cards_obtained":["Escape Plan"]},{"damage_healed":0,"gold_gain":0,"player_choice":"Opened","damage_taken":0,"relics_obtained":["Meat on the Bone"],"max_hp_gain":0,"max_hp_loss":0,"event_name":"The Mausoleum","floor":29,"gold_loss":0},{"damage_healed":0,"gold_gain":0,"player_choice":"Inject Mutagens","damage_taken":0,"relics_obtained":["MutagenicStrength"],"max_hp_gain":0,"max_hp_loss":0,"event_name":"Drug Dealer","floor":30,"gold_loss":0}],"is_beta":false,"boss_relics":[{"not_picked":["Black Star","Astrolabe"],"picked":"Philosopher\u0027s Stone"}],"items_purged_floors":[20],"is_endless":false,"potions_floor_spawned":[1,14,18,21],"killed_by":"Automaton","ascension_level":0}