{"gold_per_floor":[109,109,109,179,199,230,230,265,265,41,56,56,76,103,103,175,175,189,114,132,0,50,50,50,67,67,67],"floor_reached":27,"playtime":1907,"items_purged":["Strike_B"],"score":458,"play_id":"61529dd7-1fb5-4254-8f03-562cea4f8398","local_time":"20190116204351","is_ascension_mode":true,"campfire_choices":[{"floor":7.0,"key":"REST"},{"floor":12.0,"key":"REST"},{"floor":15.0,"key":"REST"},{"floor":24,"key":"REST"}],"neow_cost":"NONE","seed_source_timestamp":546535490216959,"circlet_count":0,"master_deck":["AscendersBane","Strike_B","Strike_B+1","Strike_B","Defend_B","Defend_B","Defend_B","Defend_B","Zap+1","Dualcast","Doom and Gloom+1","Reinforced Body","Consume","Coolheaded","Recycle","Echo Form","Redo","Steam"],"special_seed":0,"relics":["Cracked Core","Matryoshka","DataDisk","Bag of Preparation","Lantern","Mercury Hourglass","Blood Vial","Letter Opener","Inserter","Bottled Flame","Dead Branch"],"potions_floor_usage":[23],"damage_taken":[{"damage":9.0,"enemies":"Jaw Worm","floor":1.0,"turns":4.0},{"damage":4.0,"enemies":"2 Louse","floor":5.0,"turns":2.0},{"damage":20.0,"enemies":"Lagavulin","floor":6.0,"turns":5.0},{"damage":32.0,"enemies":"Gremlin Nob","floor":8.0,"turns":4.0},{"damage":0.0,"enemies":"Cultist","floor":11.0,"turns":2.0},{"damage":3.0,"enemies":"Blue Slaver","floor":13.0,"turns":4.0},{"damage":15.0,"enemies":"Lagavulin","floor":14.0,"turns":6.0},{"damage":24.0,"enemies":"The Guardian","floor":16.0,"turns":9.0},{"damage":45.0,"enemies":"2 Thieves","floor":18.0,"turns":4.0},{"damage":6.0,"enemies":"Spheric Guardian","floor":20.0,"turns":4.0},{"damage":14,"enemies":"Colosseum Slavers","floor":23,"turns":3},{"damage":16,"enemies":"Centurion and Healer","floor":25,"turns":8},{"damage":19,"enemies":"Slavers","floor":27,"turns":1}],"seed_played":"-4166836364915599807","potions_obtained":[{"floor":6.0,"key":"PowerPotion"},{"floor":8.0,"key":"Fire Potion"},{"floor":18.0,"key":"EssenceOfSteel"}],"is_trial":false,"path_per_floor":["M","?","?","T","M","E","R","E","T","$","M","R","M","E","R","B",null,"M","$","M","?","?","?","R","M","T","E"],"character_chosen":"DEFECT","items_purchased":["Blood Vial","PowerPotion"],"campfire_rested":4,"item_purchase_floors":[10,10],"current_hp_per_floor":[62,62,39,39,35,15,38,6,6,6,8,31,30,17,40,18,63,20,20,16,16,16,4,27,13,13,0],"gold":67,"neow_bonus":"TEN_PERCENT_HP_BONUS","is_prod":false,"is_daily":false,"chose_seed":false,"campfire_upgraded":0,"win_rate":0,"timestamp":1547667831,"path_taken":["M","?","?","?","M","E","R","E","T","$","M","R","?","E","R","BOSS","M","$","M","?","?","?","R","M","T","E"],"build_version":"2019-01-10","purchased_purges":1,"victory":false,"max_hp_per_floor":[78,78,78,78,78,78,78,78,78,78,78,78,78,78,78,78,78,78,78,78,78,78,78,78,78,78,78],"card_choices":[{"not_picked":["Gash","Cold Snap"],"picked":"Doom and Gloom","floor":1.0},{"not_picked":["Heatsinks","Sweeping Beam"],"picked":"Reinforced Body","floor":5.0},{"not_picked":["Recycle","Undo"],"picked":"Consume","floor":6.0},{"not_picked":["Storm","Fusion","Reprogram"],"picked":"SKIP","floor":8.0},{"not_picked":["Force Field","FTL"],"picked":"Coolheaded","floor":11.0},{"not_picked":["Go for the Eyes","Coolheaded"],"picked":"Recycle","floor":13.0},{"not_picked":["Go for the Eyes","Hologram","Streamline"],"picked":"SKIP","floor":14.0},{"not_picked":["All For One","Seek"],"picked":"Echo Form","floor":16.0},{"not_picked":["Sweeping Beam","Streamline"],"picked":"Redo","floor":18.0},{"not_picked":["Streamline","White Noise"],"picked":"Steam","floor":20.0},{"not_picked":["Compile Driver","Stack","Redo"],"picked":"SKIP","floor":25}],"player_experience":448238,"relics_obtained":[{"floor":4.0,"key":"Matryoshka"},{"floor":6.0,"key":"DataDisk"},{"floor":8.0,"key":"Bag of Preparation"},{"floor":9.0,"key":"Lantern"},{"floor":9.0,"key":"Mercury Hourglass"},{"floor":14.0,"key":"Letter Opener"},{"floor":26,"key":"Bottled Flame"},{"floor":26,"key":"Dead Branch"}],"event_choices":[{"damage_healed":0.0,"max_hp_gain":0.0,"max_hp_loss":0.0,"gold_gain":0.0,"event_name":"Living Wall","player_choice":"Grow","floor":2.0,"gold_loss":0.0,"damage_taken":0.0,"cards_upgraded":["Doom and Gloom"]},{"damage_healed":0.0,"max_hp_gain":0.0,"max_hp_loss":0.0,"gold_gain":0.0,"event_name":"Shining Light","player_choice":"Entered Light","floor":3.0,"gold_loss":0.0,"damage_taken":23.0,"cards_upgraded":["Strike_B","Zap"]},{"damage_healed":0,"gold_gain":0,"player_choice":"Paid Fearfully","damage_taken":0,"max_hp_gain":0,"max_hp_loss":0,"event_name":"Masked Bandits","floor":21,"gold_loss":132},{"damage_healed":0,"gold_gain":50,"player_choice":"Stole From Cult","damage_taken":0,"max_hp_gain":0,"max_hp_loss":0,"event_name":"Nest","floor":22,"gold_loss":0},{"damage_healed":0,"gold_gain":0,"player_choice":"Fight","damage_taken":0,"max_hp_gain":0,"max_hp_loss":0,"event_name":"Colosseum","floor":23,"gold_loss":0},{"damage_healed":0,"gold_gain":0,"player_choice":"Fled From Nobs","damage_taken":0,"max_hp_gain":0,"max_hp_loss":0,"event_name":"Colosseum","floor":23,"gold_loss":0}],"is_beta":false,"boss_relics":[{"not_picked":["FrozenCore","Coffee Dripper"],"picked":"Inserter"}],"items_purged_floors":[19],"is_endless":false,"potions_floor_spawned":[6,8,11,14,18,23],"killed_by":"Slavers","ascension_level":20}