{"path_per_floor":["M","?","?","$","?","R","M","R","T","R","M","?","?","?","R","B",null,"M","$","M","?","$","E","R","M","T","R","?","T","M","M","R","B",null,"M","?","M","?","M","R","M","M","T","R","?","R","?","M","R","B"],"character_chosen":"IRONCLAD","items_purchased":["Cleave","Evolve","Toxic Egg 2"],"gold_per_floor":[119,119,119,32,32,32,47,47,73,73,92,167,167,167,167,272,272,272,30,30,30,30,30,30,30,30,30,30,30,30,30,30,30,30,30,0,0,0,0,0,0,0,0,0,0,0,0,0,0,0],"floor_reached":51,"campfire_rested":1,"playtime":2193,"current_hp_per_floor":[79,79,67,67,67,67,61,61,61,61,66,55,48,48,48,17,80,80,80,62,62,62,62,62,48,48,48,48,48,52,60,60,44,80,80,80,78,78,80,80,76,77,77,77,77,77,67,77,80,80],"items_purged":[],"gold":0,"score":657,"play_id":"286723e7-c3c3-4a19-ac13-36a9deac05ca","is_prod":false,"is_daily":false,"is_ascension_mode":true,"campfire_upgraded":10,"path_taken":["M","?","?","$","?","R","M","R","T","R","M","?","?","?","R","BOSS","M","?","M","?","$","E","R","M","T","R","?","?","M","M","R","BOSS","M","?","M","?","M","R","M","M","T","R","?","R","?","M","R","BOSS"],"build_version":"2018-02-12-PROD1","purchased_purges":0,"victory":true,"master_deck":["Strike_R","Strike_R","Defend_R","Defend_R","Defend_R","Bash+1","Body Slam+1","Body Slam+1","Cleave+1","Evolve+1","Demon Form+1","Disarm+1","Impervious+1","Shockwave+1","Shrug It Off+1","Shrug It Off+1","Shrug It Off+1","Impervious+1","Shrug It Off+1","Reaper+1","Shrug It Off+1","Madness+1","Madness+1"],"max_hp_per_floor":[80,80,80,80,80,80,80,80,80,80,80,80,80,80,80,80,80,80,80,80,80,80,80,80,80,80,80,80,80,80,80,80,80,80,80,80,80,80,80,80,80,80,80,80,80,80,80,80,80,80],"relics":["Burning Blood","Juzu Bracelet","Pen Nib","Bronze Scales","Ectoplasm","Toxic Egg 2","Old Coin","Bird Faced Urn","Bottled Lightning","Runic Dome","Red Mask","Champion Belt","Sundial"],"card_choices":[{"not_picked":["Pummel","Headbutt"],"picked":"Body Slam"},{"not_picked":["Seeing Red","Second Wind"],"picked":"Demon Form"},{"not_picked":["Havoc","Flex"],"picked":"Disarm"},{"not_picked":["Brutality","Berserk"],"picked":"Impervious"},{"not_picked":["Second Wind","Carnage"],"picked":"Shockwave"},{"not_picked":["Sever Soul","Iron Wave"],"picked":"Shrug It Off"},{"not_picked":["Body Slam","Sword Boomerang"],"picked":"Shrug It Off"},{"not_picked":["Perfected Strike","Heavy Blade"],"picked":"Shrug It Off"},{"not_picked":["Juggernaut","Double Tap"],"picked":"Reaper"},{"not_picked":["Berserk","Wild Strike"],"picked":"Shrug It Off"}],"player_experience":115363,"potions_floor_usage":[16,33,33,33,37,50,50],"damage_taken":[{"damage":7,"enemies":"2 Louse","floor":1,"turns":4},{"damage":12,"enemies":"Jaw Worm","floor":7,"turns":5},{"damage":1,"enemies":"Cultist","floor":11,"turns":3},{"damage":37,"enemies":"The Guardian","floor":16,"turns":8},{"damage":6,"enemies":"Spheric Guardian","floor":18,"turns":3},{"damage":24,"enemies":"Shell Parasite","floor":20,"turns":5},{"damage":6,"enemies":"Gremlin Leader","floor":23,"turns":5},{"damage":20,"enemies":"Centurion and Healer","floor":25,"turns":4},{"damage":6,"enemies":"Snecko","floor":30,"turns":5},{"damage":0,"enemies":"Slaver and Parasite","floor":31,"turns":5},{"damage":26,"enemies":"Automaton","floor":33,"turns":11},{"damage":0,"enemies":"Orb Walker","floor":35,"turns":3},{"damage":12,"enemies":"3 Darklings","floor":37,"turns":4},{"damage":12,"enemies":"Mysterious Sphere","floor":38,"turns":6},{"damage":0,"enemies":"Maw","floor":39,"turns":7},{"damage":14,"enemies":"Sphere and 2 Shapes","floor":41,"turns":6},{"damage":9,"enemies":"3 Darklings","floor":42,"turns":5},{"damage":13,"enemies":"4 Shapes","floor":48,"turns":6},{"damage":0,"enemies":"Awakened One","floor":50,"turns":8}],"event_choices":[{"event_name":"Living Wall","player_choice":"Change","floor":2,"damage_taken":0},{"event_name":"Scrap Ooze","player_choice":"success","floor":3,"damage_taken":12},{"event_name":"The Cleric","player_choice":"Leave","floor":5,"damage_taken":0},{"event_name":"World of Goop","player_choice":"Gather Gold","floor":12,"damage_taken":0},{"event_name":"Golden Wing","player_choice":"Card Removal","floor":13,"damage_taken":0},{"event_name":"Purifier","player_choice":"One Purge","floor":14,"damage_taken":0},{"event_name":"The Library","player_choice":"Read","floor":21,"damage_taken":0},{"event_name":"Duplicator","player_choice":"One dupe","floor":28,"damage_taken":0},{"event_name":"Tomb of Lord Red Mask","player_choice":"Paid","floor":36,"damage_taken":0},{"event_name":"Mysterious Sphere","player_choice":"Fight","floor":38,"damage_taken":0},{"event_name":"Winding Halls","player_choice":"Embrace Madness","floor":47,"damage_taken":0}],"boss_relics":[{"not_picked":["Orrery","Calling Bell"],"picked":"Ectoplasm"},{"not_picked":["Question Card","White Beast Statue"],"picked":"Runic Dome"}],"potions_floor_spawned":[1,25,30,31,33,35,48],"seed_played":"7254195003915083092","ascension_level":2,"is_trial":false}