{"gold_per_floor":[114,114,114,129,146,173,64,98,150,113,128,128,146,146,146,251,251,251,251,41,41,41,41,41,41],"floor_reached":25,"playtime":2483,"items_purged":["Defend_G"],"score":231,"play_id":"2bebb9d7-7ef8-4740-a46d-b98e54004c3d","local_time":"20180723214828","is_ascension_mode":false,"campfire_choices":[{"floor":12,"key":"REST"},{"floor":15,"key":"REST"},{"floor":24,"key":"REST"}],"neow_cost":"TEN_PERCENT_HP_LOSS","seed_source_timestamp":1011294820922231,"circlet_count":0,"master_deck":["Defend_G+1","Defend_G+1","Strike_G+1","Strike_G+1","Strike_G+1","Strike_G+1","Strike_G+1","Survivor","Neutralize","Dagger Throw","Slice","Footwork","Escape Plan","Escape Plan+1","After Image","Tactician","Underhanded Strike","Prepared","Acrobatics"],"relics":["Ring of the Snake","Matryoshka","Blood Vial","Bottled Lightning","Darkstone Periapt","Omamori","Ectoplasm","Lantern","Pantograph"],"potions_floor_usage":[5,6,6,13,16,19],"damage_taken":[{"damage":0,"enemies":"Jaw Worm","floor":1,"turns":3},{"damage":0,"enemies":"2 Louse","floor":4,"turns":2},{"damage":5,"enemies":"Small Slimes","floor":5,"turns":3},{"damage":4,"enemies":"3 Sentries","floor":6,"turns":5},{"damage":29,"enemies":"Gremlin Nob","floor":8,"turns":5},{"damage":0,"enemies":"Looter","floor":11,"turns":4},{"damage":0,"enemies":"Red Slaver","floor":13,"turns":3},{"damage":32,"enemies":"The Guardian","floor":16,"turns":17},{"damage":8,"enemies":"Shell Parasite","floor":18,"turns":7},{"damage":0,"enemies":"3 Byrds","floor":19,"turns":6},{"damage":47,"enemies":"Snake Plant","floor":21,"turns":9},{"damage":13,"enemies":"Book of Stabbing","floor":23,"turns":7},{"damage":23,"enemies":"Chosen and Byrds","floor":25,"turns":6}],"seed_played":"-5055095785897682213","potions_obtained":[{"floor":1,"key":"Dexterity Potion"},{"floor":3,"key":"EssenceOfSteel"},{"floor":3,"key":"EssenceOfSteel"},{"floor":3,"key":"Swift Potion"},{"floor":4,"key":"PowerPotion"},{"floor":5,"key":"Explosive Potion"},{"floor":13,"key":"Fire Potion"},{"floor":16,"key":"PowerPotion"},{"floor":23,"key":"Fire Potion"}],"is_trial":false,"path_per_floor":["M","?","?","M","M","E","$","E","T","?","M","R","M","?","R","B",null,"M","M","$","M","?","E","R"],"character_chosen":"THE_SILENT","items_purchased":["Footwork","Prepared","Lantern"],"campfire_rested":3,"item_purchase_floors":[7,20,20],"current_hp_per_floor":[63,45,45,45,40,36,36,9,9,9,11,29,31,18,36,6,63,55,57,57,12,12,1,19,0],"gold":41,"neow_bonus":"REMOVE_TWO","is_prod":false,"is_daily":false,"chose_seed":false,"campfire_upgraded":0,"win_rate":1,"timestamp":1532346508,"path_taken":["M","?","?","M","M","E","?","E","T","?","?","R","M","?","R","BOSS","M","M","?","M","?","E","R","M"],"build_version":"2018-07-19v2","purchased_purges":1,"victory":false,"max_hp_per_floor":[63,63,63,63,63,63,63,63,63,63,63,63,63,63,63,63,63,63,63,63,63,63,63,63,63],"card_choices":[{"not_picked":["Masterful Stab","Backflip"],"picked":"Dagger Throw","floor":1},{"not_picked":["Backflip","Deadly Poison"],"picked":"Slice","floor":4},{"not_picked":["Flying Knee","Catalyst","Deadly Poison"],"picked":"SKIP","floor":5},{"not_picked":["Predator","Bullet Time","Bane"],"picked":"SKIP","floor":6},{"not_picked":["Bane","Eviscerate"],"picked":"Escape Plan","floor":8},{"not_picked":["Deflect","Dagger Spray","Calculated Gamble"],"picked":"SKIP","floor":11},{"not_picked":["Predator","Dagger Spray"],"picked":"Escape Plan","floor":13},{"not_picked":["Die Die Die","Burst"],"picked":"After Image","floor":16},{"not_picked":["Backflip","Leg Sweep"],"picked":"Tactician","floor":18},{"not_picked":["Flying Knee","Bane"],"picked":"Underhanded Strike","floor":19},{"not_picked":["Flechettes+1","Deflect","Bane"],"picked":"SKIP","floor":21},{"not_picked":["All Out Attack","Backflip+1"],"picked":"Acrobatics","floor":23}],"player_experience":33288,"relics_obtained":[{"floor":6,"key":"Blood Vial"},{"floor":8,"key":"Bottled Lightning"},{"floor":9,"key":"Darkstone Periapt"},{"floor":9,"key":"Omamori"},{"floor":23,"key":"Pantograph"}],"event_choices":[{"event_name":"Scrap Ooze","player_choice":"success","floor":2,"damage_taken":18},{"event_name":"The Lab","player_choice":"Got Potions","floor":3,"damage_taken":0},{"event_name":"World of Goop","player_choice":"Left","floor":10,"damage_taken":0},{"event_name":"Shining Light","player_choice":"Entered Light","floor":14,"damage_taken":0},{"event_name":"Back to Basics","player_choice":"Simplicity","floor":22,"damage_taken":0}],"is_beta":false,"boss_relics":[{"not_picked":["Busted Crown","Runic Pyramid"],"picked":"Ectoplasm"}],"items_purged_floors":[7],"is_endless":false,"potions_floor_spawned":[1,4,5,13,16,23],"killed_by":"Chosen and Byrds","ascension_level":0}