{"gold_per_floor":[368,384,384,401,151,186,186,186,212,232,232,245,274,293,293,394,394,412,327,346,44,144,144,158,158,181,181,196,196,225,225,225,322,322,340,112,127,127,127,139,161,173,185,228,259,282,294,324,336,348],"floor_reached":51,"playtime":3100,"items_purged":["Writhe"],"score":756,"play_id":"aae72b8e-1645-4672-9347-fe99681284ae","local_time":"20190324015009","is_ascension_mode":true,"campfire_choices":[{"data":"Shrug It Off","floor":7,"key":"SMITH"},{"data":"Inflame","floor":11,"key":"SMITH"},{"data":"Armaments","floor":15,"key":"SMITH"},{"data":"Demon Form","floor":23,"key":"SMITH"},{"data":"Rage","floor":25,"key":"SMITH"},{"data":"1","floor":27,"key":"LIFT"},{"data":"Warcry","floor":29,"key":"SMITH"},{"floor":32,"key":"REST"},{"data":"Limit Break","floor":40,"key":"SMITH"},{"data":"2","floor":42,"key":"LIFT"},{"data":"Demon Form","floor":47,"key":"SMITH"},{"data":"3","floor":49,"key":"LIFT"}],"neow_cost":"PERCENT_DAMAGE","seed_source_timestamp":355981257747305,"circlet_count":0,"master_deck":["Strike_R","Strike_R","Strike_R","Strike_R","Defend_R","Defend_R","Defend_R+1","Defend_R","Bash","Rage+1","Metallicize+1","Disarm+1","Shrug It Off+1","Flame Barrier","Inflame+1","Shrug It Off","Armaments+1","Disarm","Demon Form+1","Heavy Blade+1","Shrug It Off","Thunderclap","Warcry+1","Reaper","Limit Break+1","Headbutt+1","Demon Form+1","Inflame+1","Flame Barrier+1"],"relics":["Burning Blood","Sling","Blood Vial","Red Skull","Odd Mushroom","Philosopher\u0027s Stone","Sundial","Anchor","PreservedInsect","Girya","Shuriken","Ancient Tea Set","Nunchaku","FossilizedHelix","Mark of Pain","War Paint","MawBank","Lantern","Potion Belt"],"potions_floor_usage":[16,18,33,33,33,50,50,50,50],"damage_taken":[{"damage":6,"enemies":"2 Louse","floor":1,"turns":3},{"damage":5,"enemies":"Cultist","floor":2,"turns":5},{"damage":0,"enemies":"Small Slimes","floor":4,"turns":3},{"damage":24,"enemies":"Lagavulin","floor":6,"turns":9},{"damage":6,"enemies":"Exordium Wildlife","floor":10,"turns":9},{"damage":11,"enemies":"Looter","floor":12,"turns":4},{"damage":10,"enemies":"The Mushroom Lair","floor":13,"turns":6},{"damage":10,"enemies":"3 Louse","floor":14,"turns":4},{"damage":8,"enemies":"The Guardian","floor":16,"turns":11},{"damage":25,"enemies":"3 Byrds","floor":18,"turns":4},{"damage":18,"enemies":"Spheric Guardian","floor":20,"turns":6},{"damage":7,"enemies":"Colosseum Slavers","floor":22,"turns":7},{"damage":12,"enemies":"Colosseum Nobs","floor":22,"turns":5},{"damage":0,"enemies":"Centurion and Healer","floor":24,"turns":7},{"damage":42,"enemies":"Sentry and Sphere","floor":28,"turns":7},{"damage":1,"enemies":"Slavers","floor":30,"turns":4},{"damage":46,"enemies":"Collector","floor":33,"turns":10},{"damage":60,"enemies":"3 Shapes","floor":35,"turns":8},{"damage":3,"enemies":"Orb Walker","floor":37,"turns":5},{"damage":11,"enemies":"Jaw Worm Horde","floor":41,"turns":5},{"damage":31,"enemies":"Reptomancer","floor":44,"turns":6},{"damage":2,"enemies":"Transient","floor":45,"turns":5},{"damage":46,"enemies":"Sphere and 2 Shapes","floor":46,"turns":9},{"damage":29,"enemies":"Maw","floor":48,"turns":10},{"damage":48,"enemies":"Donu and Deca","floor":50,"turns":7}],"seed_played":"437119251692334115","potions_obtained":[{"floor":1,"key":"SpeedPotion"},{"floor":6,"key":"EssenceOfSteel"},{"floor":10,"key":"GamblersBrew"},{"floor":16,"key":"LiquidBronze"},{"floor":28,"key":"EssenceOfSteel"},{"floor":33,"key":"LiquidBronze"},{"floor":41,"key":"EssenceOfSteel"},{"floor":44,"key":"Fire Potion"},{"floor":45,"key":"Strength Potion"},{"floor":48,"key":"SkillPotion"}],"is_trial":false,"path_per_floor":["M","M","?","M","$","E","R","?","T","M","R","M","?","M","R","B",null,"M","?","M","$","?","R","M","R","T","R","M","R","E","?","R","B",null,"M","$","M","?","T","R","M","R","T","E","M","M","R","M","R","B",null],"character_chosen":"IRONCLAD","items_purchased":["Shrug It Off","Sling","Anchor","PreservedInsect","War Paint"],"campfire_rested":1,"item_purchase_floors":[5,5,21,21,36],"current_hp_per_floor":[56,57,57,63,63,45,45,45,45,47,47,44,42,40,40,40,80,61,61,51,51,48,48,56,56,56,56,22,22,29,29,53,15,80,80,80,80,76,76,76,71,71,71,75,76,76,76,76,76,34],"gold":360,"neow_bonus":"TWO_FIFTY_GOLD","is_prod":false,"is_daily":false,"chose_seed":false,"campfire_upgraded":8,"win_rate":0,"timestamp":1553410209,"path_taken":["M","M","?","M","?","E","R","?","T","?","R","M","?","M","R","BOSS","M","?","M","$","?","R","M","R","T","R","M","R","E","?","R","BOSS","M","$","M","?","?","R","M","R","T","E","?","M","R","M","R","BOSS"],"build_version":"2019-01-23","purchased_purges":1,"victory":true,"max_hp_per_floor":[80,80,80,80,80,80,80,80,80,80,80,80,80,80,80,80,80,80,80,80,80,80,80,80,80,80,80,80,80,80,80,80,80,80,80,80,80,76,76,76,76,76,76,76,76,76,76,76,76,76],"card_choices":[{"not_picked":["Body Slam","Perfected Strike"],"picked":"Rage","floor":1},{"not_picked":["Infernal Blade","Wild Strike"],"picked":"Metallicize","floor":2},{"not_picked":["Iron Wave","Anger"],"picked":"Disarm","floor":4},{"not_picked":["Warcry","Inflame"],"picked":"Flame Barrier","floor":6},{"not_picked":["Combust","Armaments"],"picked":"Inflame","floor":10},{"not_picked":["True Grit","Infernal Blade"],"picked":"Shrug It Off","floor":12},{"not_picked":["Anger","Sword Boomerang"],"picked":"Armaments","floor":13},{"not_picked":["Clothesline","Pummel"],"picked":"Disarm","floor":14},{"not_picked":["Bludgeon","Juggernaut"],"picked":"Demon Form","floor":16},{"not_picked":["Rage","Pommel Strike"],"picked":"Heavy Blade+1","floor":18},{"not_picked":["Entrench+1","Sword Boomerang"],"picked":"Shrug It Off","floor":20},{"not_picked":["Pummel","Power Through"],"picked":"Thunderclap","floor":24},{"not_picked":["Shrug It Off","Fiend Fire"],"picked":"Warcry","floor":28},{"not_picked":["Burning Pact+1","Sword Boomerang"],"picked":"Reaper","floor":30},{"not_picked":["Reaper","Berserk"],"picked":"Limit Break","floor":33},{"not_picked":["Wild Strike","Body Slam","Cleave"],"picked":"SKIP","floor":35},{"not_picked":["Shrug It Off","True Grit","Iron Wave"],"picked":"SKIP","floor":37},{"not_picked":["Armaments+1","Metallicize"],"picked":"Headbutt+1","floor":41},{"not_picked":["Wild Strike+1","Clash"],"picked":"Demon Form","floor":44},{"not_picked":["Flame Barrier","Hemokinesis","Body Slam"],"picked":"SKIP","floor":45},{"not_picked":["Pommel Strike","Sever Soul+1"],"picked":"Inflame+1","floor":46},{"not_picked":["Body Slam","Seeing Red"],"picked":"Flame Barrier+1","floor":48}],"player_experience":118360,"relics_obtained":[{"floor":6,"key":"Blood Vial"},{"floor":9,"key":"Red Skull"},{"floor":13,"key":"Odd Mushroom"},{"floor":22,"key":"Girya"},{"floor":22,"key":"Shuriken"},{"floor":26,"key":"Ancient Tea Set"},{"floor":30,"key":"Nunchaku"},{"floor":39,"key":"MawBank"},{"floor":43,"key":"Lantern"},{"floor":44,"key":"Potion Belt"}],"event_choices":[{"cards_removed":["Strike_R"],"damage_healed":0,"gold_gain":0,"player_choice":"Offered Basic","damage_taken":0,"max_hp_gain":0,"max_hp_loss":0,"event_name":"Bonfire Elementals","floor":3,"gold_loss":0},{"damage_healed":0,"gold_gain":0,"player_choice":"Grow","damage_taken":0,"max_hp_gain":0,"max_hp_loss":0,"event_name":"Living Wall","floor":8,"gold_loss":0,"cards_upgraded":["Metallicize"]},{"damage_healed":0,"gold_gain":0,"player_choice":"Fought Mushrooms","damage_taken":0,"max_hp_gain":0,"max_hp_loss":0,"event_name":"Mushrooms","floor":13,"gold_loss":0},{"damage_healed":0,"gold_gain":0,"player_choice":"Obtained Relic","damage_taken":0,"relics_obtained":["Sundial"],"max_hp_gain":0,"max_hp_loss":0,"event_name":"Addict","floor":19,"gold_loss":85},{"damage_healed":0,"gold_gain":0,"player_choice":"Fight","damage_taken":0,"max_hp_gain":0,"max_hp_loss":0,"event_name":"Colosseum","floor":22,"gold_loss":0},{"damage_healed":0,"gold_gain":0,"player_choice":"Fought Nobs","damage_taken":0,"max_hp_gain":0,"max_hp_loss":0,"event_name":"Colosseum","floor":22,"gold_loss":0},{"damage_healed":0,"gold_gain":0,"player_choice":"Opened","damage_taken":0,"relics_obtained":["FossilizedHelix"],"max_hp_gain":0,"max_hp_loss":0,"event_name":"The Mausoleum","floor":31,"gold_loss":0,"cards_obtained":["Writhe"]},{"damage_healed":0,"gold_gain":0,"player_choice":"Max HP","damage_taken":0,"max_hp_gain":0,"max_hp_loss":4,"event_name":"Winding Halls","floor":38,"gold_loss":0}],"is_beta":false,"boss_relics":[{"not_picked":["Fusion Hammer","Ectoplasm"],"picked":"Philosopher\u0027s Stone"},{"not_picked":["Eternal Feather","Lizard Tail"],"picked":"Mark of Pain"}],"items_purged_floors":[36],"is_endless":false,"potions_floor_spawned":[1,6,10,16,22,28,33,41,44,45,48],"ascension_level":1}