{"gold_per_floor":[113,113,133,83,103,103,103,103,103,103,120,120,131,194,194,296,296,306,231,13,27,126,126,139,139,220,232,247,247,259,269,269,369,369,388,407,462,34,50,76,76,76,76,91,103,115,130,62,62,62],"floor_reached":50,"playtime":12243,"items_purged":["Regret"],"score":543,"play_id":"9017fae9-83f0-42e4-88b3-48df596dc6bb","local_time":"20181224191511","is_ascension_mode":false,"campfire_choices":[{"data":"Coolheaded","floor":6,"key":"SMITH"},{"data":"Loop","floor":8,"key":"SMITH"},{"data":"Zap","floor":10,"key":"SMITH"},{"floor":15,"key":"REST"},{"data":"Defragment","floor":23,"key":"SMITH"},{"data":"Machine Learning","floor":29,"key":"SMITH"},{"floor":32,"key":"REST"},{"floor":42,"key":"REST"},{"floor":49,"key":"REST"}],"neow_cost":"NONE","seed_source_timestamp":315528819794913,"circlet_count":0,"master_deck":["Strike_B","Strike_B","Defend_B","Defend_B","Zap+1","Dualcast","Sweeping Beam","Coolheaded+1","Loop+1","Ball Lightning","Machine Learning+1","Electrodynamics","Conserve Battery","Defragment+1","Hello World","Conserve Battery","Writhe","Conserve Battery+1","Steam Power+1","Coolheaded+1","Multi-Cast+1","Coolheaded+1","Shame","Forethought+1","Coolheaded+1","Undo+1","Doubt","Recycle+1","Coolheaded+1","Melter+1","Self Repair","Self Repair"],"relics":["Cracked Core","Darkstone Periapt","Matryoshka","Anchor","Cursed Key","PreservedInsect","Strawberry","Question Card","Ancient Tea Set","Toxic Egg 2","Nuclear Battery","Boot","Mercury Hourglass","Ornamental Fan","Lantern"],"potions_floor_usage":[14,18,33,33,50,50,50],"damage_taken":[{"damage":2,"enemies":"Small Slimes","floor":1,"turns":4},{"damage":0,"enemies":"2 Louse","floor":3,"turns":1},{"damage":0,"enemies":"Cultist","floor":5,"turns":3},{"damage":4,"enemies":"2 Fungi Beasts","floor":11,"turns":3},{"damage":1,"enemies":"Exordium Wildlife","floor":13,"turns":4},{"damage":16,"enemies":"3 Sentries","floor":14,"turns":4},{"damage":55,"enemies":"Hexaghost","floor":16,"turns":9},{"damage":13,"enemies":"Shell Parasite","floor":18,"turns":3},{"damage":2,"enemies":"3 Byrds","floor":21,"turns":4},{"damage":6,"enemies":"Sentry and Sphere","floor":24,"turns":4},{"damage":0,"enemies":"Cultist and Chosen","floor":27,"turns":3},{"damage":0,"enemies":"3 Cultists","floor":28,"turns":3},{"damage":5,"enemies":"Centurion and Healer","floor":30,"turns":4},{"damage":24,"enemies":"Snake Plant","floor":31,"turns":4},{"damage":29,"enemies":"Champ","floor":33,"turns":12},{"damage":10,"enemies":"3 Shapes","floor":35,"turns":5},{"damage":0,"enemies":"Orb Walker","floor":36,"turns":3},{"damage":16,"enemies":"3 Darklings","floor":39,"turns":2},{"damage":17,"enemies":"Giant Head","floor":40,"turns":8},{"damage":35,"enemies":"Jaw Worm Horde","floor":44,"turns":4},{"damage":0,"enemies":"4 Shapes","floor":45,"turns":4},{"damage":11,"enemies":"Maw","floor":46,"turns":8},{"damage":0,"enemies":"Sphere and 2 Shapes","floor":47,"turns":3},{"damage":83,"enemies":"Awakened One","floor":50,"turns":22}],"seed_played":"562054031552915049","potions_obtained":[{"floor":5,"key":"Energy Potion"},{"floor":11,"key":"Ancient Potion"},{"floor":13,"key":"AttackPotion"},{"floor":16,"key":"Ancient Potion"},{"floor":21,"key":"Weak Potion"},{"floor":33,"key":"EssenceOfSteel"},{"floor":36,"key":"SpeedPotion"},{"floor":39,"key":"AttackPotion"},{"floor":44,"key":"Block Potion"}],"is_trial":false,"path_per_floor":["M","?","M","?","M","R","$","R","T","R","M","?","M","?","R","B",null,"M","?","$","M","?","R","M","T","T","M","M","R","M","M","R","B",null,"M","M","T","$","M","E","?","R","T","M","M","M","M","$","R","B"],"character_chosen":"DEFECT","items_purchased":["Defragment","PreservedInsect","Forethought+1","Mercury Hourglass","Self Repair"],"campfire_rested":4,"item_purchase_floors":[20,20,38,38,48],"current_hp_per_floor":[73,61,61,61,61,61,61,61,61,61,57,57,56,40,62,7,75,62,62,62,60,60,60,54,67,73,73,73,73,68,44,72,43,94,84,84,90,90,74,57,57,87,93,58,58,47,47,47,78,0],"gold":62,"neow_bonus":"REMOVE_CARD","is_prod":false,"is_daily":false,"chose_seed":false,"campfire_upgraded":5,"win_rate":0,"timestamp":1545707711,"path_taken":["M","?","M","?","M","R","$","R","T","R","M","?","?","?","R","BOSS","M","?","$","M","?","R","M","?","T","M","?","R","M","M","R","BOSS","M","M","?","$","M","E","?","R","T","M","M","M","?","$","R","BOSS"],"build_version":"2018-12-20","purchased_purges":1,"victory":false,"max_hp_per_floor":[75,75,75,75,75,75,75,75,75,75,75,75,75,75,75,75,75,75,75,75,75,75,75,75,88,94,94,94,94,94,94,94,94,94,94,94,100,100,100,100,100,100,106,106,106,106,106,106,106,106],"card_choices":[{"not_picked":["Cold Snap","Stack"],"picked":"Sweeping Beam","floor":1},{"not_picked":["Static Discharge","Beam Cell"],"picked":"Coolheaded","floor":3},{"not_picked":["Streamline","Darkness"],"picked":"Loop","floor":5},{"not_picked":["Sweeping Beam","Blizzard","Auto Shields"],"picked":"SKIP","floor":11},{"not_picked":["Go for the Eyes","Coolheaded"],"picked":"Ball Lightning","floor":13},{"not_picked":["Heatsinks","Barrage"],"picked":"Machine Learning","floor":14},{"not_picked":["Biased Cognition","Core Surge"],"picked":"Electrodynamics","floor":16},{"not_picked":["Rip and Tear","Streamline"],"picked":"Conserve Battery","floor":18},{"not_picked":["Hologram+1","Consume"],"picked":"Hello World","floor":21},{"not_picked":["Reprogram+1","Rebound+1"],"picked":"Conserve Battery","floor":24},{"not_picked":["Stack+1","Electrodynamics","Recycle+1"],"picked":"Conserve Battery+1","floor":27},{"not_picked":["Consume+1","Melter","Turbo+1","Rebound"],"picked":"SKIP","floor":28},{"not_picked":["Static Discharge","Force Field+1","Skim+1"],"picked":"Steam Power+1","floor":30},{"not_picked":["Steam+1","Leap+1","Chill+1"],"picked":"Coolheaded+1","floor":31},{"not_picked":["Machine Learning","Hyperbeam","Echo Form"],"picked":"Multi-Cast+1","floor":33},{"not_picked":["Streamline","Barrage","Rip and Tear+1","Go for the Eyes"],"picked":"SKIP","floor":35},{"not_picked":["Rebound+1","Fusion+1","Gash+1"],"picked":"Coolheaded+1","floor":36},{"not_picked":["Conserve Battery+1","Rip and Tear","Steam+1"],"picked":"Coolheaded+1","floor":39},{"not_picked":["Thunder Strike","Chaos+1","Consume+1"],"picked":"Undo+1","floor":40},{"not_picked":["Ball Lightning+1","Barrage","Rip and Tear"],"picked":"Recycle+1","floor":44},{"not_picked":["Leap+1","Steam Power+1","Genetic Algorithm+1"],"picked":"Coolheaded+1","floor":45},{"not_picked":["Static Discharge+1","Darkness+1","Rip and Tear+1"],"picked":"Melter+1","floor":46},{"not_picked":["Double Energy+1","Tempest+1","Beam Cell+1"],"picked":"Self Repair","floor":47}],"player_experience":303041,"relics_obtained":[{"floor":9,"key":"Matryoshka"},{"floor":25,"key":"Strawberry"},{"floor":25,"key":"Question Card"},{"floor":26,"key":"Ancient Tea Set"},{"floor":26,"key":"Toxic Egg 2"},{"floor":37,"key":"Boot"},{"floor":40,"key":"Ornamental Fan"},{"floor":43,"key":"Lantern"}],"event_choices":[{"damage_healed":0,"gold_gain":0,"player_choice":"Success","damage_taken":12,"relics_obtained":["Darkstone Periapt"],"max_hp_gain":0,"max_hp_loss":0,"event_name":"Scrap Ooze","floor":2,"gold_loss":0},{"cards_removed":["Defend_B"],"damage_healed":0,"gold_gain":0,"player_choice":"Card Removal","damage_taken":0,"max_hp_gain":0,"max_hp_loss":0,"event_name":"The Cleric","floor":4,"gold_loss":50},{"cards_removed":["Strike_B"],"damage_healed":0,"gold_gain":0,"player_choice":"Purged","damage_taken":0,"max_hp_gain":0,"max_hp_loss":0,"event_name":"Purifier","floor":12,"gold_loss":0},{"damage_healed":0,"gold_gain":30,"player_choice":"Searched \u00273\u0027 times","damage_taken":0,"relics_obtained":["Anchor"],"max_hp_gain":0,"max_hp_loss":0,"event_name":"Dead Adventurer","floor":14,"gold_loss":0},{"cards_removed":["Defend_B"],"damage_healed":0,"gold_gain":0,"player_choice":"Gave Gold","damage_taken":0,"max_hp_gain":0,"max_hp_loss":0,"event_name":"Beggar","floor":19,"gold_loss":75},{"damage_healed":0,"gold_gain":99,"player_choice":"Stole From Cult","damage_taken":0,"max_hp_gain":0,"max_hp_loss":0,"event_name":"Nest","floor":22,"gold_loss":0},{"damage_healed":0,"gold_gain":0,"player_choice":"Bought 0 Potions","damage_taken":0,"max_hp_gain":0,"max_hp_loss":0,"event_name":"The Woman in Blue","floor":41,"gold_loss":0}],"is_beta":false,"boss_relics":[{"not_picked":["Sozu","Eternal Feather"],"picked":"Cursed Key"},{"not_picked":["Astrolabe","Velvet Choker"],"picked":"Nuclear Battery"}],"items_purged_floors":[38],"is_endless":false,"potions_floor_spawned":[5,11,13,16,21,27,31,33,36,39,44,46],"killed_by":"Awakened One","ascension_level":0}