{"gold_per_floor":[119,47,47,67,67,110,110,148,148,148,164,164,180,204,204,333,333,349,373,387,402,402,402,327,327,327,340,364,364,395,415,415,534,534,547,563,583,583,606,606,606,650,650,650,675,675,688,0,0,0],"floor_reached":51,"playtime":3049,"items_purged":["Defend_B"],"score":1054,"play_id":"bd948fb9-2d32-4123-ae9a-86af47108006","local_time":"20190421104532","is_ascension_mode":true,"campfire_choices":[{"data":"Defragment","floor":10,"key":"SMITH"},{"data":"Defragment","floor":12,"key":"SMITH"},{"floor":15,"key":"REST"},{"data":"Echo Form","floor":23,"key":"SMITH"},{"data":"Leap","floor":25,"key":"SMITH"},{"data":"Glacier","floor":29,"key":"SMITH"},{"data":"Capacitor","floor":32,"key":"SMITH"},{"floor":40,"key":"REST"},{"data":"Echo Form","floor":44,"key":"SMITH"},{"data":"Coolheaded","floor":46,"key":"SMITH"},{"data":"Go for the Eyes","floor":49,"key":"SMITH"}],"neow_cost":"NONE","seed_source_timestamp":226986281988892,"circlet_count":0,"master_deck":["AscendersBane","Strike_B","Strike_B","Defend_B","Defend_B","Defend_B","Zap","Dualcast","Go for the Eyes","Defragment+1","Streamline","Leap+1","Melter","Defragment+1","Coolheaded+1","Go for the Eyes+1","Core Surge","Self Repair","Cold Snap+1","Echo Form+1","Glacier+1","Capacitor+1","Force Field+1","Echo Form+1","Leap+1","Conserve Battery","Coolheaded","Madness","Madness","Capacitor","Barrage+1"],"relics":["Cracked Core","NeowsBlessing","Golden Idol","Meat on the Bone","Du-Vu Doll","Boot","Nuclear Battery","Kunai","Blood Vial","Sozu","Molten Egg 2","Mummified Hand","Red Mask"],"potions_floor_usage":[14,27,37,50,50],"damage_taken":[{"damage":0,"enemies":"Cultist","floor":1,"turns":1},{"damage":0,"enemies":"Jaw Worm","floor":4,"turns":1},{"damage":0,"enemies":"Lagavulin","floor":6,"turns":1},{"damage":31,"enemies":"3 Sentries","floor":8,"turns":6},{"damage":9,"enemies":"Small Slimes","floor":11,"turns":3},{"damage":2,"enemies":"3 Louse","floor":13,"turns":2},{"damage":14,"enemies":"Exordium Wildlife","floor":14,"turns":4},{"damage":56,"enemies":"Slime Boss","floor":16,"turns":13},{"damage":5,"enemies":"Shell Parasite","floor":18,"turns":4},{"damage":30,"enemies":"2 Thieves","floor":19,"turns":4},{"damage":27,"enemies":"3 Cultists","floor":20,"turns":6},{"damage":5,"enemies":"Sentry and Sphere","floor":21,"turns":4},{"damage":15,"enemies":"Snecko","floor":27,"turns":5},{"damage":20,"enemies":"Centurion and Healer","floor":28,"turns":8},{"damage":27,"enemies":"Book of Stabbing","floor":30,"turns":8},{"damage":7,"enemies":"Cultist and Chosen","floor":31,"turns":9},{"damage":56,"enemies":"Collector","floor":33,"turns":23},{"damage":6,"enemies":"Orb Walker","floor":35,"turns":5},{"damage":22,"enemies":"3 Darklings","floor":36,"turns":8},{"damage":16,"enemies":"Spire Growth","floor":37,"turns":7},{"damage":37,"enemies":"4 Shapes","floor":39,"turns":10},{"damage":28,"enemies":"Nemesis","floor":42,"turns":11},{"damage":31,"enemies":"Sphere and 2 Shapes","floor":45,"turns":7},{"damage":0,"enemies":"Maw","floor":47,"turns":9},{"damage":4,"enemies":"Time Eater","floor":50,"turns":13}],"seed_played":"-6501751799453896315","potions_obtained":[{"floor":4,"key":"Ancient Potion"},{"floor":6,"key":"Energy Potion"},{"floor":11,"key":"FocusPotion"},{"floor":14,"key":"Ancient Potion"},{"floor":28,"key":"LiquidBronze"}],"is_trial":false,"path_per_floor":["M","$","?","M","?","E","?","E","T","R","M","R","M","M","R","B",null,"M","M","M","M","?","R","$","R","T","M","M","R","E","M","R","B",null,"M","M","M","?","M","R","?","E","T","R","M","R","M","?","R","B",null],"character_chosen":"DEFECT","items_purchased":["Defragment"],"campfire_rested":2,"item_purchase_floors":[2],"current_hp_per_floor":[68,68,68,68,61,61,61,42,42,42,45,45,43,41,63,19,61,56,45,37,44,44,44,44,44,44,48,47,47,39,60,60,25,63,59,53,53,44,35,57,57,57,57,57,54,54,70,70,70,75],"gold":0,"neow_bonus":"THREE_ENEMY_KILL","is_prod":false,"is_daily":false,"chose_seed":false,"campfire_upgraded":9,"win_rate":0,"timestamp":1555814732,"path_taken":["M","$","?","M","?","E","?","E","T","R","M","R","M","M","R","BOSS","M","M","M","M","?","R","$","R","T","M","M","R","E","M","R","BOSS","M","M","M","?","M","R","?","E","T","R","?","R","M","?","R","BOSS"],"build_version":"2019-01-23","purchased_purges":1,"victory":true,"max_hp_per_floor":[75,75,75,75,75,75,75,75,75,75,75,75,75,75,75,75,75,75,75,75,75,75,75,75,75,75,75,75,75,75,75,75,75,75,75,75,75,75,75,75,75,75,75,75,75,75,75,75,75,75],"card_choices":[{"not_picked":["Compile Driver","Doom and Gloom"],"picked":"Go for the Eyes","floor":1},{"not_picked":["Fusion","Turbo"],"picked":"Streamline","floor":4},{"not_picked":["Conserve Battery","Streamline"],"picked":"Leap","floor":6},{"not_picked":["Double Energy","Rebound"],"picked":"Melter","floor":8},{"not_picked":["Double Energy","Ball Lightning"],"picked":"Defragment","floor":11},{"not_picked":["Hyperbeam","Double Energy"],"picked":"Coolheaded","floor":13},{"not_picked":["Rebound","Streamline"],"picked":"Go for the Eyes","floor":14},{"not_picked":["Buffer","Hyperbeam"],"picked":"Core Surge","floor":16},{"not_picked":["Redo+1","Beam Cell"],"picked":"Self Repair","floor":18},{"not_picked":["Scrape+1","Aggregate"],"picked":"Cold Snap+1","floor":19},{"not_picked":["Steam","Ball Lightning+1"],"picked":"Echo Form","floor":20},{"not_picked":["Sunder+1","Stack","Lockon"],"picked":"SKIP","floor":21},{"not_picked":["Fusion","Streamline","Static Discharge"],"picked":"SKIP","floor":27},{"not_picked":["Beam Cell","Reinforced Body"],"picked":"Glacier","floor":28},{"not_picked":["Gash","Electrodynamics"],"picked":"Capacitor","floor":30},{"not_picked":["Gash","Turbo"],"picked":"Force Field+1","floor":31},{"not_picked":["Biased Cognition","Meteor Strike"],"picked":"Echo Form","floor":33},{"not_picked":["Ball Lightning+1","Steam"],"picked":"Leap+1","floor":35},{"not_picked":["Sweeping Beam","Loop+1"],"picked":"Conserve Battery","floor":36},{"not_picked":["Cold Snap+1","Compile Driver+1"],"picked":"Coolheaded","floor":37},{"not_picked":["Go for the Eyes","Ball Lightning","Turbo"],"picked":"SKIP","floor":39},{"not_picked":["Loop","Gash+1","Conserve Battery+1"],"picked":"SKIP","floor":42},{"not_picked":["Cold Snap+1","Reboot"],"picked":"Barrage+1","floor":45},{"not_picked":["Capacitor+1","Static Discharge+1","Reinforced Body+1"],"picked":"SKIP","floor":47}],"player_experience":704387,"relics_obtained":[{"floor":6,"key":"Meat on the Bone"},{"floor":8,"key":"Du-Vu Doll"},{"floor":9,"key":"Boot"},{"floor":26,"key":"Kunai"},{"floor":30,"key":"Blood Vial"},{"floor":42,"key":"Molten Egg 2"},{"floor":43,"key":"Mummified Hand"}],"event_choices":[{"damage_healed":0,"gold_gain":0,"player_choice":"Take Wound","damage_taken":0,"relics_obtained":["Golden Idol"],"max_hp_gain":0,"max_hp_loss":0,"event_name":"Golden Idol","floor":3,"gold_loss":0,"cards_obtained":["Injury"]},{"cards_removed":["Injury"],"damage_healed":0,"gold_gain":0,"player_choice":"Card Removal","damage_taken":7,"max_hp_gain":0,"max_hp_loss":0,"event_name":"Golden Wing","floor":5,"gold_loss":0},{"damage_healed":0,"gold_gain":0,"player_choice":"Ignored","damage_taken":0,"max_hp_gain":0,"max_hp_loss":0,"event_name":"Shining Light","floor":7,"gold_loss":0},{"cards_removed":["Strike_B"],"damage_healed":0,"gold_gain":0,"player_choice":"Elegance","damage_taken":0,"max_hp_gain":0,"max_hp_loss":0,"event_name":"Back to Basics","floor":22,"gold_loss":0},{"damage_healed":0,"gold_gain":0,"player_choice":"Embrace Madness","damage_taken":9,"max_hp_gain":0,"max_hp_loss":0,"event_name":"Winding Halls","floor":38,"gold_loss":0,"cards_obtained":["Madness","Madness"]},{"damage_healed":0,"gold_gain":0,"cards_transformed":["Strike_B"],"player_choice":"Transformed","damage_taken":0,"max_hp_gain":0,"max_hp_loss":0,"event_name":"Transmorgrifier","floor":41,"gold_loss":0,"cards_obtained":["Capacitor"]},{"damage_healed":0,"gold_gain":0,"player_choice":"Paid","damage_taken":0,"relics_obtained":["Red Mask"],"max_hp_gain":0,"max_hp_loss":0,"event_name":"Tomb of Lord Red Mask","floor":48,"gold_loss":688}],"is_beta":false,"boss_relics":[{"not_picked":["Ectoplasm","Pandora\u0027s Box"],"picked":"Nuclear Battery"},{"not_picked":["FrozenCore","Runic Dome"],"picked":"Sozu"}],"items_purged_floors":[24],"is_endless":false,"potions_floor_spawned":[4,6,11,14,18,28,31,33,35,45,47],"ascension_level":10}