{"gold_per_floor":[115,115,115,138,213,213,213,237,264,295,314,333,93,114,114,114],"floor_reached":16,"playtime":244,"items_purged":["Strike_B"],"score":117,"play_id":"de465f61-31c8-44ab-9926-dbbae70cb1bb","local_time":"20190416204005","is_ascension_mode":true,"campfire_choices":[{"data":"Zap","floor":6,"key":"SMITH"},{"floor":15,"key":"REST"}],"neow_cost":"NONE","seed_source_timestamp":437408734989024,"circlet_count":0,"master_deck":["Strike_B+1","Strike_B","Strike_B","Defend_B","Defend_B","Defend_B","Defend_B","Zap+1","Dualcast","Static Discharge","Melter+1","Sunder","Sweeping Beam","Steam","BootSequence","Sweeping Beam","Darkness","Doom and Gloom","Chill"],"relics":["Cracked Core","NeowsBlessing","Golden Idol","Bag of Preparation","Whetstone"],"potions_floor_usage":[],"damage_taken":[{"damage":0,"enemies":"Jaw Worm","floor":1,"turns":1},{"damage":0,"enemies":"2 Louse","floor":4,"turns":1},{"damage":0,"enemies":"Small Slimes","floor":8,"turns":1},{"damage":20,"enemies":"Gremlin Nob","floor":10,"turns":4},{"damage":18,"enemies":"3 Louse","floor":11,"turns":3},{"damage":15,"enemies":"2 Fungi Beasts","floor":12,"turns":3},{"damage":5,"enemies":"Exordium Thugs","floor":14,"turns":3},{"damage":33,"enemies":"Slime Boss","floor":16,"turns":3}],"seed_played":"110387052720928556","potions_obtained":[{"floor":8,"key":"Fire Potion"},{"floor":10,"key":"Fire Potion"},{"floor":12,"key":"FearPotion"}],"is_trial":false,"path_per_floor":["M","?","?","M","?","R","?","M","T","E","M","M","$","M","R","B"],"character_chosen":"DEFECT","items_purchased":["Sweeping Beam","Darkness","Doom and Gloom"],"campfire_rested":1,"item_purchase_floors":[13,13,13],"current_hp_per_floor":[75,69,74,74,63,63,63,63,63,43,25,10,10,5,27,0],"gold":114,"neow_bonus":"THREE_ENEMY_KILL","is_prod":false,"is_daily":false,"chose_seed":false,"campfire_upgraded":1,"win_rate":0,"timestamp":1555465205,"path_taken":["M","?","?","?","?","R","?","M","T","E","M","M","$","M","R","BOSS"],"build_version":"2019-01-23","purchased_purges":1,"victory":false,"max_hp_per_floor":[75,69,74,74,74,74,74,74,74,74,74,74,74,74,74,74],"card_choices":[{"not_picked":["Compile Driver","Turbo"],"picked":"Static Discharge","floor":1},{"not_picked":["Heatsinks","Rebound"],"picked":"Melter","floor":4},{"not_picked":["Genetic Algorithm","Compile Driver"],"picked":"Sunder","floor":8},{"not_picked":["Redo","Leap"],"picked":"Sweeping Beam","floor":10},{"not_picked":["Double Energy","Go for the Eyes"],"picked":"Steam","floor":11},{"not_picked":["Melter","White Noise"],"picked":"BootSequence","floor":12},{"not_picked":["Streamline","Blizzard"],"picked":"Chill","floor":14}],"player_experience":198255,"relics_obtained":[{"floor":9,"key":"Bag of Preparation"},{"floor":10,"key":"Whetstone"}],"event_choices":[{"damage_healed":0,"gold_gain":0,"player_choice":"Lose Max HP","damage_taken":0,"relics_obtained":["Golden Idol"],"max_hp_gain":0,"max_hp_loss":6,"event_name":"Golden Idol","floor":2,"gold_loss":0},{"damage_healed":0,"gold_gain":0,"player_choice":"Donut","damage_taken":0,"max_hp_gain":5,"max_hp_loss":0,"event_name":"Big Fish","floor":3,"gold_loss":0},{"damage_healed":0,"gold_gain":75,"player_choice":"Gather Gold","damage_taken":11,"max_hp_gain":0,"max_hp_loss":0,"event_name":"World of Goop","floor":5,"gold_loss":0},{"damage_healed":0,"gold_gain":0,"player_choice":"Searched \u00270\u0027 times","damage_taken":0,"max_hp_gain":0,"max_hp_loss":0,"event_name":"Dead Adventurer","floor":7,"gold_loss":0}],"is_beta":false,"boss_relics":[],"items_purged_floors":[13],"is_endless":false,"potions_floor_spawned":[8,10,12],"killed_by":"Slime Boss","ascension_level":3}