{"gold_per_floor":[111,111,33,48,66,92,92,110,135,135,135,148,180,190,190,190],"floor_reached":16,"playtime":1230,"items_purged":[],"score":118,"play_id":"c516ec70-13fc-4f0d-a002-8f07dc8fb6cc","local_time":"20190322224255","is_ascension_mode":true,"campfire_choices":[{"data":"Feel No Pain","floor":7,"key":"SMITH"},{"floor":15,"key":"REST"}],"neow_cost":"NONE","seed_source_timestamp":260226011050400,"circlet_count":0,"master_deck":["Strike_R","Strike_R","Strike_R","Strike_R","Strike_R","Defend_R","Defend_R","Defend_R","Defend_R","Bash+1","Armaments","Feel No Pain+1","True Grit","Inflame","Dual Wield","Rage","Second Wind","True Grit"],"relics":["Burning Blood","Centennial Puzzle","Omamori","Anchor","Letter Opener"],"potions_floor_usage":[13,16,16,16],"damage_taken":[{"damage":5,"enemies":"Jaw Worm","floor":1,"turns":7},{"damage":1,"enemies":"Cultist","floor":4,"turns":4},{"damage":3,"enemies":"Small Slimes","floor":5,"turns":6},{"damage":22,"enemies":"3 Sentries","floor":6,"turns":13},{"damage":13,"enemies":"Exordium Thugs","floor":8,"turns":7},{"damage":10,"enemies":"3 Louse","floor":12,"turns":5},{"damage":37,"enemies":"Gremlin Nob","floor":13,"turns":5},{"damage":0,"enemies":"Looter","floor":14,"turns":3},{"damage":40,"enemies":"The Guardian","floor":16,"turns":15}],"seed_played":"7074871068804384070","potions_obtained":[{"floor":4,"key":"SpeedPotion"},{"floor":8,"key":"EntropicBrew"},{"floor":12,"key":"SpeedPotion"},{"floor":14,"key":"Explosive Potion"}],"is_trial":false,"path_per_floor":["M","?","$","M","M","E","R","M","T","?","?","M","E","M","R","B"],"character_chosen":"IRONCLAD","items_purchased":["Feel No Pain"],"campfire_rested":1,"item_purchase_floors":[3],"current_hp_per_floor":[80,80,80,80,80,64,64,57,57,45,45,41,10,16,40,0],"gold":190,"neow_bonus":"UPGRADE_CARD","is_prod":false,"is_daily":false,"chose_seed":false,"campfire_upgraded":1,"win_rate":0,"timestamp":1553312575,"path_taken":["M","?","?","?","M","E","R","M","T","?","?","M","E","M","R","BOSS"],"build_version":"2019-01-23","purchased_purges":0,"victory":false,"max_hp_per_floor":[80,80,80,80,80,80,80,80,80,80,80,80,80,80,80,80],"card_choices":[{"not_picked":["Clash","Flex","Heavy Blade"],"picked":"SKIP","floor":1},{"not_picked":["Searing Blow","Wild Strike"],"picked":"True Grit","floor":4},{"not_picked":["Armaments","Thunderclap"],"picked":"Inflame","floor":5},{"not_picked":["Barricade","Searing Blow","Dual Wield"],"picked":"SKIP","floor":6},{"not_picked":["Armaments","Headbutt"],"picked":"Clothesline","floor":8},{"not_picked":["Hemokinesis","Heavy Blade"],"picked":"Rage","floor":12},{"not_picked":["Berserk","Perfected Strike"],"picked":"Second Wind","floor":13},{"not_picked":["Cleave","Ghostly Armor"],"picked":"True Grit","floor":14}],"player_experience":106985,"relics_obtained":[{"floor":6,"key":"Centennial Puzzle"},{"floor":9,"key":"Omamori"},{"floor":13,"key":"Letter Opener"}],"event_choices":[{"damage_healed":0,"gold_gain":0,"player_choice":"1 cards matched","damage_taken":0,"max_hp_gain":0,"max_hp_loss":0,"event_name":"Match and Keep!","floor":2,"gold_loss":0,"cards_obtained":["Armaments"]},{"damage_healed":0,"gold_gain":0,"player_choice":"Success","damage_taken":12,"relics_obtained":["Anchor"],"max_hp_gain":0,"max_hp_loss":0,"event_name":"Scrap Ooze","floor":10,"gold_loss":0},{"damage_healed":0,"gold_gain":0,"cards_transformed":["Clothesline"],"player_choice":"Transformed","damage_taken":0,"max_hp_gain":0,"max_hp_loss":0,"event_name":"Transmorgrifier","floor":11,"gold_loss":0,"cards_obtained":["Dual Wield"]}],"is_beta":false,"boss_relics":[],"items_purged_floors":[],"is_endless":false,"potions_floor_spawned":[4,8,12,14],"killed_by":"The Guardian","ascension_level":1}