{"path_per_floor":["M","?","$","M","?","R","E","R","T","?","E","M","M","E","R","B",null,"M","?","?","?","M","M","R","$","T","$","M","E","R","$","R"],"character_chosen":"IRONCLAD","items_purchased":["Corruption","Shrug It Off","Letter Opener","Flex","Pummel"],"gold_per_floor":[118,118,25,45,45,45,80,80,128,128,153,170,183,217,217,319,319,339,339,389,389,401,413,413,77,146,46,60,92,92,8,8],"floor_reached":33,"campfire_rested":0,"playtime":2419,"current_hp_per_floor":[73,73,73,72,72,72,63,63,63,63,46,56,66,78,78,67,87,87,60,60,60,60,54,54,54,54,54,49,39,39,39,39],"items_purged":["Bite","Bite"],"gold":8,"score":281,"play_id":"9cb87bcb-0946-4ce7-aecf-dcb36aef0223","is_prod":false,"is_daily":false,"is_ascension_mode":false,"campfire_upgraded":6,"path_taken":["M","?","$","M","?","R","E","R","T","?","E","M","M","E","R","BOSS","M","?","?","?","M","M","R","$","T","$","M","E","R","$","R","BOSS"],"build_version":"2018-02-08-PROD1","purchased_purges":4,"victory":false,"master_deck":["Defend_R","Defend_R","Defend_R","Defend_R+1","Bash","Armaments+1","Demon Form","Corruption","Shrug It Off","Body Slam+1","Armaments+1","Bash","Bandage Up","Flame Barrier","Whirlwind+1","Pummel+1","Limit Break+1","Limit Break","Bite","Bite","Bite","Body Slam+1","Disarm+1","Flex","Pummel+1"],"max_hp_per_floor":[80,80,80,80,80,80,80,80,80,80,80,80,80,87,87,87,87,87,60,60,60,60,60,60,60,60,60,60,60,60,60,60],"relics":["Burning Blood","Bronze Scales","Anchor","Gambling Chip","Strawberry","Sozu","Letter Opener","Toolbox","War Paint"],"card_choices":[{"not_picked":["Flex","Searing Blow"],"picked":"Armaments"},{"not_picked":["Wild Strike","Armaments"],"picked":"Body Slam"},{"not_picked":["Sword Boomerang","Clash"],"picked":"Armaments"},{"not_picked":["Warcry","Rampage"],"picked":"Flame Barrier"},{"not_picked":["Headbutt","Dropkick"],"picked":"Whirlwind"},{"not_picked":["Twin Strike","Infernal Blade"],"picked":"Pummel"},{"not_picked":["Fire Breathing","Hemokinesis"],"picked":"Limit Break"},{"not_picked":["Berserk","Immolate"],"picked":"Limit Break"},{"not_picked":["Rupture","Inflame"],"picked":"Body Slam"},{"not_picked":["Thunderclap","Hemokinesis"],"picked":"Disarm"}],"player_experience":80594,"potions_floor_usage":[7,7,11,16],"damage_taken":[{"damage":13,"enemies":"2 Louse","floor":1,"turns":3},{"damage":7,"enemies":"Blue Slaver","floor":4,"turns":5},{"damage":15,"enemies":"3 Sentries","floor":7,"turns":9},{"damage":27,"enemies":"Gremlin Nob","floor":11,"turns":5},{"damage":0,"enemies":"Cultist","floor":12,"turns":3},{"damage":0,"enemies":"Looter","floor":13,"turns":4},{"damage":5,"enemies":"Lagavulin","floor":14,"turns":5},{"damage":21,"enemies":"Hexaghost","floor":16,"turns":7},{"damage":3,"enemies":"2 Thieves","floor":18,"turns":4},{"damage":4,"enemies":"3 Byrds","floor":22,"turns":5},{"damage":16,"enemies":"Centurion and Healer","floor":23,"turns":5},{"damage":20,"enemies":"Snecko","floor":28,"turns":4},{"damage":27,"enemies":"Book of Stabbing","floor":29,"turns":5},{"damage":87,"enemies":"Automaton","floor":33,"turns":6}],"event_choices":[{"event_name":"Transmorgrifier","player_choice":"Transform","floor":2,"damage_taken":0},{"event_name":"Purifier","player_choice":"One Purge","floor":5,"damage_taken":0},{"event_name":"Match and Keep!","player_choice":"2 cards matched","floor":10,"damage_taken":0},{"event_name":"Vampires","player_choice":"Became a vampire","floor":19,"damage_taken":0},{"event_name":"The Joust","player_choice":"Bet on Murderer","floor":20,"damage_taken":0},{"event_name":"The Woman in Blue","player_choice":"Bought 0 Potions","floor":21,"damage_taken":0}],"boss_relics":[{"not_picked":["Ectoplasm","Question Card"],"picked":"Sozu"}],"potions_floor_spawned":[4,11,18,23,28],"seed_played":"-7076046298646500018","killed_by":"Automaton","ascension_level":0,"is_trial":false}