{"gold_per_floor":[115,134,134,164,164,191,191,208,234,254,272,120,135,135],"floor_reached":14,"playtime":610,"items_purged":["Regret"],"score":106,"play_id":"1e7b008d-1e9a-43fe-9553-af81ddf86bfb","local_time":"20190322012349","is_ascension_mode":true,"campfire_choices":[{"data":"Glacier","floor":7,"key":"SMITH"}],"neow_cost":"NONE","seed_source_timestamp":184100039000054,"circlet_count":0,"master_deck":["Strike_B","Defend_B+1","Defend_B","Defend_B","Zap+1","Dualcast","Barrage+1","Chaos+1","Echo Form+1","FTL","Conserve Battery+1","Glacier+1","Defragment","Stack","Self Repair","BootSequence","Hologram"],"relics":["Astrolabe","Tiny Chest","Question Card","War Paint"],"potions_floor_usage":[6,11,14],"damage_taken":[{"damage":6,"enemies":"Cultist","floor":1,"turns":3},{"damage":1,"enemies":"2 Louse","floor":2,"turns":3},{"damage":11,"enemies":"Gremlin Nob","floor":6,"turns":3},{"damage":3,"enemies":"Jaw Worm","floor":8,"turns":4},{"damage":26,"enemies":"Gremlin Gang","floor":10,"turns":5},{"damage":8,"enemies":"Large Slime","floor":11,"turns":6},{"damage":0,"enemies":"2 Fungi Beasts","floor":13,"turns":3},{"damage":24,"enemies":"3 Sentries","floor":14,"turns":4}],"seed_played":"-991847545692080948","potions_obtained":[{"floor":2,"key":"Swift Potion"},{"floor":6,"key":"Fire Potion"},{"floor":13,"key":"LiquidBronze"}],"is_trial":false,"path_per_floor":["M","M","?","?","?","E","R","M","T","M","M","$","M","E"],"character_chosen":"DEFECT","items_purchased":["BootSequence"],"campfire_rested":0,"item_purchase_floors":[12],"current_hp_per_floor":[69,68,61,61,61,50,50,47,47,21,13,13,20,0],"gold":135,"neow_bonus":"BOSS_RELIC","is_prod":false,"is_daily":false,"chose_seed":false,"campfire_upgraded":1,"win_rate":0,"timestamp":1553235829,"path_taken":["M","?","?","?","?","E","R","M","T","M","M","$","?","E"],"build_version":"2019-01-23","purchased_purges":1,"victory":false,"max_hp_per_floor":[75,75,75,75,75,75,75,75,75,75,75,75,75,75],"card_choices":[{"not_picked":["Rebound","Darkness"],"picked":"FTL","floor":1},{"not_picked":["Go for the Eyes","Redo"],"picked":"Conserve Battery","floor":2},{"not_picked":["Go for the Eyes","Self Repair"],"picked":"Glacier","floor":6},{"not_picked":["Cold Snap","White Noise","Sunder"],"picked":"Defragment","floor":8},{"not_picked":["Biased Cognition","Gash","Redo"],"picked":"Stack","floor":10},{"not_picked":["Turbo","Heatsinks","Barrage"],"picked":"Self Repair","floor":11},{"not_picked":["Barrage","Conserve Battery","FTL"],"picked":"Hologram","floor":13}],"player_experience":96273,"relics_obtained":[{"floor":6,"key":"Question Card"},{"floor":9,"key":"War Paint"}],"event_choices":[{"cards_removed":["Defend_B"],"damage_healed":0,"gold_gain":0,"player_choice":"Card Removal","damage_taken":7,"max_hp_gain":0,"max_hp_loss":0,"event_name":"Golden Wing","floor":3,"gold_loss":0},{"damage_healed":0,"gold_gain":0,"player_choice":"Box","damage_taken":0,"relics_obtained":["Tiny Chest"],"max_hp_gain":0,"max_hp_loss":0,"event_name":"Big Fish","floor":4,"gold_loss":0,"cards_obtained":["Regret"]},{"damage_healed":0,"gold_gain":0,"player_choice":"Grow","damage_taken":0,"max_hp_gain":0,"max_hp_loss":0,"event_name":"Living Wall","floor":5,"gold_loss":0,"cards_upgraded":["Zap"]}],"is_beta":false,"boss_relics":[],"items_purged_floors":[12],"is_endless":false,"potions_floor_spawned":[2,6,13],"killed_by":"3 Sentries","ascension_level":3}