{"gold_per_floor":[118,138,153,153,164,164,89,121,121,121,132,132,149,168,168,168],"floor_reached":16,"playtime":704,"items_purged":["Parasite"],"score":114,"play_id":"b007be0a-e616-437b-8221-9e1904474b8b","local_time":"20190419211002","is_ascension_mode":true,"campfire_choices":[{"data":"Fission","floor":6,"key":"SMITH"},{"data":"Dualcast","floor":10,"key":"SMITH"},{"data":"Redo","floor":12,"key":"SMITH"},{"floor":15,"key":"REST"}],"neow_cost":"CURSE","seed_source_timestamp":23717507607565,"circlet_count":0,"master_deck":["Strike_B","Strike_B","Strike_B","Strike_B","Defend_B+1","Defend_B","Defend_B","Defend_B","Zap+1","Dualcast+1","Leap","Conserve Battery","Redo+1","Fission+1","Scrape","Self Repair","White Noise","Coolheaded"],"relics":["Cracked Core","Darkstone Periapt","Kunai"],"potions_floor_usage":[8],"damage_taken":[{"damage":4,"enemies":"Small Slimes","floor":1,"turns":3},{"damage":4,"enemies":"2 Louse","floor":2,"turns":3},{"damage":4,"enemies":"Jaw Worm","floor":3,"turns":4},{"damage":0,"enemies":"Looter","floor":5,"turns":3},{"damage":35,"enemies":"3 Sentries","floor":8,"turns":12},{"damage":0,"enemies":"Large Slime","floor":11,"turns":5},{"damage":0,"enemies":"3 Louse","floor":13,"turns":4},{"damage":15,"enemies":"2 Fungi Beasts","floor":14,"turns":4},{"damage":56,"enemies":"Slime Boss","floor":16,"turns":10}],"seed_played":"-8483814488281144137","potions_obtained":[{"floor":1,"key":"Fire Potion"},{"floor":8,"key":"Energy Potion"}],"is_trial":false,"path_per_floor":["?"],"character_chosen":"DEFECT","items_purchased":[],"campfire_rested":1,"item_purchase_floors":[],"current_hp_per_floor":[85,81,77,59,59,59,59,24,24,24,24,24,31,23,48,0],"gold":168,"neow_bonus":"TWENTY_PERCENT_HP_BONUS","is_prod":false,"is_daily":false,"chose_seed":false,"campfire_upgraded":3,"win_rate":0,"timestamp":1555722602,"path_taken":["M","M","M","?","M","R","$","E","T","R","M","R","M","M","R","BOSS"],"build_version":"2019-01-23","purchased_purges":1,"victory":false,"max_hp_per_floor":[89,89,89,89,89,89,86,86,86,86,86,86,86,86,86,86],"card_choices":[{"not_picked":["Gash","Steam"],"picked":"Leap","floor":1},{"not_picked":["White Noise","Sweeping Beam"],"picked":"Conserve Battery","floor":2},{"not_picked":["Barrage","Go for the Eyes"],"picked":"Redo","floor":3},{"not_picked":["Glacier","Stack"],"picked":"Fission","floor":5},{"not_picked":["Stack","Barrage"],"picked":"Scrape","floor":8},{"not_picked":["Beam Cell","Sunder"],"picked":"Self Repair","floor":11},{"not_picked":["Blizzard","Rip and Tear"],"picked":"White Noise","floor":13},{"not_picked":["Rebound","Compile Driver"],"picked":"Coolheaded","floor":14}],"player_experience":201955,"relics_obtained":[{"floor":8,"key":"Darkstone Periapt"},{"floor":9,"key":"Kunai"}],"event_choices":[{"damage_healed":0,"gold_gain":0,"player_choice":"Entered Light","damage_taken":18,"max_hp_gain":0,"max_hp_loss":0,"event_name":"Shining Light","floor":4,"gold_loss":0,"cards_upgraded":["Zap","Defend_B"]}],"is_beta":false,"boss_relics":[],"items_purged_floors":[7],"is_endless":false,"potions_floor_spawned":[1,8],"killed_by":"Slime Boss","ascension_level":2}