{"gold_per_floor":[114,62,79,79,4,35,58,99,176,210,248,248,248,2,2,96,96,110,110,128,146,10,10,26,26,26,61,80,80,80,96,96,96],"floor_reached":33,"playtime":2055,"items_purged":["Strike_B"],"score":636,"play_id":"b54f0404-5fc9-40ff-aff4-1170803890b2","local_time":"20190117190017","is_ascension_mode":true,"campfire_choices":[{"floor":12,"key":"REST"},{"data":"Electrodynamics","floor":15,"key":"SMITH"},{"floor":23,"key":"REST"},{"data":"Static Discharge","floor":25,"key":"SMITH"},{"data":"Thunder Strike","floor":30,"key":"SMITH"},{"floor":32,"key":"REST"}],"neow_cost":"NONE","seed_source_timestamp":626592559449600,"circlet_count":0,"master_deck":["AscendersBane","Strike_B","Defend_B","Defend_B","Defend_B","Defend_B","Zap","Dualcast","FTL","Cold Snap","Genetic Algorithm","Electrodynamics+1","Steam","Static Discharge+1","Seek","Thunder Strike+1","Leap","Consume+1","Auto Shields"],"relics":["Cracked Core","NeowsBlessing","Golden Idol","StoneCalendar","Smiling Mask","Question Card","Peace Pipe","Odd Mushroom","Nuclear Battery","The Courier","Du-Vu Doll"],"potions_floor_usage":[8,10,13,18,33],"damage_taken":[{"damage":0,"enemies":"Cultist","floor":1,"turns":1},{"damage":0,"enemies":"Jaw Worm","floor":3,"turns":1},{"damage":0,"enemies":"Lagavulin","floor":6,"turns":1},{"damage":8,"enemies":"2 Louse","floor":7,"turns":2},{"damage":13,"enemies":"3 Sentries","floor":8,"turns":7},{"damage":33,"enemies":"Gremlin Nob","floor":10,"turns":4},{"damage":7,"enemies":"The Mushroom Lair","floor":11,"turns":2},{"damage":0,"enemies":"3 Sentries","floor":13,"turns":2},{"damage":20,"enemies":"Slime Boss","floor":16,"turns":7},{"damage":15,"enemies":"2 Thieves","floor":18,"turns":3},{"damage":8,"enemies":"3 Byrds","floor":20,"turns":3},{"damage":33,"enemies":"Cultist and Chosen","floor":21,"turns":6},{"damage":0,"enemies":"Centurion and Healer","floor":24,"turns":7},{"damage":20,"enemies":"Slavers","floor":27,"turns":1},{"damage":6,"enemies":"Snecko","floor":28,"turns":5},{"damage":3,"enemies":"Cultist and Chosen","floor":31,"turns":4},{"damage":45,"enemies":"Collector","floor":33,"turns":6}],"seed_played":"8043661461442061620","potions_obtained":[{"floor":1,"key":"Swift Potion"},{"floor":7,"key":"FocusPotion"},{"floor":10,"key":"SmokeBomb"},{"floor":16,"key":"Block Potion"},{"floor":20,"key":"SteroidPotion"},{"floor":21,"key":"LiquidBronze"},{"floor":24,"key":"PowerPotion"}],"is_trial":false,"path_per_floor":["M","$","M","?","?","E","M","E","T","E","?","R","E","$","R","B",null,"M","?","M","M","$","R","M","R","T","E","M","?","R","M","R","B"],"character_chosen":"DEFECT","items_purchased":["Cold Snap","Static Discharge","Seek","Auto Shields"],"campfire_rested":3,"item_purchase_floors":[2,14,14,22],"current_hp_per_floor":[64,64,64,64,64,64,56,43,43,10,3,22,22,22,22,2,49,34,64,56,23,23,42,42,42,42,22,16,16,16,13,32,0],"gold":96,"neow_bonus":"THREE_ENEMY_KILL","is_prod":false,"is_daily":false,"chose_seed":false,"campfire_upgraded":3,"win_rate":0,"timestamp":1547748017,"path_taken":["M","?","M","?","?","E","M","E","T","E","?","R","E","?","R","BOSS","M","?","?","M","$","R","M","R","T","E","M","?","R","?","R","BOSS"],"build_version":"2019-01-10","purchased_purges":1,"victory":false,"max_hp_per_floor":[71,71,71,64,64,64,64,64,64,64,64,64,64,64,64,64,64,64,64,64,64,64,64,64,64,64,64,64,64,64,64,64,64],"card_choices":[{"not_picked":["Steam Power","Stack"],"picked":"FTL","floor":1},{"not_picked":["Redo","Tempest","Turbo"],"picked":"SKIP","floor":3},{"not_picked":["Gash","Reboot","Turbo"],"picked":"SKIP","floor":6},{"not_picked":["Turbo","Rebound"],"picked":"Genetic Algorithm","floor":7},{"not_picked":["Streamline","Auto Shields","Skim"],"picked":"SKIP","floor":8},{"not_picked":["Beam Cell","Rebound","Ball Lightning"],"picked":"Electrodynamics","floor":10},{"not_picked":["All For One","Compile Driver","Barrage"],"picked":"Steam","floor":11},{"not_picked":["Meteor Strike","Core Surge","Creative AI"],"picked":"Thunder Strike","floor":16},{"not_picked":["Conserve Battery","Streamline","Barrage+1"],"picked":"Leap","floor":18},{"not_picked":["Barrage","Chill","Streamline","Rebound"],"picked":"SKIP","floor":20},{"not_picked":["Streamline","Capacitor","Hologram"],"picked":"Consume+1","floor":21},{"not_picked":["Steam","Cold Snap","Hello World+1","Coolheaded"],"picked":"SKIP","floor":24},{"not_picked":["Force Field","Stack","Go for the Eyes","Beam Cell"],"picked":"SKIP","floor":27},{"not_picked":["Multi-Cast","Chill","Streamline","Hologram"],"picked":"SKIP","floor":28},{"not_picked":["Steam","Stack","Cold Snap","Darkness"],"picked":"SKIP","floor":31}],"player_experience":482207,"relics_obtained":[{"floor":6,"key":"StoneCalendar"},{"floor":8,"key":"Smiling Mask"},{"floor":9,"key":"Question Card"},{"floor":10,"key":"Peace Pipe"},{"floor":11,"key":"Odd Mushroom"},{"floor":26,"key":"The Courier"},{"floor":27,"key":"Du-Vu Doll"}],"event_choices":[{"damage_healed":0,"gold_gain":0,"player_choice":"Lose Max HP","damage_taken":0,"relics_obtained":["Golden Idol"],"max_hp_gain":0,"max_hp_loss":7,"event_name":"Golden Idol","floor":4,"gold_loss":0},{"cards_removed":["Strike_B"],"damage_healed":0,"gold_gain":0,"player_choice":"Card Removal","damage_taken":0,"max_hp_gain":0,"max_hp_loss":0,"event_name":"The Cleric","floor":5,"gold_loss":75},{"damage_healed":0,"gold_gain":0,"player_choice":"Fought Mushrooms","damage_taken":0,"max_hp_gain":0,"max_hp_loss":0,"event_name":"Mushrooms","floor":11,"gold_loss":0},{"damage_healed":30,"gold_gain":0,"player_choice":"Full Heal","damage_taken":0,"max_hp_gain":0,"max_hp_loss":0,"event_name":"Wheel of Change","floor":19,"gold_loss":0},{"cards_removed":["Strike_B"],"damage_healed":0,"gold_gain":0,"player_choice":"Purged","damage_taken":0,"max_hp_gain":0,"max_hp_loss":0,"event_name":"Purifier","floor":29,"gold_loss":0}],"is_beta":false,"boss_relics":[{"not_picked":["FrozenCore","Snecko Eye"],"picked":"Nuclear Battery"}],"items_purged_floors":[22],"is_endless":false,"potions_floor_spawned":[1,7,10,16,20,21,24,27],"killed_by":"Collector","ascension_level":20}