{"gold_per_floor":[110,110,110,129,19,19,66,66,91,120,140,150,150,208,208,310,310,327,297,316,327,17,17,37,53,76,76,76,111,111,139,139,241,241,252,252,9,22,22,35,35,35,35,55,102,0,25,42,42,42],"floor_reached":51,"playtime":4951,"items_purged":["Decay","Defend_R"],"score":1013,"play_id":"7e12a9a2-a766-4003-9aa9-3135ee5f29a2","local_time":"20180723190401","is_ascension_mode":false,"campfire_choices":[{"data":"Armaments","floor":8,"key":"SMITH"},{"data":"Brutality","floor":15,"key":"SMITH"},{"data":"Warcry","floor":23,"key":"SMITH"},{"floor":28,"key":"REST"},{"floor":32,"key":"REST"},{"floor":42,"key":"REST"},{"floor":49,"key":"REST"}],"neow_cost":"CURSE","seed_source_timestamp":998940442541314,"circlet_count":0,"master_deck":["Strike_R+1","Strike_R+1","Strike_R+1","Strike_R+1","Strike_R","Bash","Shrug It Off","Carnage","Armaments+1","Body Slam","Shrug It Off","Combust","Warcry","Brutality+1","Second Wind","Seeing Red","Rage","Ghostly Armor","Demon Form","Seeing Red","Pommel Strike","Warcry+1","Clash","Shrug It Off+1","Necronomicurse","Clash","Thunderclap+1","Offering","Pommel Strike","Secret Weapon","Trip","Mind Blast","Offering","Fire Breathing","Whirlwind+1","Heavy Blade+1"],"relics":["Burning Blood","Bag of Preparation","Whetstone","Bag of Marbles","Vajra","Philosopher\u0027s Stone","Lee\u0027s Waffle","Regal Pillow","Necronomicon","Blood Vial","Juzu Bracelet","Fusion Hammer","Gambling Chip","Bottled Tornado","Unceasing Top","Red Mask","Ancient Tea Set"],"potions_floor_usage":[10,16,24,25,29,31,31,50,50,50,50,50,50],"damage_taken":[{"damage":4,"enemies":"2 Louse","floor":1,"turns":4},{"damage":3,"enemies":"Cultist","floor":4,"turns":3},{"damage":10,"enemies":"Gremlin Nob","floor":10,"turns":3},{"damage":1,"enemies":"Small Slimes","floor":11,"turns":2},{"damage":0,"enemies":"2 Fungi Beasts","floor":12,"turns":2},{"damage":2,"enemies":"Gremlin Nob","floor":14,"turns":3},{"damage":7,"enemies":"Slime Boss","floor":16,"turns":5},{"damage":10,"enemies":"Chosen","floor":18,"turns":2},{"damage":8,"enemies":"Shell Parasite","floor":20,"turns":3},{"damage":16,"enemies":"Snecko","floor":21,"turns":3},{"damage":24,"enemies":"3 Cultists","floor":24,"turns":5},{"damage":24,"enemies":"Snake Plant","floor":25,"turns":4},{"damage":6,"enemies":"Slavers","floor":29,"turns":3},{"damage":27,"enemies":"Gremlin Leader","floor":31,"turns":4},{"damage":20,"enemies":"Collector","floor":33,"turns":6},{"damage":10,"enemies":"3 Darklings","floor":35,"turns":3},{"damage":0,"enemies":"Flame Bruiser 1 Orb","floor":38,"turns":1},{"damage":10,"enemies":"3 Darklings","floor":40,"turns":1},{"damage":29,"floor":41,"turns":3},{"damage":13,"enemies":"Spire Growth","floor":44,"turns":3},{"damage":5,"floor":45,"turns":1},{"damage":5,"enemies":"Nemesis","floor":47,"turns":1},{"damage":8,"enemies":"4 Shapes","floor":48,"turns":3},{"damage":55,"enemies":"Donu and Deca","floor":50,"turns":4}],"seed_played":"8145553914800517169","potions_obtained":[{"floor":1,"key":"LiquidBronze"},{"floor":3,"key":"Strength Potion"},{"floor":3,"key":"Weak Potion"},{"floor":3,"key":"SpeedPotion"},{"floor":4,"key":"FearPotion"},{"floor":18,"key":"Weak Potion"},{"floor":19,"key":"AttackPotion"},{"floor":24,"key":"SteroidPotion"},{"floor":25,"key":"LiquidBronze"},{"floor":29,"key":"EssenceOfSteel"},{"floor":33,"key":"Poison Potion"},{"floor":38,"key":"Energy Potion"}],"is_trial":false,"path_per_floor":["M","?","?","M","$","?","T","R","T","E","M","M","?","?","R","B",null,"M","?","M","M","$","R","M","M","T","?","R","E","?","E","R","B",null,"M","?","$","M","$","M","?","R","T","M","?","?","E","M","R","B"],"character_chosen":"IRONCLAD","items_purchased":["Combust","Lee\u0027s Waffle","Offering","EntropicBrew"],"campfire_rested":4,"item_purchase_floors":[5,22,37,37],"current_hp_per_floor":[80,80,80,80,80,80,80,80,80,76,80,80,64,68,68,67,80,76,76,74,64,87,87,69,51,51,35,76,76,59,40,82,70,92,88,78,78,86,86,84,63,92,92,85,88,88,91,90,92,43],"gold":42,"neow_bonus":"TRANSFORM_TWO_CARDS","is_prod":false,"is_daily":false,"chose_seed":false,"campfire_upgraded":3,"win_rate":0.0,"timestamp":1532336641,"path_taken":["M","?","?","M","?","?","?","R","T","E","?","M","?","?","R","BOSS","M","?","?","M","$","R","M","M","T","?","R","E","?","E","R","BOSS","M","?","$","M","?","M","?","R","T","M","?","?","E","M","R","BOSS"],"build_version":"2018-07-19v2","purchased_purges":2,"victory":true,"max_hp_per_floor":[80,80,80,80,80,80,80,80,80,80,80,80,80,80,80,80,80,80,80,80,80,87,87,87,87,87,87,87,87,92,92,92,92,92,92,92,92,92,92,92,92,92,92,92,92,92,92,92,92,92],"card_choices":[{"not_picked":["Thunderclap","Uppercut"],"picked":"Armaments","floor":1},{"not_picked":["Armaments","Hemokinesis"],"picked":"Shrug It Off","floor":4},{"not_picked":["Heavy Blade","Twin Strike"],"picked":"Second Wind","floor":10},{"not_picked":["Thunderclap","Anger"],"picked":"Seeing Red","floor":11},{"not_picked":["True Grit","Disarm"],"picked":"Rage","floor":12},{"not_picked":["Heavy Blade","Clothesline"],"picked":"Ghostly Armor","floor":14},{"not_picked":["Dark Embrace","Fiend Fire"],"picked":"Demon Form","floor":16},{"not_picked":["Shrug It Off","True Grit"],"picked":"Seeing Red","floor":18},{"not_picked":["Anger","Headbutt"],"picked":"Pommel Strike","floor":20},{"not_picked":["Bloodletting+1","Heavy Blade"],"picked":"Warcry","floor":21},{"not_picked":["Intimidate","Burning Pact"],"picked":"Clash","floor":24},{"not_picked":["Perfected Strike","Sever Soul"],"picked":"Shrug It Off+1","floor":25},{"not_picked":["Reckless Charge+1","Feed"],"picked":"Clash","floor":29},{"not_picked":["Blood for Blood","Iron Wave"],"picked":"Thunderclap+1","floor":31},{"not_picked":["Reaper","Limit Break"],"picked":"Offering","floor":33},{"not_picked":["True Grit","Clash"],"picked":"Pommel Strike","floor":35},{"not_picked":["Transmutation","Good Instincts"],"picked":"Secret Weapon","floor":36},{"not_picked":["Dark Shackles","Purity"],"picked":"Trip","floor":36},{"not_picked":["Sadistic Nature","Finesse"],"picked":"Mind Blast","floor":36},{"not_picked":["Perfected Strike","Corruption","Twin Strike"],"picked":"SKIP","floor":38},{"not_picked":["True Grit","Sword Boomerang","Headbutt"],"picked":"SKIP","floor":40},{"not_picked":["Uppercut","Cleave+1"],"picked":"Fire Breathing","floor":41},{"not_picked":["Warcry","Bloodletting"],"picked":"Whirlwind+1","floor":44},{"not_picked":["Body Slam+1","Power Through+1"],"picked":"Heavy Blade+1","floor":45},{"not_picked":["Sever Soul","Iron Wave","Fire Breathing"],"picked":"SKIP","floor":47},{"not_picked":["Cleave","Body Slam","Perfected Strike"],"picked":"SKIP","floor":48}],"player_experience":21243,"relics_obtained":[{"floor":7,"key":"Bag of Preparation"},{"floor":9,"key":"Whetstone"},{"floor":10,"key":"Bag of Marbles"},{"floor":14,"key":"Vajra"},{"floor":26,"key":"Regal Pillow"},{"floor":27,"key":"Necronomicon"},{"floor":29,"key":"Blood Vial"},{"floor":31,"key":"Juzu Bracelet"},{"floor":41,"key":"Gambling Chip"},{"floor":43,"key":"Bottled Tornado"},{"floor":45,"key":"Unceasing Top"},{"floor":47,"key":"Ancient Tea Set"}],"event_choices":[{"event_name":"Transmorgrifier","player_choice":"Transform","floor":2,"damage_taken":0},{"event_name":"The Lab","player_choice":"Got Potions","floor":3,"damage_taken":0},{"event_name":"Match and Keep!","player_choice":"2 cards matched","floor":6,"damage_taken":0},{"event_name":"Shining Light","player_choice":"Entered Light","floor":13,"damage_taken":0},{"event_name":"Dead Adventurer","player_choice":"Searched \u00271\u0027 times","floor":14,"damage_taken":0},{"event_name":"The Woman in Blue","player_choice":"Bought 2 Potions","floor":19,"damage_taken":0},{"event_name":"Cursed Tome","player_choice":"Obtained Book","floor":27,"damage_taken":0},{"event_name":"Forgotten Altar","player_choice":"Shed Blood","floor":30,"damage_taken":0},{"event_name":"SensoryStone","player_choice":"Memory 3","floor":36,"damage_taken":0},{"event_name":"MindBloom","player_choice":"Fight","floor":41,"damage_taken":0},{"event_name":"Mysterious Sphere","player_choice":"Fight","floor":45,"damage_taken":0},{"event_name":"Tomb of Lord Red Mask","player_choice":"Paid","floor":46,"damage_taken":0}],"is_beta":false,"boss_relics":[{"not_picked":["Black Blood","Eternal Feather"],"picked":"Philosopher\u0027s Stone"},{"not_picked":["Velvet Choker","Black Star"],"picked":"Fusion Hammer"}],"items_purged_floors":[5,22],"is_endless":false,"potions_floor_spawned":[1,4,18,24,25,29,33,38,40,45,47],"ascension_level":0}