{"gold_per_floor":[19,38,3,53,69,69,80,80,105,117,143,171,183,222,234,318,330,355,282,305,69,85,85,97,97],"floor_reached":25,"playtime":2039,"items_purged":[],"score":430,"play_id":"b17fc45e-d284-41dc-b9d1-279cb7887b40","local_time":"20190116215143","is_ascension_mode":true,"campfire_choices":[{"data":"Reinforced Body","floor":6,"key":"SMITH"},{"data":"Loop","floor":8,"key":"SMITH"},{"data":"Tempest","floor":15,"key":"SMITH"},{"data":"Chill","floor":23,"key":"SMITH"}],"neow_cost":"NO_GOLD","seed_source_timestamp":550478227270826,"circlet_count":0,"master_deck":["AscendersBane","Strike_B","Strike_B","Strike_B","Strike_B","Defend_B","Defend_B","Defend_B","Defend_B","Zap+1","Dualcast","Coolheaded","Loop+1","Reinforced Body+1","Capacitor","Compile Driver","Thunder Strike","Cold Snap","Tempest+1","Fission","Chill+1","Self Repair"],"special_seed":0,"relics":["Cracked Core","Nunchaku","DataDisk","MawBank","Blood Vial","Cursed Key","Bag of Preparation","Lantern"],"potions_floor_usage":[11,14,25,25],"damage_taken":[{"damage":3.0,"enemies":"2 Louse","floor":1.0,"turns":2.0},{"damage":0.0,"enemies":"Cultist","floor":2.0,"turns":4.0},{"damage":9,"enemies":"Jaw Worm","floor":5,"turns":4},{"damage":1,"enemies":"Blue Slaver","floor":7,"turns":6},{"damage":22,"enemies":"Exordium Thugs","floor":10,"turns":7},{"damage":5,"enemies":"Lagavulin","floor":11,"turns":7},{"damage":7,"enemies":"Looter","floor":12,"turns":3},{"damage":9,"enemies":"Gremlin Nob","floor":14,"turns":5},{"damage":8,"enemies":"Slime Boss","floor":16,"turns":6},{"damage":12,"enemies":"Chosen","floor":18,"turns":4},{"damage":16,"enemies":"Shell Parasite","floor":20,"turns":5},{"damage":32,"enemies":"Shelled Parasite and Fungi","floor":22,"turns":7},{"damage":8,"enemies":"Centurion and Healer","floor":24,"turns":12},{"damage":15,"enemies":"Book of Stabbing","floor":25,"turns":6}],"seed_played":"6945529971473047313","potions_obtained":[{"floor":2.0,"key":"FocusPotion"},{"floor":5,"key":"PowerPotion"},{"floor":7,"key":"FocusPotion"},{"floor":16,"key":"FocusPotion"},{"floor":20,"key":"FearPotion"},{"floor":22,"key":"EssenceOfSteel"}],"is_trial":false,"path_per_floor":["M","M","?","?","M","R","M","R","T","M","E","M","?","E","R","B",null,"M","?","M","$","M","R","M","E"],"character_chosen":"DEFECT","items_purchased":["Lantern","Self Repair"],"campfire_rested":0,"item_purchase_floors":[21,21],"current_hp_per_floor":[61,61,71,71,62,62,61,61,61,39,34,27,27,18,18,12,56,46,46,32,32,9,9,10,0],"gold":97,"neow_bonus":"ONE_RARE_RELIC","is_prod":false,"is_daily":false,"chose_seed":false,"campfire_upgraded":4,"win_rate":0,"timestamp":1547671903,"path_taken":["M","M","?","?","?","R","M","R","T","M","E","M","?","E","R","BOSS","M","?","M","$","M","R","M","E"],"build_version":"2019-01-10","purchased_purges":0,"victory":false,"max_hp_per_floor":[71,71,71,71,71,71,71,71,71,71,71,71,71,71,71,71,71,71,71,71,71,71,71,71,71],"card_choices":[{"not_picked":["Hologram","Consume"],"picked":"Coolheaded","floor":1.0},{"not_picked":["Turbo","Coolheaded"],"picked":"Loop","floor":2.0},{"not_picked":["Ball Lightning","Compile Driver"],"picked":"Reinforced Body","floor":5},{"not_picked":["Genetic Algorithm","Steam"],"picked":"Capacitor","floor":7},{"not_picked":["Steam","Sunder"],"picked":"Compile Driver","floor":10},{"not_picked":["Steam","Go for the Eyes"],"picked":"Thunder Strike","floor":11},{"not_picked":["Leap","Barrage"],"picked":"Cold Snap","floor":12},{"not_picked":["Capacitor","Auto Shields"],"picked":"Tempest","floor":14},{"not_picked":["Seek","Buffer"],"picked":"Fission","floor":16},{"not_picked":["Sweeping Beam","Scrape","Turbo"],"picked":"SKIP","floor":18},{"not_picked":["Tempest","Sweeping Beam"],"picked":"Chill","floor":20},{"not_picked":["Stack","Barrage","Sweeping Beam"],"picked":"SKIP","floor":22},{"not_picked":["Undo","Tempest","Sweeping Beam"],"picked":"SKIP","floor":24}],"player_experience":452123,"relics_obtained":[{"floor":9,"key":"DataDisk"},{"floor":11,"key":"MawBank"},{"floor":14,"key":"Blood Vial"}],"event_choices":[{"damage_healed":17,"gold_gain":0,"player_choice":"Healed","damage_taken":0,"max_hp_gain":0,"max_hp_loss":0,"event_name":"The Cleric","floor":3,"gold_loss":35},{"damage_healed":0,"gold_gain":50,"player_choice":"Pray","damage_taken":0,"max_hp_gain":0,"max_hp_loss":0,"event_name":"Golden Shrine","floor":4,"gold_loss":0},{"damage_healed":0,"gold_gain":0,"player_choice":"Grow","damage_taken":0,"max_hp_gain":0,"max_hp_loss":0,"event_name":"Living Wall","floor":13,"gold_loss":0,"cards_upgraded":["Zap"]},{"damage_healed":0,"gold_gain":0,"player_choice":"Obtained Relic","damage_taken":0,"relics_obtained":["Bag of Preparation"],"max_hp_gain":0,"max_hp_loss":0,"event_name":"Addict","floor":19,"gold_loss":85}],"is_beta":false,"boss_relics":[{"not_picked":["Calling Bell","Philosopher\u0027s Stone"],"picked":"Cursed Key"}],"items_purged_floors":[],"is_endless":false,"potions_floor_spawned":[2,5,7,16,20,22],"killed_by":"Book of Stabbing","ascension_level":20}