{"gold_per_floor":[114,130,130,76,93,93,93,123,149,149,163,197,209],"floor_reached":13,"playtime":525,"items_purged":[],"score":186,"play_id":"f3ba1e27-149b-4cad-a697-11c7b448c2dc","local_time":"20190116174449","is_ascension_mode":true,"campfire_choices":[{"data":"Consume","floor":6.0,"key":"SMITH"},{"data":"Zap","floor":10.0,"key":"SMITH"}],"neow_cost":"NONE","seed_source_timestamp":537155672171235,"circlet_count":0,"master_deck":["AscendersBane","Strike_B","Strike_B","Strike_B","Defend_B","Defend_B","Defend_B","Zap+1","Dualcast","Reinforced Body","Ball Lightning","Consume+1","FTL","Conserve Battery"],"special_seed":0,"relics":["Cracked Core","Bronze Scales","Bag of Marbles","MawBank"],"potions_floor_usage":[11,12,12,12],"damage_taken":[{"damage":1.0,"enemies":"Cultist","floor":1.0,"turns":3.0},{"damage":10.0,"enemies":"Small Slimes","floor":2.0,"turns":3.0},{"damage":1.0,"enemies":"2 Louse","floor":5.0,"turns":3.0},{"damage":23.0,"enemies":"3 Sentries","floor":8.0,"turns":5.0},{"damage":0,"enemies":"Exordium Wildlife","floor":11,"turns":3},{"damage":22,"enemies":"Gremlin Nob","floor":12,"turns":4},{"damage":10,"enemies":"3 Louse","floor":13,"turns":1}],"seed_played":"-7535978931287213563","potions_obtained":[{"floor":1.0,"key":"Energy Potion"},{"floor":11,"key":"EntropicBrew"},{"floor":12,"key":"Strength Potion"}],"is_trial":false,"path_per_floor":["M","M","?","$","M","R","?","E","T","R","M","E","M"],"character_chosen":"DEFECT","items_purchased":["Poison Potion"],"campfire_rested":0,"item_purchase_floors":[4],"current_hp_per_floor":[70,60,53,53,52,52,52,29,29,29,29,7,0],"gold":209,"neow_bonus":"TEN_PERCENT_HP_BONUS","is_prod":false,"is_daily":false,"chose_seed":false,"campfire_upgraded":2,"win_rate":0,"timestamp":1547657089,"path_taken":["M","M","?","$","M","R","?","E","T","R","?","E","M"],"build_version":"2019-01-10","purchased_purges":0,"victory":false,"max_hp_per_floor":[78,78,78,78,78,78,78,78,78,78,78,78,78],"card_choices":[{"not_picked":["Gash","Capacitor"],"picked":"Reinforced Body","floor":1.0},{"not_picked":["Rebound","Gash"],"picked":"Ball Lightning","floor":2.0},{"not_picked":["Steam","Go for the Eyes"],"picked":"Consume","floor":5.0},{"not_picked":["Doom and Gloom","Consume","Thunder Strike"],"picked":"SKIP","floor":8.0},{"not_picked":["White Noise","Barrage"],"picked":"Conserve Battery","floor":11},{"not_picked":["Stack","Defragment","Heatsinks"],"picked":"SKIP","floor":12}],"player_experience":440243,"relics_obtained":[{"floor":8.0,"key":"Bronze Scales"},{"floor":9.0,"key":"Bag of Marbles"},{"floor":12,"key":"MawBank"}],"event_choices":[{"cards_removed":["Strike_B"],"damage_healed":0.0,"max_hp_gain":0.0,"max_hp_loss":0.0,"gold_gain":0.0,"event_name":"Golden Wing","player_choice":"Card Removal","floor":3.0,"gold_loss":0.0,"damage_taken":7.0},{"damage_healed":0.0,"max_hp_gain":0.0,"max_hp_loss":0.0,"gold_gain":0.0,"cards_transformed":["Defend_B"],"event_name":"Transmorgrifier","player_choice":"Transformed","floor":7.0,"gold_loss":0.0,"damage_taken":0.0,"cards_obtained":["FTL"]}],"is_beta":false,"boss_relics":[],"items_purged_floors":[],"is_endless":false,"potions_floor_spawned":[1,11,12],"killed_by":"3 Louse","ascension_level":20}