{"gold_per_floor":[116,130,148,158,8,41,41,64,64,64,95,106,281,310,310,407,407,347,360,360],"floor_reached":20,"playtime":1537,"items_purged":["Defend_R"],"score":307,"play_id":"21008f58-de53-4f21-8d19-671b53f0f87e","local_time":"20190418003333","is_ascension_mode":true,"campfire_choices":[{"data":"Armaments","floor":7.0,"key":"SMITH"},{"floor":10.0,"key":"REST"},{"data":"True Grit","floor":15.0,"key":"SMITH"}],"neow_cost":"NONE","seed_source_timestamp":0,"circlet_count":0,"master_deck":["AscendersBane","Strike_R","Strike_R","Strike_R","Strike_R","Defend_R","Defend_R","Defend_R","Bash","Sentinel","Armaments+1","Iron Wave","True Grit+1","Perfected Strike","Twin Strike","True Grit","Flame Barrier","Battle Trance","Wild Strike","Doubt","Headbutt","Dark Embrace","Twin Strike","Wild Strike"],"special_seed":0,"relics":["Burning Blood","Champion Belt","Odd Mushroom","Meat on the Bone","Shuriken","Sundial","Runic Cube"],"potions_floor_usage":[20],"damage_taken":[{"damage":7.0,"enemies":"2 Louse","floor":1.0,"turns":5.0},{"damage":11.0,"enemies":"Small Slimes","floor":2.0,"turns":5.0},{"damage":3.0,"enemies":"Jaw Worm","floor":3.0,"turns":4.0},{"damage":5.0,"enemies":"2 Fungi Beasts","floor":4.0,"turns":5.0},{"damage":30.0,"enemies":"Lagavulin","floor":6.0,"turns":6.0},{"damage":43.0,"enemies":"The Mushroom Lair","floor":8.0,"turns":6.0},{"damage":21.0,"enemies":"3 Sentries","floor":11.0,"turns":7.0},{"damage":4.0,"enemies":"Looter","floor":12.0,"turns":3.0},{"damage":15.0,"enemies":"Gremlin Nob","floor":14.0,"turns":4.0},{"damage":44.0,"enemies":"Hexaghost","floor":16.0,"turns":13.0},{"damage":12.0,"enemies":"2 Thieves","floor":18.0,"turns":4.0},{"damage":36.0,"enemies":"3 Byrds","floor":19.0,"turns":7.0},{"damage":46,"enemies":"Cultist and Chosen","floor":20,"turns":8}],"seed_played":"4479922483682542431","potions_obtained":[{"floor":6.0,"key":"PowerPotion"},{"floor":8.0,"key":"BloodPotion"},{"floor":11.0,"key":"EssenceOfSteel"},{"floor":16.0,"key":"Swift Potion"}],"is_trial":false,"path_per_floor":["M","M","M","M","$","E","R","?","T","R","E","M","?","E","R","B",null,"M","M","M"],"character_chosen":"IRONCLAD","items_purchased":["Perfected Strike","Twin Strike"],"campfire_rested":1,"item_purchase_floors":[5,5],"current_hp_per_floor":[71,66,69,70,70,46,46,9,9,33,38,52,52,55,55,29,67,61,43,0],"gold":360,"neow_bonus":"TRANSFORM_CARD","is_prod":false,"is_daily":false,"chose_seed":false,"campfire_upgraded":2,"win_rate":0,"timestamp":1555562013,"path_taken":["M","M","M","M","$","E","R","?","T","R","E","M","?","E","R","BOSS","M","M","M"],"build_version":"2019-01-23","purchased_purges":1,"victory":false,"max_hp_per_floor":[80,80,80,80,80,80,80,80,80,80,80,80,80,80,80,80,80,80,80,80],"card_choices":[{"not_picked":["Wild Strike","Dropkick"],"picked":"Armaments","floor":1.0},{"not_picked":["Havoc","Combust"],"picked":"Iron Wave","floor":2.0},{"not_picked":["Warcry","Pummel","Sentinel"],"picked":"SKIP","floor":3.0},{"not_picked":["Metallicize","Shrug It Off"],"picked":"True Grit","floor":4.0},{"not_picked":["Clash","Dual Wield"],"picked":"True Grit","floor":6.0},{"not_picked":["Iron Wave","Anger"],"picked":"Flame Barrier","floor":8.0},{"not_picked":["Blood for Blood","Headbutt"],"picked":"Battle Trance","floor":11.0},{"not_picked":["Rupture","Thunderclap"],"picked":"Wild Strike","floor":12.0},{"not_picked":["Power Through","Demon Form"],"picked":"Headbutt","floor":14.0},{"not_picked":["Fiend Fire","Immolate"],"picked":"Dark Embrace","floor":16.0},{"not_picked":["Clash","Clothesline"],"picked":"Twin Strike","floor":18.0},{"not_picked":["Heavy Blade","Shrug It Off"],"picked":"Wild Strike","floor":19.0}],"player_experience":942426,"relics_obtained":[{"floor":6.0,"key":"Champion Belt"},{"floor":8.0,"key":"Odd Mushroom"},{"floor":9.0,"key":"Meat on the Bone"},{"floor":11.0,"key":"Shuriken"},{"floor":14.0,"key":"Sundial"}],"event_choices":[{"damage_healed":0.0,"max_hp_gain":0.0,"max_hp_loss":0.0,"gold_gain":0.0,"event_name":"Mushrooms","player_choice":"Fought Mushrooms","floor":8.0,"gold_loss":0.0,"damage_taken":0.0},{"damage_healed":0.0,"max_hp_gain":0.0,"max_hp_loss":0.0,"gold_gain":175.0,"event_name":"Liars Game","player_choice":"AGREE","floor":13.0,"gold_loss":0.0,"damage_taken":0.0,"cards_obtained":["Doubt"]}],"is_beta":false,"boss_relics":[{"not_picked":["Black Star","Empty Cage"],"picked":"Runic Cube"}],"items_purged_floors":[5],"is_endless":false,"potions_floor_spawned":[6,8,11,16],"killed_by":"Cultist and Chosen","ascension_level":12}