{"gold_per_floor":[114,127,127,302,315,315,345,345,345,356,375,375,394,394,394,492,492,510,521,436,436,436,436,461,461,461,174,211,245,245,285,285,384,384,395,395,395,406,418,21,21,35,35,35,52,52,87,87],"floor_reached":48,"playtime":3915,"items_purged":["Doubt","Doubt"],"score":625,"play_id":"7cee2411-ece3-44e4-acee-7a1194f435b5","local_time":"20190210165226","is_ascension_mode":true,"campfire_choices":[{"data":"Bash","floor":6,"key":"SMITH"},{"data":"Clash","floor":8,"key":"SMITH"},{"data":"Uppercut","floor":12,"key":"SMITH"},{"floor":15,"key":"REST"},{"data":"Barricade","floor":23,"key":"SMITH"},{"floor":25,"key":"REST"},{"floor":30,"key":"REST"},{"floor":32,"key":"REST"},{"data":"Finesse","floor":41,"key":"SMITH"}],"neow_cost":"NONE","seed_source_timestamp":261211859258196,"circlet_count":0,"master_deck":["Strike_R+1","Strike_R+1","Strike_R+1","Strike_R+1","Strike_R+1","Defend_R+1","Defend_R+1","Defend_R+1","Defend_R+1","Bash+1","Clash","Clash+1","Shrug It Off","Uppercut+1","Metallicize","Barricade+1","Finesse+1","Entrench","Metallicize","Perfected Strike+1","Iron Wave+1","Parasite","Inflame+1","Demon Form","Spot Weakness+1"],"relics":["Burning Blood","NeowsBlessing","Bird Faced Urn","The Courier","Sozu","Centennial Puzzle","Letter Opener","Self Forming Clay","Calipers","Matryoshka","Astrolabe","Membership Card","Happy Flower","Mercury Hourglass","Regal Pillow","Anchor","Art of War"],"potions_floor_usage":[11,16,24],"damage_taken":[{"damage":0,"enemies":"2 Louse","floor":1,"turns":1},{"damage":0,"enemies":"Small Slimes","floor":2,"turns":1},{"damage":0,"enemies":"Jaw Worm","floor":5,"turns":1},{"damage":40,"enemies":"3 Sentries","floor":7,"turns":11},{"damage":19,"enemies":"Blue Slaver","floor":10,"turns":5},{"damage":0,"enemies":"3 Louse","floor":11,"turns":4},{"damage":16,"enemies":"2 Fungi Beasts","floor":13,"turns":4},{"damage":51,"enemies":"The Guardian","floor":16,"turns":13},{"damage":12,"enemies":"Shell Parasite","floor":18,"turns":6},{"damage":15,"enemies":"Spheric Guardian","floor":19,"turns":5},{"damage":46,"enemies":"Slavers","floor":24,"turns":8},{"damage":20,"enemies":"Centurion and Healer","floor":28,"turns":5},{"damage":29,"enemies":"Gremlin Leader","floor":29,"turns":11},{"damage":5,"enemies":"Snake Plant","floor":31,"turns":4},{"damage":18,"enemies":"Champ","floor":33,"turns":16},{"damage":21,"enemies":"3 Darklings","floor":35,"turns":10},{"damage":1,"enemies":"Orb Walker","floor":38,"turns":4},{"damage":32,"enemies":"Sphere and 2 Shapes","floor":39,"turns":10},{"damage":0,"enemies":"Writhing Mass","floor":42,"turns":8},{"damage":3,"enemies":"Spire Growth","floor":45,"turns":4},{"damage":50,"enemies":"Nemesis","floor":47,"turns":11},{"damage":50,"enemies":"Transient","floor":48,"turns":5}],"seed_played":"1137235167564621012","potions_obtained":[{"floor":7,"key":"Block Potion"},{"floor":10,"key":"BloodPotion"},{"floor":16,"key":"LiquidBronze"}],"is_trial":false,"path_per_floor":["M","M","?","?","M","R","E","R","T","M","M","R","M","?","R","B",null,"M","M","?","?","?","R","E","R","T","$","M","E","R","M","R","B",null,"M","?","?","M","M","$","R","M","T","?","M","$","E","M"],"character_chosen":"IRONCLAD","items_purchased":["HandOfGreed","Finesse","Membership Card","Happy Flower","Mercury Hourglass"],"campfire_rested":4,"item_purchase_floors":[27,27,40,40,40],"current_hp_per_floor":[80,80,85,85,85,85,51,51,51,38,44,44,34,17,42,7,66,64,57,57,57,57,57,19,44,44,44,32,13,38,41,66,60,79,68,68,68,75,55,55,55,67,67,67,74,74,40,0],"gold":87,"neow_bonus":"THREE_ENEMY_KILL","is_prod":false,"is_daily":false,"chose_seed":false,"campfire_upgraded":5,"win_rate":0,"timestamp":1549846346,"path_taken":["M","M","?","?","?","R","E","R","T","M","M","R","M","?","R","BOSS","M","M","?","?","?","R","E","R","T","$","M","E","R","M","R","BOSS","M","?","?","M","M","$","R","M","T","?","M","?","E","M"],"build_version":"2019-01-23","purchased_purges":2,"victory":false,"max_hp_per_floor":[80,80,85,85,85,85,85,85,85,85,85,85,85,85,85,85,85,85,85,85,85,85,85,85,85,85,85,85,85,85,85,85,85,85,85,85,85,85,85,85,85,85,85,81,81,81,81,81],"card_choices":[{"not_picked":["Perfected Strike","Evolve"],"picked":"Clash","floor":1},{"not_picked":["Combust","Shrug It Off"],"picked":"Clash","floor":2},{"not_picked":["Dual Wield","Feel No Pain","Headbutt"],"picked":"SKIP","floor":5},{"not_picked":["Fiend Fire","Bloodletting","Flex"],"picked":"SKIP","floor":7},{"not_picked":["Flex","Sentinel"],"picked":"Shrug It Off","floor":10},{"not_picked":["True Grit","Shrug It Off"],"picked":"Uppercut","floor":11},{"not_picked":["Wild Strike","Anger"],"picked":"Metallicize","floor":13},{"not_picked":["Bludgeon","Dark Embrace"],"picked":"Barricade","floor":16},{"not_picked":["Heavy Blade","Headbutt+1","Cleave+1"],"picked":"SKIP","floor":18},{"not_picked":["Heavy Blade+1","Anger","Flex"],"picked":"SKIP","floor":19},{"not_picked":["Hemokinesis","Perfected Strike","Uppercut"],"picked":"SKIP","floor":24},{"not_picked":["Body Slam","Twin Strike"],"picked":"Havoc","floor":28},{"not_picked":["Flex","Immolate"],"picked":"Entrench","floor":29},{"not_picked":["Warcry","Intimidate"],"picked":"Metallicize","floor":31},{"not_picked":["Thunderclap","Warcry"],"picked":"Iron Wave+1","floor":35},{"not_picked":["Clothesline","Headbutt","Flex+1"],"picked":"SKIP","floor":38},{"not_picked":["Power Through","Sentinel+1","Clothesline+1"],"picked":"SKIP","floor":39},{"not_picked":["Iron Wave","Sword Boomerang"],"picked":"Inflame+1","floor":42},{"not_picked":["Thunderclap","Clothesline"],"picked":"Demon Form","floor":45},{"not_picked":["Reckless Charge","Inflame"],"picked":"Spot Weakness+1","floor":47}],"player_experience":677257,"relics_obtained":[{"floor":7,"key":"Bird Faced Urn"},{"floor":9,"key":"The Courier"},{"floor":24,"key":"Self Forming Clay"},{"floor":26,"key":"Calipers"},{"floor":29,"key":"Matryoshka"},{"floor":43,"key":"Regal Pillow"},{"floor":43,"key":"Anchor"},{"floor":47,"key":"Art of War"}],"event_choices":[{"damage_healed":0,"gold_gain":0,"player_choice":"Donut","damage_taken":0,"max_hp_gain":5,"max_hp_loss":0,"event_name":"Big Fish","floor":3,"gold_loss":0},{"damage_healed":0,"gold_gain":175,"player_choice":"AGREE","damage_taken":0,"max_hp_gain":0,"max_hp_loss":0,"event_name":"Liars Game","floor":4,"gold_loss":0,"cards_obtained":["Doubt"]},{"damage_healed":0,"gold_gain":0,"player_choice":"Entered Light","damage_taken":17,"max_hp_gain":0,"max_hp_loss":0,"event_name":"Shining Light","floor":14,"gold_loss":0,"cards_upgraded":["Strike_R","Strike_R"]},{"damage_healed":0,"gold_gain":0,"player_choice":"Obtained Relic","damage_taken":0,"relics_obtained":["Centennial Puzzle"],"max_hp_gain":0,"max_hp_loss":0,"event_name":"Addict","floor":20,"gold_loss":85},{"damage_healed":0,"gold_gain":0,"player_choice":"Simplicity","damage_taken":0,"max_hp_gain":0,"max_hp_loss":0,"event_name":"Back to Basics","floor":21,"gold_loss":0,"cards_upgraded":["Strike_R","Strike_R","Strike_R","Defend_R","Defend_R","Defend_R","Defend_R"]},{"damage_healed":0,"gold_gain":0,"player_choice":"Opened","damage_taken":0,"relics_obtained":["Letter Opener"],"max_hp_gain":0,"max_hp_loss":0,"event_name":"The Mausoleum","floor":22,"gold_loss":0,"cards_obtained":["Writhe"]},{"cards_removed":["Thinking Ahead"],"damage_healed":0,"gold_gain":0,"player_choice":"Removed Skill","damage_taken":0,"max_hp_gain":0,"max_hp_loss":0,"event_name":"Falling","floor":36,"gold_loss":0},{"damage_healed":0,"gold_gain":0,"player_choice":"Ignored","damage_taken":0,"max_hp_gain":0,"max_hp_loss":0,"event_name":"Tomb of Lord Red Mask","floor":37,"gold_loss":0},{"damage_healed":0,"gold_gain":0,"player_choice":"Max HP","damage_taken":0,"max_hp_gain":0,"max_hp_loss":4,"event_name":"Winding Halls","floor":44,"gold_loss":0}],"is_beta":false,"boss_relics":[{"not_picked":["Orrery","Fusion Hammer"],"picked":"Sozu"},{"not_picked":["Runic Dome","Mark of Pain"],"picked":"Astrolabe"}],"items_purged_floors":[27,40],"is_endless":false,"potions_floor_spawned":[7,10,16,18,19,29,31,35,38],"killed_by":"Transient","ascension_level":5}