{"gold_per_floor":[14,30,49,63,74,104,115,115,138,153,153,153,172,230,230,331,331,344,77,77,96,113,113,141,177,203,203,237,74,84,112,112,207,207,243,243,295,395,97,128,165,165,165,190,190,217,229,258,270,282],"floor_reached":51,"playtime":2525,"items_purged":["Normality","Writhe"],"score":911,"play_id":"72eb0269-4b03-4517-861f-c39770b51af7","local_time":"20190420133040","is_ascension_mode":false,"campfire_choices":[{"data":"Shockwave","floor":8,"key":"SMITH"},{"data":"Bash","floor":11,"key":"SMITH"},{"data":"Armaments","floor":15,"key":"SMITH"},{"data":"Limit Break","floor":23,"key":"SMITH"},{"data":"Whirlwind","floor":27,"key":"SMITH"},{"data":"Inflame","floor":32,"key":"SMITH"},{"floor":42,"key":"REST"},{"data":"Disarm","floor":45,"key":"SMITH"},{"floor":47,"key":"REST"},{"floor":49,"key":"REST"}],"neow_cost":"NO_GOLD","seed_source_timestamp":699263062300600,"circlet_count":0,"master_deck":["Strike_R","Strike_R","Strike_R","Strike_R","Strike_R","Defend_R","Defend_R","Defend_R","Bash+1","Headbutt","Twin Strike","Inflame+1","Flame Barrier","Shockwave+1","Carnage","True Grit","Perfected Strike","Shrug It Off","Juggernaut","Wild Strike","Armaments+1","Feed","Flame Barrier","HandOfGreed","Whirlwind+1","Limit Break+1","Twin Strike+1","Shockwave","Pommel Strike","Iron Wave","Spot Weakness","Armaments+1","Exhume","Inflame+1","Iron Wave","Headbutt+1","Limit Break+1","Clothesline+1","Disarm+1","Burning Pact+1","Shame","Pain","True Grit+1","Corruption"],"relics":["Burning Blood","Happy Flower","Oddly Smooth Stone","Tiny Chest","Cursed Key","Dream Catcher","Anchor","Lantern","Philosopher\u0027s Stone","Vajra","Bird Faced Urn","DollysMirror","Dodecahedron","Sundial","Letter Opener","MawBank"],"potions_floor_usage":[14,16,22,24,31,33,40,41,44,50],"damage_taken":[{"damage":5,"enemies":"Small Slimes","floor":1,"turns":4},{"damage":1,"enemies":"Cultist","floor":2,"turns":3},{"damage":2,"enemies":"2 Louse","floor":3,"turns":3},{"damage":14,"enemies":"Blue Slaver","floor":4,"turns":4},{"damage":5,"enemies":"Large Slime","floor":5,"turns":5},{"damage":35,"enemies":"3 Sentries","floor":6,"turns":6},{"damage":9,"enemies":"Red Slaver","floor":7,"turns":5},{"damage":0,"enemies":"3 Louse","floor":10,"turns":3},{"damage":6,"enemies":"Lots of Slimes","floor":13,"turns":5},{"damage":8,"enemies":"Lagavulin","floor":14,"turns":6},{"damage":12,"enemies":"Slime Boss","floor":16,"turns":8},{"damage":0,"enemies":"Chosen","floor":18,"turns":4},{"damage":12,"enemies":"Shell Parasite","floor":21,"turns":3},{"damage":12,"enemies":"Snecko","floor":22,"turns":5},{"damage":31,"enemies":"Book of Stabbing","floor":24,"turns":5},{"damage":12,"enemies":"Snake Plant","floor":25,"turns":4},{"damage":5,"enemies":"Centurion and Healer","floor":28,"turns":7},{"damage":0,"enemies":"Snecko","floor":30,"turns":3},{"damage":0,"enemies":"Gremlin Leader","floor":31,"turns":5},{"damage":50,"enemies":"Champ","floor":33,"turns":10},{"damage":0,"enemies":"3 Darklings","floor":35,"turns":4},{"damage":10,"enemies":"3 Shapes","floor":37,"turns":6},{"damage":28,"enemies":"Mind Bloom Boss Battle","floor":38,"turns":11},{"damage":68,"enemies":"Giant Head","floor":40,"turns":7},{"damage":0,"enemies":"3 Darklings","floor":41,"turns":4},{"damage":31,"enemies":"Reptomancer","floor":44,"turns":6},{"damage":0,"enemies":"Jaw Worm Horde","floor":48,"turns":4},{"damage":97,"enemies":"Time Eater","floor":50,"turns":9}],"seed_played":"4494120500500205521","potions_obtained":[{"floor":2,"key":"Swift Potion"},{"floor":3,"key":"Weak Potion"},{"floor":10,"key":"Block Potion"},{"floor":14,"key":"SteroidPotion"},{"floor":16,"key":"SteroidPotion"},{"floor":24,"key":"SpeedPotion"},{"floor":31,"key":"Fire Potion"},{"floor":33,"key":"GamblersBrew"},{"floor":40,"key":"AttackPotion"},{"floor":48,"key":"SpeedPotion"}],"is_trial":false,"path_per_floor":["M","M","M","M","M","E","M","R","T","M","R","?","M","E","R","B",null,"M","$","?","M","M","R","E","M","T","R","M","$","M","E","R","B",null,"M","T","M","?","$","E","M","R","T","E","R","T","R","M","R","B",null],"character_chosen":"IRONCLAD","items_purchased":["HandOfGreed","Whirlwind","Spot Weakness","SkillPotion","DollysMirror"],"campfire_rested":3,"item_purchase_floors":[19,19,29,29,39],"current_hp_per_floor":[96,96,96,88,89,60,57,57,57,63,63,63,63,61,61,55,96,96,96,96,93,87,87,62,56,56,56,61,61,67,73,73,33,107,107,107,103,85,85,29,37,70,70,49,49,49,82,93,114,31],"gold":294,"neow_bonus":"TWENTY_PERCENT_HP_BONUS","is_prod":false,"is_daily":false,"chose_seed":false,"campfire_upgraded":7,"win_rate":1,"timestamp":1555792240,"path_taken":["M","M","M","M","M","E","M","R","T","M","R","?","?","E","R","BOSS","M","$","?","M","M","R","E","M","T","R","M","$","M","E","R","BOSS","M","?","M","?","$","E","M","R","T","E","R","?","R","M","R","BOSS"],"build_version":"2019-01-23","purchased_purges":2,"victory":true,"max_hp_per_floor":[96,96,96,96,96,96,96,96,96,96,96,96,96,96,96,96,96,96,96,96,99,99,99,99,99,99,99,103,103,103,103,103,107,107,107,107,107,111,111,111,111,111,111,111,111,111,111,114,114,114],"card_choices":[{"not_picked":["Havoc","Dropkick"],"picked":"Headbutt","floor":1},{"not_picked":["Flex","Dropkick"],"picked":"Twin Strike","floor":2},{"not_picked":["Clash","Clothesline"],"picked":"Inflame","floor":3},{"not_picked":["Sentinel","Twin Strike"],"picked":"Flame Barrier","floor":4},{"not_picked":["Perfected Strike","Flex"],"picked":"Shockwave","floor":5},{"not_picked":["Sever Soul","Evolve"],"picked":"Carnage","floor":6},{"not_picked":["Rage","Body Slam"],"picked":"True Grit","floor":7},{"not_picked":["Clash","Dark Embrace"],"picked":"Perfected Strike","floor":10},{"not_picked":["Thunderclap","Clash"],"picked":"Wild Strike","floor":13},{"not_picked":["Heavy Blade","Perfected Strike"],"picked":"Armaments","floor":14},{"not_picked":["Reaper","Fiend Fire"],"picked":"Feed","floor":16},{"not_picked":["Wild Strike","Pommel Strike"],"picked":"Flame Barrier","floor":18},{"not_picked":["Seeing Red","Cleave","Heavy Blade+1"],"picked":"SKIP","floor":21},{"not_picked":["Perfected Strike","Warcry"],"picked":"Twin Strike+1","floor":22},{"not_picked":["Hemokinesis","Rampage"],"picked":"Shockwave","floor":24},{"not_picked":["Clash","Cleave"],"picked":"Pommel Strike","floor":25},{"not_picked":["Berserk","Warcry"],"picked":"Iron Wave","floor":28},{"not_picked":["Thunderclap","Heavy Blade"],"picked":"Armaments+1","floor":30},{"not_picked":["Reckless Charge","Entrench","Rupture+1"],"picked":"SKIP","floor":31},{"not_picked":["Barricade","Feed"],"picked":"Exhume","floor":33},{"not_picked":["Ghostly Armor","Pummel"],"picked":"Inflame+1","floor":35},{"not_picked":["Armaments","Wild Strike+1"],"picked":"Iron Wave","floor":37},{"not_picked":["Pommel Strike+1","Twin Strike+1"],"picked":"Headbutt+1","floor":38},{"not_picked":["Uppercut","Reckless Charge"],"picked":"Clothesline+1","floor":40},{"not_picked":["True Grit","Hemokinesis"],"picked":"Disarm","floor":41},{"not_picked":["Wild Strike","Whirlwind"],"picked":"Burning Pact+1","floor":42},{"not_picked":["Uppercut","Bloodletting","Rupture+1"],"picked":"SKIP","floor":44},{"not_picked":["Clothesline","Barricade"],"picked":"True Grit+1","floor":47},{"not_picked":["Bloodletting+1","Thunderclap+1","Uppercut"],"picked":"SKIP","floor":48},{"not_picked":["Uppercut+1","Fire Breathing+1"],"picked":"Corruption","floor":49}],"player_experience":458156,"relics_obtained":[{"floor":6,"key":"Happy Flower"},{"floor":9,"key":"Oddly Smooth Stone"},{"floor":14,"key":"Tiny Chest"},{"floor":24,"key":"Dream Catcher"},{"floor":26,"key":"Anchor"},{"floor":31,"key":"Lantern"},{"floor":36,"key":"Vajra"},{"floor":38,"key":"Bird Faced Urn"},{"floor":40,"key":"Dodecahedron"},{"floor":43,"key":"Sundial"},{"floor":44,"key":"Letter Opener"},{"floor":46,"key":"MawBank"}],"event_choices":[{"damage_healed":0,"gold_gain":0,"player_choice":"2 cards matched","damage_taken":0,"max_hp_gain":0,"max_hp_loss":0,"event_name":"Match and Keep!","floor":12,"gold_loss":0,"cards_obtained":["Shrug It Off","Juggernaut"]},{"damage_healed":0,"gold_gain":0,"cards_transformed":["Defend_R"],"player_choice":"Transformed","damage_taken":0,"max_hp_gain":0,"max_hp_loss":0,"event_name":"Transmorgrifier","floor":20,"gold_loss":0,"cards_obtained":["Limit Break"]},{"damage_healed":0,"gold_gain":0,"player_choice":"Fight","damage_taken":0,"max_hp_gain":0,"max_hp_loss":0,"event_name":"MindBloom","floor":38,"gold_loss":0}],"is_beta":false,"boss_relics":[{"not_picked":["Sozu","Black Blood"],"picked":"Cursed Key"},{"not_picked":["Runic Cube","Runic Pyramid"],"picked":"Philosopher\u0027s Stone"}],"items_purged_floors":[29,39],"is_endless":false,"potions_floor_spawned":[2,3,10,14,16,24,31,33,35,40,48],"ascension_level":0}