{"gold_per_floor":[19,19,35,51,69,69,100,115,115,115,131,151,171,171,171,266,316,335,110,110,122,122,122,133,133,160,260,279,279],"floor_reached":29,"playtime":1489,"items_purged":["Strike_G"],"score":227,"play_id":"c09849d9-ad5e-429c-b75e-c8abf825b5de","local_time":"20190329224429","is_ascension_mode":false,"campfire_choices":[{"data":"A Thousand Cuts","floor":6,"key":"SMITH"},{"floor":10,"key":"REST"},{"floor":15,"key":"REST"},{"floor":23,"key":"REST"}],"neow_cost":"NO_GOLD","seed_source_timestamp":3520420844475,"circlet_count":0,"master_deck":["Defend_G","Defend_G","Defend_G","Defend_G","Defend_G+1","Strike_G","Strike_G","Strike_G","Strike_G","Survivor","Neutralize","A Thousand Cuts+1","Dagger Throw","Deflect","Endless Agony","Noxious Fumes+1","Dagger Spray","Acrobatics","Quick Slash","Dagger Spray","Backflip","Cloak And Dagger","Backstab","Terror+1","Riddle With Holes"],"relics":["Ring of the Snake","Boot","Odd Mushroom","Tiny House","Blood Vial","Regal Pillow"],"potions_floor_usage":[7,18,22,29],"damage_taken":[{"damage":1,"enemies":"Cultist","floor":1,"turns":4},{"damage":0,"enemies":"2 Louse","floor":3,"turns":3},{"damage":2,"enemies":"Small Slimes","floor":4,"turns":3},{"damage":5,"enemies":"Red Slaver","floor":5,"turns":5},{"damage":11,"enemies":"Lagavulin","floor":7,"turns":6},{"damage":10,"enemies":"Blue Slaver","floor":8,"turns":3},{"damage":1,"enemies":"2 Fungi Beasts","floor":11,"turns":3},{"damage":0,"enemies":"Lots of Slimes","floor":12,"turns":1},{"damage":26,"enemies":"The Mushroom Lair","floor":13,"turns":3},{"damage":50,"enemies":"The Guardian","floor":16,"turns":11},{"damage":21,"enemies":"Shell Parasite","floor":18,"turns":7},{"damage":29,"enemies":"2 Thieves","floor":21,"turns":4},{"damage":19,"enemies":"Colosseum Slavers","floor":22,"turns":3},{"damage":27,"enemies":"Snake Plant","floor":24,"turns":4},{"damage":13,"enemies":"Shelled Parasite and Fungi","floor":28,"turns":6},{"damage":9,"enemies":"Snecko","floor":29,"turns":3}],"seed_played":"8335234683141471387","potions_obtained":[{"floor":3,"key":"Block Potion"},{"floor":5,"key":"SpeedPotion"},{"floor":11,"key":"LiquidBronze"},{"floor":12,"key":"Swift Potion"},{"floor":16,"key":"Regen Potion"},{"floor":28,"key":"Ancient Potion"}],"is_trial":false,"path_per_floor":["M","?","?","?","M","?","?","?"],"character_chosen":"THE_SILENT","items_purchased":["Blood Vial"],"campfire_rested":3,"item_purchase_floors":[19],"current_hp_per_floor":[69,69,69,67,62,62,51,41,41,62,61,61,35,35,56,6,75,54,54,54,27,19,41,16,16,16,16,5,0],"gold":279,"neow_bonus":"THREE_RARE_CARDS","is_prod":false,"is_daily":false,"chose_seed":false,"campfire_upgraded":1,"win_rate":0,"timestamp":1553913869,"path_taken":["M","$","?","M","M","R","E","M","T","R","M","M","?","?","R","BOSS","M","$","?","?","?","R","M","?","T","?","M","M"],"build_version":"2019-01-23","purchased_purges":1,"victory":false,"max_hp_per_floor":[70,70,70,70,70,70,70,70,70,70,70,70,70,70,70,70,75,75,75,75,75,75,75,75,75,75,75,75,75],"card_choices":[{"not_picked":["Venomology","Night Terror"],"picked":"A Thousand Cuts","floor":0},{"not_picked":["Slice","Deadly Poison"],"picked":"Dagger Throw","floor":1},{"not_picked":["Underhanded Strike","Backflip"],"picked":"Deflect","floor":3},{"not_picked":["Calculated Gamble","Catalyst"],"picked":"Endless Agony","floor":4},{"not_picked":["Catalyst","Acrobatics"],"picked":"Noxious Fumes","floor":5},{"not_picked":["Tactician","Blade Dance"],"picked":"Dagger Spray","floor":7},{"not_picked":["Tactician","Bane","Underhanded Strike"],"picked":"SKIP","floor":8},{"not_picked":["Underhanded Strike","Prepared"],"picked":"Acrobatics","floor":11},{"not_picked":["Eviscerate","Underhanded Strike"],"picked":"Quick Slash","floor":12},{"not_picked":["Night Terror","Eviscerate"],"picked":"Dagger Spray","floor":13},{"not_picked":["Prepared","Quick Slash"],"picked":"Backflip","floor":17},{"not_picked":["Noxious Fumes+1","Dagger Throw"],"picked":"Cloak And Dagger","floor":18},{"not_picked":["Prepared","Poisoned Stab"],"picked":"Backstab","floor":21},{"not_picked":["Calculated Gamble+1","Flying Knee"],"picked":"Terror+1","floor":24},{"not_picked":["Skewer","Acrobatics"],"picked":"Riddle With Holes","floor":28}],"player_experience":86774,"relics_obtained":[{"floor":7,"key":"Boot"},{"floor":13,"key":"Odd Mushroom"},{"floor":26,"key":"Regal Pillow"}],"event_choices":[{"damage_healed":0,"gold_gain":0,"player_choice":"Fought Mushrooms","damage_taken":0,"max_hp_gain":0,"max_hp_loss":0,"event_name":"Mushrooms","floor":13,"gold_loss":0},{"damage_healed":0,"gold_gain":0,"player_choice":"Ignored","damage_taken":0,"max_hp_gain":0,"max_hp_loss":0,"event_name":"Golden Wing","floor":14,"gold_loss":0},{"damage_healed":0,"gold_gain":0,"player_choice":"Upgraded","damage_taken":0,"max_hp_gain":0,"max_hp_loss":0,"event_name":"Upgrade Shrine","floor":20,"gold_loss":0,"cards_upgraded":["Noxious Fumes"]},{"damage_healed":0,"gold_gain":0,"player_choice":"Fight","damage_taken":0,"max_hp_gain":0,"max_hp_loss":0,"event_name":"Colosseum","floor":22,"gold_loss":0},{"damage_healed":0,"gold_gain":0,"player_choice":"Fled From Nobs","damage_taken":0,"max_hp_gain":0,"max_hp_loss":0,"event_name":"Colosseum","floor":22,"gold_loss":0},{"damage_healed":0,"gold_gain":0,"player_choice":"Ignored","damage_taken":0,"max_hp_gain":0,"max_hp_loss":0,"event_name":"Ghosts","floor":25,"gold_loss":0},{"damage_healed":0,"gold_gain":100,"player_choice":"Pray","damage_taken":0,"max_hp_gain":0,"max_hp_loss":0,"event_name":"Golden Shrine","floor":27,"gold_loss":0}],"is_beta":false,"boss_relics":[{"not_picked":["Coffee Dripper","Eternal Feather"],"picked":"Tiny House"}],"items_purged_floors":[19],"is_endless":false,"potions_floor_spawned":[3,5,11,12,16,28],"killed_by":"Snecko","ascension_level":0}