{"path_per_floor":["M","?","?","M","M","R","E","R","T","M","E","M","R","E","R","B",null,"M","M","$","?","M","E","M","R","T","?","M","?","R","T","R"],"character_chosen":"IRONCLAD","items_purchased":["Reaper","Double Tap"],"gold_per_floor":[110,110,110,121,131,131,166,166,166,177,209,219,219,278,278,380,380,396,413,40,40,51,85,102,102,102,102,112,112,112,112,112],"floor_reached":33,"campfire_rested":1,"playtime":1918,"current_hp_per_floor":[85,73,73,73,79,79,57,57,57,59,45,51,51,52,52,43,76,70,63,63,63,45,44,43,43,43,43,10,10,29,39,39],"items_purged":["Strike_R"],"gold":112,"score":482,"play_id":"d841bf10-ccd2-40aa-8892-f8a0ca7cc8b7","is_prod":false,"is_daily":false,"is_ascension_mode":true,"campfire_upgraded":6,"path_taken":["M","?","?","M","?","R","E","R","T","M","E","M","R","E","R","BOSS","M","M","$","?","M","E","M","R","T","?","M","?","R","?","R","BOSS"],"build_version":"2018-02-22-PROD2","purchased_purges":1,"victory":false,"master_deck":["Defend_R","Defend_R","Defend_R","Defend_R","Bash+1","Shockwave+1","Second Wind+1","Clash","Iron Wave+1","Shrug It Off","Offering","Ghostly Armor","Juggernaut+1","Body Slam+1","Metallicize","Reaper","Double Tap+1","Bite","Bite","Bite","Bite","Bite","Offering"],"max_hp_per_floor":[88,88,85,85,85,85,85,85,85,87,87,87,87,87,87,87,87,87,87,87,87,89,91,93,93,93,65,65,65,65,75,75],"relics":["Burning Blood","Anchor","Singing Bowl","Torii","Bottled Flame","Tiny Chest","Mark of Pain","Champion Belt","Smiling Mask","Pear"],"card_choices":[{"not_picked":["Warcry","Twin Strike"],"picked":"Shockwave"},{"not_picked":["Metallicize","Intimidate"],"picked":"Second Wind"},{"not_picked":["Burning Pact","Flex"],"picked":"Clash"},{"not_picked":["Disarm","Evolve"],"picked":"Iron Wave"},{"not_picked":["Combust","Heavy Blade"],"picked":"Shrug It Off"},{"not_picked":["Iron Wave","Pommel Strike"],"picked":"Offering"},{"not_picked":["Pummel","Twin Strike"],"picked":"Ghostly Armor"},{"not_picked":["Brutality","Dark Embrace"],"picked":"Juggernaut"},{"not_picked":["Power Through","Searing Blow"],"picked":"Body Slam"},{"not_picked":["Dropkick","Wild Strike"],"picked":"Metallicize"},{"not_picked":["Infernal Blade","Thunderclap"],"picked":"Offering"}],"player_experience":188927,"potions_floor_usage":[14,14,19,19,22,23],"damage_taken":[{"damage":1,"enemies":"Jaw Worm","floor":1,"turns":5},{"damage":6,"enemies":"Cultist","floor":4,"turns":3},{"damage":0,"enemies":"2 Louse","floor":5,"turns":3},{"damage":28,"enemies":"Gremlin Nob","floor":7,"turns":5},{"damage":6,"enemies":"2 Fungi Beasts","floor":10,"turns":3},{"damage":20,"enemies":"3 Sentries","floor":11,"turns":10},{"damage":0,"enemies":"Exordium Wildlife","floor":12,"turns":5},{"damage":5,"enemies":"Lagavulin","floor":14,"turns":6},{"damage":15,"enemies":"The Guardian","floor":16,"turns":13},{"damage":12,"enemies":"3 Byrds","floor":18,"turns":7},{"damage":13,"enemies":"2 Thieves","floor":19,"turns":5},{"damage":29,"enemies":"Snake Plant","floor":22,"turns":7},{"damage":33,"enemies":"Slavers","floor":23,"turns":8},{"damage":15,"enemies":"Centurion and Healer","floor":24,"turns":6},{"damage":55,"enemies":"Cultist and Chosen","floor":28,"turns":8},{"damage":40,"enemies":"Collector","floor":33,"turns":3}],"event_choices":[{"event_name":"Scrap Ooze","player_choice":"success","floor":2,"damage_taken":12},{"event_name":"Living Wall","player_choice":"Forget","floor":3,"damage_taken":0},{"event_name":"Drug Dealer","player_choice":"Ignored","floor":21,"damage_taken":0},{"event_name":"Vampires","player_choice":"Became a vampire","floor":27,"damage_taken":0},{"event_name":"Cursed Tome","player_choice":"Ignored","floor":29,"damage_taken":0}],"boss_relics":[{"not_picked":["Tiny House","Astrolabe"],"picked":"Mark of Pain"}],"potions_floor_spawned":[5,10,12,14,16,19,22],"seed_played":"-2925330377683235739","killed_by":"Collector","ascension_level":12,"is_trial":false}