{"gold_per_floor":[118,118,135,135,210,210,160,171,219,253,268,268,288,288,288,390,390,402,432,450,465,512,512,208,227,279,279,125,136,153,171,171,270,270,285,42,52,65,81,81,116,116,142,170,187,187,232,242,242,242],"floor_reached":51,"playtime":526463,"items_purged":["Accuracy"],"score":917,"play_id":"1a6f50f2-8be0-42e6-87a6-a37e025f2142","local_time":"20190414110047","is_ascension_mode":true,"campfire_choices":[{"data":"Neutralize","floor":6,"key":"SMITH"},{"floor":12,"key":"REST"},{"data":"Tools of the Trade","floor":15,"key":"SMITH"},{"floor":23,"key":"REST"},{"floor":27,"key":"REST"},{"data":"Doppelganger","floor":32,"key":"SMITH"},{"data":"Adrenaline","floor":40,"key":"SMITH"},{"floor":49,"key":"REST"}],"neow_cost":"NONE","seed_source_timestamp":232939772130284,"circlet_count":0,"master_deck":["Survivor+1","Neutralize+1","All Out Attack","Tools of the Trade+1","Dagger Throw","Distraction+1","Adrenaline+1","Glass Knife","Tools of the Trade","Glass Knife","Cloak And Dagger+1","Poisoned Stab","Doppelganger+1","Tools of the Trade","Escape Plan","Writhe","Flying Knee+1","Heel Hook+1","Heel Hook","Escape Plan","Backstab+1","Quick Slash+1","Well Laid Plans","Dagger Throw+1","Backflip+1","Leg Sweep+1","Sucker Punch+1","Poisoned Stab+1","Parasite","Backflip+1","Parasite","Flying Knee+1","Discovery","Clumsy","Underhanded Strike"],"relics":["Ring of the Snake","NeowsBlessing","Dream Catcher","Bag of Marbles","Sundial","Pandora\u0027s Box","Tiny Chest","Art of War","Oddly Smooth Stone","Bag of Preparation","Lantern","Cursed Key","Ornamental Fan","Mercury Hourglass","War Paint","Potion Belt","Strawberry"],"potions_floor_usage":[10,21,21,33,41,50,50,50,50,50],"damage_taken":[{"damage":0,"enemies":"2 Louse","floor":1,"turns":1},{"damage":0,"enemies":"Cultist","floor":3,"turns":1},{"damage":0,"enemies":"Small Slimes","floor":8,"turns":1},{"damage":26,"enemies":"3 Sentries","floor":10,"turns":8},{"damage":7,"enemies":"Exordium Wildlife","floor":11,"turns":3},{"damage":1,"enemies":"Blue Slaver","floor":13,"turns":3},{"damage":26,"enemies":"The Guardian","floor":16,"turns":15},{"damage":0,"enemies":"3 Byrds","floor":18,"turns":3},{"damage":8,"enemies":"2 Thieves","floor":20,"turns":3},{"damage":31,"enemies":"Sentry and Sphere","floor":21,"turns":6},{"damage":0,"enemies":"Cultist and Chosen","floor":25,"turns":3},{"damage":3,"enemies":"Snake Plant","floor":29,"turns":4},{"damage":0,"enemies":"Snecko","floor":30,"turns":2},{"damage":5,"enemies":"Centurion and Healer","floor":31,"turns":3},{"damage":45,"enemies":"Collector","floor":33,"turns":5},{"damage":0,"enemies":"Orb Walker","floor":35,"turns":1},{"damage":5,"enemies":"3 Shapes","floor":37,"turns":4},{"damage":0,"enemies":"Jaw Worm Horde","floor":38,"turns":3},{"damage":2,"enemies":"4 Shapes","floor":39,"turns":3},{"damage":0,"enemies":"Reptomancer","floor":41,"turns":5},{"damage":18,"enemies":"Nemesis","floor":44,"turns":3},{"damage":11,"enemies":"Writhing Mass","floor":45,"turns":4},{"damage":9,"enemies":"Spire Growth","floor":48,"turns":3},{"damage":3,"enemies":"Donu and Deca","floor":50,"turns":8}],"seed_played":"1423220068287292991","potions_obtained":[{"floor":1,"key":"Swift Potion"},{"floor":11,"key":"SkillPotion"},{"floor":13,"key":"Dexterity Potion"},{"floor":18,"key":"Block Potion"},{"floor":21,"key":"LiquidBronze"},{"floor":30,"key":"GhostInAJar"},{"floor":33,"key":"FearPotion"},{"floor":37,"key":"SkillPotion"},{"floor":41,"key":"SteroidPotion"},{"floor":44,"key":"Dexterity Potion"},{"floor":48,"key":"Fire Potion"}],"is_trial":false,"path_per_floor":["M","?","M","T","?","R","?","M","T","E","M","R","M","?","R","B",null,"M","?","M","M","T","R","$","M","T","R","$","M","M","M","R","B",null,"M","$","M","M","M","R","E","?","T","E","M","?","T","M","R","B",null],"character_chosen":"THE_SILENT","items_purchased":["Oddly Smooth Stone","Escape Plan","Lantern","Ornamental Fan"],"campfire_rested":4,"item_purchase_floors":[24,24,28,36],"current_hp_per_floor":[63,63,63,63,52,52,52,52,52,26,19,40,39,39,39,13,56,56,56,48,17,17,38,38,38,38,59,59,56,56,51,51,6,54,54,54,49,49,47,47,47,47,47,29,18,18,25,16,39,36],"gold":242,"neow_bonus":"THREE_ENEMY_KILL","is_prod":false,"is_daily":false,"chose_seed":false,"campfire_upgraded":4,"win_rate":0,"timestamp":1555264847,"path_taken":["M","?","?","?","?","R","?","M","T","E","M","R","M","?","R","BOSS","M","?","M","M","?","R","$","M","T","R","?","M","M","M","R","BOSS","M","$","M","M","M","R","E","?","T","E","M","?","?","M","R","BOSS"],"build_version":"2019-01-23","purchased_purges":1,"victory":true,"max_hp_per_floor":[70,70,70,70,70,70,70,70,70,70,70,70,70,70,70,70,70,70,70,70,70,70,70,70,70,70,70,70,70,70,70,70,70,70,70,70,70,70,70,70,70,70,70,70,70,70,77,77,77,77],"card_choices":[{"not_picked":["Blur","Bane"],"picked":"All Out Attack","floor":1},{"not_picked":["Acrobatics","Dodge and Roll","Concentrate"],"picked":"SKIP","floor":3},{"not_picked":["Prepared","Slice","Acrobatics"],"picked":"SKIP","floor":8},{"not_picked":["PiercingWail","Underhanded Strike"],"picked":"Tools of the Trade","floor":10},{"not_picked":["Bane","Skewer","Prepared"],"picked":"SKIP","floor":11},{"not_picked":["Blade Dance","Dagger Spray"],"picked":"Dagger Throw","floor":12},{"not_picked":["Cloak And Dagger","Blade Dance"],"picked":"Distraction","floor":13},{"not_picked":["Bullet Time","Venomology"],"picked":"Adrenaline","floor":16},{"not_picked":["Reflex","Bouncing Flask+1"],"picked":"Escape Plan","floor":18},{"not_picked":["Bane+1","Catalyst+1"],"picked":"Flying Knee+1","floor":20},{"not_picked":["Choke","Dagger Spray"],"picked":"Heel Hook+1","floor":21},{"not_picked":["Backflip","Prepared"],"picked":"Heel Hook","floor":23},{"not_picked":["Flechettes","Phantasmal Killer","Deadly Poison"],"picked":"SKIP","floor":25},{"not_picked":["Blade Dance+1","Poisoned Stab"],"picked":"Backstab+1","floor":29},{"not_picked":["Flechettes+1","Reflex"],"picked":"Quick Slash+1","floor":30},{"not_picked":["Acrobatics","Poisoned Stab"],"picked":"Well Laid Plans","floor":31},{"not_picked":["Choke","Dagger Spray+1"],"picked":"Dagger Throw+1","floor":35},{"not_picked":["Accuracy+1","Outmaneuver+1"],"picked":"Backflip+1","floor":37},{"not_picked":["Flechettes+1","Noxious Fumes"],"picked":"Leg Sweep+1","floor":38},{"not_picked":["Outmaneuver","Backflip"],"picked":"Sucker Punch+1","floor":39},{"not_picked":["Night Terror","Prepared"],"picked":"Poisoned Stab+1","floor":41},{"not_picked":["Acrobatics","Phantasmal Killer"],"picked":"Backflip+1","floor":44},{"not_picked":["Quick Slash","Concentrate+1"],"picked":"Flying Knee+1","floor":45},{"not_picked":["Enlightenment","HandOfGreed"],"picked":"Discovery","floor":46},{"not_picked":["Poisoned Stab","Dagger Throw","Calculated Gamble"],"picked":"SKIP","floor":48},{"not_picked":["Eviscerate","Choke+1"],"picked":"Underhanded Strike","floor":49}],"player_experience":1618589,"relics_obtained":[{"floor":4,"key":"Dream Catcher"},{"floor":9,"key":"Bag of Marbles"},{"floor":10,"key":"Sundial"},{"floor":22,"key":"Art of War"},{"floor":26,"key":"Bag of Preparation"},{"floor":41,"key":"Mercury Hourglass"},{"floor":43,"key":"War Paint"},{"floor":44,"key":"Potion Belt"},{"floor":47,"key":"Strawberry"}],"event_choices":[{"cards_removed":["Strike_G"],"damage_healed":0,"gold_gain":0,"player_choice":"Offered Basic","damage_taken":0,"max_hp_gain":0,"max_hp_loss":0,"event_name":"Bonfire Elementals","floor":2,"gold_loss":0},{"damage_healed":0,"gold_gain":75,"player_choice":"Gather Gold","damage_taken":11,"max_hp_gain":0,"max_hp_loss":0,"event_name":"World of Goop","floor":5,"gold_loss":0},{"cards_removed":["Defend_G"],"damage_healed":0,"gold_gain":0,"player_choice":"Card Removal","damage_taken":0,"max_hp_gain":0,"max_hp_loss":0,"event_name":"The Cleric","floor":7,"gold_loss":50},{"damage_healed":0,"gold_gain":0,"player_choice":"Grow","damage_taken":0,"max_hp_gain":0,"max_hp_loss":0,"event_name":"Living Wall","floor":14,"gold_loss":0,"cards_upgraded":["Distraction"]},{"damage_healed":0,"gold_gain":0,"player_choice":"Opened","damage_taken":0,"relics_obtained":["Tiny Chest"],"max_hp_gain":0,"max_hp_loss":0,"event_name":"The Mausoleum","floor":19,"gold_loss":0,"cards_obtained":["Writhe"]},{"damage_healed":0,"gold_gain":0,"player_choice":"Ignored","damage_taken":0,"max_hp_gain":0,"max_hp_loss":0,"event_name":"Tomb of Lord Red Mask","floor":42,"gold_loss":0},{"damage_healed":0,"gold_gain":0,"player_choice":"Memory 1","damage_taken":0,"max_hp_gain":0,"max_hp_loss":0,"event_name":"SensoryStone","floor":46,"gold_loss":0}],"is_beta":false,"boss_relics":[{"not_picked":["Snecko Eye","Fusion Hammer"],"picked":"Pandora\u0027s Box"},{"not_picked":["Sozu","HoveringKite"],"picked":"Cursed Key"}],"items_purged_floors":[24],"is_endless":false,"potions_floor_spawned":[1,11,13,18,21,30,31,33,37,41,44,48],"ascension_level":6}