{"gold_per_floor":[115,115,290,133,144,178,178,192,267,277,277,277,101,111,111,212,212,222,195,215,130,130,130],"floor_reached":23,"playtime":969,"items_purged":["Doubt","Regret"],"score":225,"play_id":"26c298d9-8851-419a-9cc0-f01b37861aef","local_time":"20181123143247","is_ascension_mode":true,"campfire_choices":[{"floor":7.0,"key":"RECALL"},{"data":"Iron Wave","floor":15,"key":"SMITH"}],"neow_cost":"NONE","seed_source_timestamp":0,"circlet_count":0,"master_deck":["Strike_R","Strike_R","Strike_R","Strike_R","Defend_R+1","Defend_R","Defend_R","Defend_R","Bash+1","Spot Weakness+1","Whirlwind","Battle Trance","Pommel Strike","Iron Wave+1","Pummel","Sword Boomerang","Berserk","Flex","Thunderclap","Warcry+1"],"special_seed":0,"relics":["Burning Blood","NeowsBlessing","Potion Belt","War Paint","White Beast Statue","Boot","Enchiridion"],"potions_floor_usage":[16,16,23,23,23],"damage_taken":[{"damage":0.0,"enemies":"Small Slimes","floor":1.0,"turns":1.0},{"damage":0.0,"enemies":"2 Louse","floor":5.0,"turns":1.0},{"damage":0.0,"enemies":"Lagavulin","floor":6.0,"turns":1.0},{"damage":1,"enemies":"Jaw Worm","floor":8,"turns":3},{"damage":9,"enemies":"3 Louse","floor":10,"turns":2},{"damage":11,"enemies":"Exordium Wildlife","floor":14,"turns":5},{"damage":15,"enemies":"The Guardian","floor":16,"turns":9},{"damage":0,"enemies":"3 Byrds","floor":18,"turns":4},{"damage":29,"enemies":"Spheric Guardian","floor":20,"turns":4},{"damage":43,"enemies":"Gremlin Leader","floor":23,"turns":3}],"seed_played":"-2971967010422862000","potions_obtained":[{"floor":1.0,"key":"SteroidPotion"},{"floor":5.0,"key":"Weak Potion"},{"floor":8,"key":"Swift Potion"},{"floor":10,"key":"LiquidBronze"},{"floor":18,"key":"LiquidBronze"},{"floor":20,"key":"Block Potion"}],"is_trial":false,"path_per_floor":["M","M","?","?","$","M","E","R","M","T","M","?","?","$","M","R","B",null,"M","$","M","?","?","E"],"character_chosen":"IRONCLAD","items_purchased":["Whirlwind","Pummel","Thunderclap"],"campfire_rested":0,"item_purchase_floors":[4,13,19],"current_hp_per_floor":[80,73,73,73,79,80,80,80,80,77,77,77,77,72,72,63,80,80,80,57,57,41,0],"gold":130,"neow_bonus":"THREE_ENEMY_KILL","is_prod":false,"is_daily":false,"chose_seed":false,"campfire_upgraded":1,"win_rate":0,"timestamp":1543001567,"path_taken":["M","?","?","$","M","E","R","M","T","M","?","?","$","M","R","BOSS","M","$","M","?","?","E"],"build_version":"2018-11-15","purchased_purges":2,"victory":false,"max_hp_per_floor":[80,80,80,80,80,80,80,80,80,80,80,80,80,80,80,80,80,80,80,80,80,80,80],"card_choices":[{"not_picked":["Anger","Clash"],"picked":"Spot Weakness","floor":1.0},{"not_picked":["Twin Strike","Rampage"],"picked":"Battle Trance","floor":5.0},{"not_picked":["Sentinel","Hemokinesis","Burning Pact"],"picked":"SKIP","floor":6.0},{"not_picked":["Perfected Strike","Sentinel"],"picked":"Pommel Strike","floor":8},{"not_picked":["Limit Break","Sever Soul"],"picked":"Iron Wave","floor":10},{"not_picked":["Headbutt","True Grit"],"picked":"Sword Boomerang","floor":14},{"not_picked":["Dark Embrace","Barricade"],"picked":"Berserk","floor":16},{"not_picked":["Combust+1","Seeing Red+1"],"picked":"Flex","floor":18},{"not_picked":["Havoc","Sword Boomerang"],"picked":"Warcry+1","floor":20}],"player_experience":439935,"relics_obtained":[{"floor":6.0,"key":"Potion Belt"},{"floor":22,"key":"Enchiridion"}],"event_choices":[{"cards_removed":["Strike_R"],"damage_healed":0.0,"max_hp_gain":0.0,"max_hp_loss":0.0,"gold_gain":0.0,"event_name":"Golden Wing","player_choice":"Card Removal","floor":2.0,"gold_loss":0.0,"damage_taken":7.0},{"damage_healed":0.0,"max_hp_gain":0.0,"max_hp_loss":0.0,"gold_gain":175.0,"event_name":"Liars Game","player_choice":"AGREE","floor":3.0,"gold_loss":0.0,"damage_taken":0.0,"cards_obtained":["Doubt"]},{"damage_healed":0,"gold_gain":0,"player_choice":"Box","damage_taken":0,"relics_obtained":["War Paint"],"max_hp_gain":0,"max_hp_loss":0,"event_name":"Big Fish","floor":11,"gold_loss":0,"cards_obtained":["Regret"]},{"damage_healed":0,"gold_gain":0,"player_choice":"Grow","damage_taken":0,"max_hp_gain":0,"max_hp_loss":0,"event_name":"Living Wall","floor":12,"gold_loss":0,"cards_upgraded":["Bash"]},{"damage_healed":0,"gold_gain":0,"player_choice":"Obtained Relic","damage_taken":0,"relics_obtained":["Boot"],"max_hp_gain":0,"max_hp_loss":0,"event_name":"Addict","floor":21,"gold_loss":85},{"damage_healed":0,"gold_gain":0,"player_choice":"Obtained Book","damage_taken":16,"max_hp_gain":0,"max_hp_loss":0,"event_name":"Cursed Tome","floor":22,"gold_loss":0}],"is_beta":false,"boss_relics":[{"not_picked":["Coffee Dripper","Runic Cube"],"picked":"White Beast Statue"}],"items_purged_floors":[4,13],"is_endless":false,"potions_floor_spawned":[1,5,8,10,18,20],"killed_by":"Gremlin Leader","ascension_level":1}