{"gold_per_floor":[16,27,44,60,72,72,106,106,106,106,125,157,176,192,492,492],"floor_reached":16,"playtime":420,"items_purged":[],"score":232,"play_id":"7610da83-b44e-499a-b135-435c713f8531","local_time":"20190705152416","is_ascension_mode":true,"campfire_choices":[{"data":"Whirlwind","floor":6.0,"key":"SMITH"},{"floor":8.0,"key":"REST"},{"floor":15.0,"key":"DIG"}],"neow_cost":"NO_GOLD","seed_source_timestamp":0,"circlet_count":0,"master_deck":["AscendersBane","Strike_R","Strike_R","Strike_R","Defend_R","Defend_R","Defend_R","Defend_R","Bash","Thunderclap","Body Slam","Shrug It Off","Seeing Red","Iron Wave","Whirlwind+1","Rampage","Sentinel","Pommel Strike","Demon Form","Rampage","Whirlwind"],"special_seed":0,"relics":["Burning Blood","Red Skull","Shovel","Nunchaku","Old Coin"],"potions_floor_usage":[],"damage_taken":[{"damage":19.0,"enemies":"Cultist","floor":1.0,"turns":6.0},{"damage":16.0,"enemies":"Jaw Worm","floor":2.0,"turns":7.0},{"damage":5.0,"enemies":"Small Slimes","floor":3.0,"turns":3.0},{"damage":6.0,"enemies":"Exordium Wildlife","floor":4.0,"turns":7.0},{"damage":16.0,"enemies":"Blue Slaver","floor":5.0,"turns":4.0},{"damage":31.0,"enemies":"Lagavulin","floor":7.0,"turns":8.0},{"damage":0.0,"enemies":"2 Fungi Beasts","floor":11.0,"turns":2.0},{"damage":8.0,"enemies":"Gremlin Nob","floor":12.0,"turns":3.0},{"damage":13.0,"enemies":"Exordium Thugs","floor":13.0,"turns":4.0},{"damage":0.0,"enemies":"3 Louse","floor":14.0,"turns":1.0},{"damage":14,"enemies":"Hexaghost","floor":16,"turns":3}],"seed_played":"-170974517945514036","potions_obtained":[{"floor":1.0,"key":"Energy Potion"},{"floor":4.0,"key":"EntropicBrew"},{"floor":11.0,"key":"GamblersBrew"}],"is_trial":false,"path_per_floor":["M","M","M","M","M","R","E","R","T","?","M","E","M","M","R","B"],"character_chosen":"IRONCLAD","items_purchased":[],"campfire_rested":1,"item_purchase_floors":[],"current_hp_per_floor":[55,45,46,46,36,36,11,33,33,33,39,37,30,36,36,22],"gold":492,"neow_bonus":"TRANSFORM_TWO_CARDS","is_prod":false,"is_daily":false,"chose_seed":false,"campfire_upgraded":1,"win_rate":0,"timestamp":1562336656,"path_taken":["M","?","M","M","M","R","E","R","T","?","M","E","M","M","R","BOSS"],"build_version":"2019-07-01","purchased_purges":0,"victory":false,"max_hp_per_floor":[75,75,75,75,75,75,75,75,75,75,75,75,75,75,75,75],"card_choices":[{"not_picked":["Infernal Blade","Thunderclap"],"picked":"Shrug It Off","floor":1.0},{"not_picked":["Ghostly Armor","Bloodletting"],"picked":"Seeing Red","floor":2.0},{"not_picked":["Thunderclap","Shrug It Off"],"picked":"Iron Wave","floor":3.0},{"not_picked":["Bloodletting","Sword Boomerang"],"picked":"Whirlwind","floor":4.0},{"not_picked":["Dropkick","Anger"],"picked":"Rampage","floor":5.0},{"not_picked":["Dual Wield","Combust"],"picked":"Sentinel","floor":7.0},{"not_picked":["Reckless Charge","Body Slam"],"picked":"Pommel Strike","floor":11.0},{"not_picked":["Anger","Twin Strike"],"picked":"Demon Form","floor":12.0},{"not_picked":["Dual Wield","Anger"],"picked":"Rampage","floor":13.0},{"not_picked":["Thunderclap","Bloodletting"],"picked":"Whirlwind","floor":14.0}],"player_experience":1534487,"relics_obtained":[{"floor":7.0,"key":"Red Skull"},{"floor":9.0,"key":"Shovel"},{"floor":12.0,"key":"Nunchaku"},{"floor":15.0,"key":"Old Coin"}],"event_choices":[{"damage_healed":0.0,"max_hp_gain":0.0,"max_hp_loss":0.0,"gold_gain":0.0,"event_name":"Liars Game","player_choice":"Ignored","floor":10.0,"gold_loss":0.0,"damage_taken":0.0}],"is_beta":false,"boss_relics":[],"items_purged_floors":[],"is_endless":false,"potions_floor_spawned":[1,4,5,11,14],"killed_by":"Hexaghost","ascension_level":20}