{"gold_per_floor":[110,110,31,50,50,50,93,93,93,117,131,151,151,167,167,167],"floor_reached":16,"playtime":417,"items_purged":[],"score":204,"play_id":"413d2bf9-426c-42cc-b9a0-3496741caded","local_time":"20190630155436","is_ascension_mode":true,"campfire_choices":[{"data":"Noxious Fumes","floor":6.0,"key":"SMITH"},{"floor":8.0,"key":"REST"},{"floor":13.0,"key":"REST"},{"data":"Dagger Spray","floor":15.0,"key":"SMITH"}],"neow_cost":"NONE","seed_source_timestamp":5542303960397922,"circlet_count":0,"master_deck":["AscendersBane","Defend_G","Defend_G","Defend_G","Defend_G","Defend_G","Strike_G","Strike_G","Strike_G","Strike_G","Strike_G","Survivor","Neutralize","Unload","Deflect","Noxious Fumes+1","Dagger Spray+1","Footwork","Sucker Punch","Leg Sweep+1","Cloak And Dagger+1"],"special_seed":0,"relics":["Ring of the Snake","Letter Opener","Golden Idol","Gremlin Horn","Toxic Egg 2"],"potions_floor_usage":[16],"damage_taken":[{"damage":0.0,"enemies":"Cultist","floor":1.0,"turns":3.0},{"damage":0.0,"enemies":"Jaw Worm","floor":4.0,"turns":4.0},{"damage":49.0,"enemies":"Gremlin Nob","floor":7.0,"turns":5.0},{"damage":5.0,"enemies":"Small Slimes","floor":10.0,"turns":3.0},{"damage":0.0,"enemies":"Exordium Wildlife","floor":11.0,"turns":3.0},{"damage":6.0,"enemies":"Blue Slaver","floor":12.0,"turns":5.0},{"damage":8.0,"enemies":"Red Slaver","floor":14.0,"turns":6.0},{"damage":39,"enemies":"Slime Boss","floor":16,"turns":9}],"seed_played":"7705275270339374162","potions_obtained":[{"floor":1.0,"key":"FairyPotion"},{"floor":7.0,"key":"Dexterity Potion"}],"is_trial":false,"path_per_floor":["M","T","$","M","?","R","E","R","T","M","M","M","R","M","R","B"],"character_chosen":"THE_SILENT","items_purchased":["Noxious Fumes"],"campfire_rested":2,"item_purchase_floors":[3],"current_hp_per_floor":[59,59,59,59,59,59,10,28,28,23,23,17,35,27,27,0],"gold":167,"neow_bonus":"ONE_RANDOM_RARE_CARD","is_prod":false,"is_daily":false,"chose_seed":false,"campfire_upgraded":2,"win_rate":0,"timestamp":1561924476,"path_taken":["M","?","?","M","?","R","E","R","T","M","M","M","R","M","R","BOSS"],"build_version":"2019-01-23","purchased_purges":0,"victory":false,"max_hp_per_floor":[66,66,66,66,60,60,60,60,60,60,60,60,60,60,60,60],"card_choices":[{"not_picked":["Distraction","Underhanded Strike"],"picked":"Deflect","floor":1.0},{"not_picked":["Skewer","Blur"],"picked":"Dagger Spray","floor":4.0},{"not_picked":["Underhanded Strike","Deadly Poison"],"picked":"Footwork","floor":7.0},{"not_picked":["Poisoned Stab","Deadly Poison+1"],"picked":"Sucker Punch","floor":10.0},{"not_picked":["Infinite Blades","Slice","Dagger Spray"],"picked":"SKIP","floor":11.0},{"not_picked":["Distraction+1","Noxious Fumes"],"picked":"Leg Sweep+1","floor":12.0},{"not_picked":["Riddle With Holes","Acrobatics+1"],"picked":"Cloak And Dagger+1","floor":14.0}],"player_experience":817218,"relics_obtained":[{"floor":2.0,"key":"Letter Opener"},{"floor":7.0,"key":"Gremlin Horn"},{"floor":9.0,"key":"Toxic Egg 2"}],"event_choices":[{"damage_healed":0.0,"max_hp_gain":0.0,"max_hp_loss":6.0,"gold_gain":0.0,"event_name":"Golden Idol","player_choice":"Lose Max HP","floor":5.0,"gold_loss":0.0,"damage_taken":0.0,"relics_obtained":["Golden Idol"]}],"is_beta":false,"boss_relics":[],"items_purged_floors":[],"is_endless":false,"potions_floor_spawned":[1,7,12],"killed_by":"Slime Boss","ascension_level":20}