{"gold_per_floor":[117,117,133,151,171,202,215,250,320,320,334,347,347,381,381,456,456,467,467,479,479,510,510,510],"floor_reached":24,"playtime":812,"items_purged":[],"score":436,"play_id":"2e935b86-3765-4245-b308-51977fa5f38d","local_time":"20190624211917","is_ascension_mode":true,"campfire_choices":[{"floor":10.0,"key":"REST"},{"floor":15.0,"key":"REST"},{"data":"Heavy Blade","floor":23.0,"key":"SMITH"}],"neow_cost":"NONE","seed_source_timestamp":304329145089300,"circlet_count":0,"master_deck":["AscendersBane","Strike_R","Strike_R","Strike_R","Strike_R","Defend_R","Defend_R","Defend_R","Defend_R","Bash","Twin Strike","Reaper","Body Slam","Headbutt","Cleave","Clothesline","Metallicize+1","Sword Boomerang","Inflame+1","Reaper","Demon Form+1","Heavy Blade+1","Metallicize+1","Corruption+1"],"special_seed":0,"relics":["Burning Blood","Lantern","Frozen Egg 2","Happy Flower","Mercury Hourglass","Charon\u0027s Ashes","Runic Pyramid","Red Mask"],"potions_floor_usage":[24,24],"damage_taken":[{"damage":10.0,"enemies":"Small Slimes","floor":1.0,"turns":4.0},{"damage":0.0,"enemies":"Cultist","floor":3.0,"turns":3.0},{"damage":4.0,"enemies":"Jaw Worm","floor":4.0,"turns":4.0},{"damage":7.0,"enemies":"Looter","floor":5.0,"turns":4.0},{"damage":75.0,"enemies":"Lagavulin","floor":6.0,"turns":7.0},{"damage":0.0,"enemies":"Red Slaver","floor":7.0,"turns":1.0},{"damage":45.0,"enemies":"3 Sentries","floor":8.0,"turns":7.0},{"damage":17.0,"enemies":"Exordium Wildlife","floor":11.0,"turns":3.0},{"damage":2.0,"enemies":"2 Fungi Beasts","floor":12.0,"turns":2.0},{"damage":11.0,"enemies":"Lagavulin","floor":14.0,"turns":3.0},{"damage":27.0,"enemies":"Slime Boss","floor":16.0,"turns":6.0},{"damage":36.0,"enemies":"Chosen","floor":18.0,"turns":5.0},{"damage":28.0,"enemies":"Shell Parasite","floor":20.0,"turns":7.0},{"damage":17.0,"enemies":"Masked Bandits","floor":22.0,"turns":3.0},{"damage":77,"enemies":"Book of Stabbing","floor":24,"turns":6}],"seed_played":"4298999891214165615","potions_obtained":[{"floor":3.0,"key":"Regen Potion"},{"floor":6.0,"key":"Fire Potion"},{"floor":7.0,"key":"BloodPotion"},{"floor":11.0,"key":"EntropicBrew"},{"floor":12.0,"key":"Swift Potion"},{"floor":22.0,"key":"Fire Potion"}],"is_trial":false,"path_per_floor":["M","?","M","M","M","E","M","E","T","R","M","M","?","E","R","B",null,"M","?","M","?","?","R","E"],"character_chosen":"IRONCLAD","items_purchased":[],"campfire_rested":2,"item_purchase_floors":[],"current_hp_per_floor":[64,64,70,72,71,8,14,9,9,31,20,24,24,29,51,34,65,58,58,46,46,59,59,0],"gold":510,"neow_bonus":"RANDOM_COMMON_RELIC","is_prod":false,"is_daily":false,"chose_seed":false,"campfire_upgraded":1,"win_rate":0,"timestamp":1561407557,"path_taken":["M","?","M","M","M","E","M","E","T","R","?","M","?","E","R","BOSS","M","?","?","?","?","R","E"],"build_version":"2019-01-23","purchased_purges":0,"victory":false,"max_hp_per_floor":[75,75,75,75,75,75,75,75,75,75,75,75,75,75,75,75,75,75,75,75,75,75,75,75],"card_choices":[{"not_picked":["Warcry","Wild Strike"],"picked":"Twin Strike","floor":1.0},{"not_picked":["True Grit","Barricade"],"picked":"Body Slam","floor":3.0},{"not_picked":["Iron Wave","Shrug It Off"],"picked":"Headbutt","floor":4.0},{"not_picked":["Ghostly Armor","Reckless Charge"],"picked":"Cleave","floor":5.0},{"not_picked":["Perfected Strike","Reckless Charge","Second Wind"],"picked":"SKIP","floor":6.0},{"not_picked":["Clash","Power Through"],"picked":"Clothesline","floor":7.0},{"not_picked":["Juggernaut+1","Dropkick"],"picked":"Metallicize+1","floor":8.0},{"not_picked":["Sever Soul","Wild Strike"],"picked":"Sword Boomerang","floor":11.0},{"not_picked":["Dropkick","Anger"],"picked":"Inflame+1","floor":12.0},{"not_picked":["Havoc","Clothesline"],"picked":"Reaper","floor":14.0},{"not_picked":["Juggernaut+1","Dark Embrace+1"],"picked":"Demon Form+1","floor":16.0},{"not_picked":["Wild Strike","Clothesline"],"picked":"Heavy Blade","floor":18.0},{"not_picked":["Shrug It Off+1","Body Slam"],"picked":"Corruption+1","floor":20.0}],"player_experience":1494199,"relics_obtained":[{"floor":6.0,"key":"Frozen Egg 2"},{"floor":8.0,"key":"Happy Flower"},{"floor":9.0,"key":"Mercury Hourglass"},{"floor":14.0,"key":"Charon\u0027s Ashes"},{"floor":22.0,"key":"Red Mask"}],"event_choices":[{"damage_healed":0.0,"max_hp_gain":0.0,"max_hp_loss":0.0,"gold_gain":0.0,"cards_transformed":["Strike_R"],"event_name":"Transmorgrifier","player_choice":"Transformed","floor":2.0,"gold_loss":0.0,"damage_taken":0.0,"cards_obtained":["Reaper"]},{"damage_healed":0.0,"max_hp_gain":0.0,"max_hp_loss":0.0,"gold_gain":0.0,"event_name":"Liars Game","player_choice":"Ignored","floor":13.0,"gold_loss":0.0,"damage_taken":0.0},{"damage_healed":0.0,"max_hp_gain":0.0,"max_hp_loss":0.0,"gold_gain":0.0,"event_name":"Duplicator","player_choice":"Copied","floor":19.0,"gold_loss":0.0,"damage_taken":0.0,"cards_obtained":["Metallicize"]},{"damage_healed":0.0,"max_hp_gain":0.0,"max_hp_loss":0.0,"gold_gain":0.0,"event_name":"Ghosts","player_choice":"Ignored","floor":21.0,"gold_loss":0.0,"damage_taken":0.0},{"damage_healed":0.0,"max_hp_gain":0.0,"max_hp_loss":0.0,"gold_gain":0.0,"event_name":"Masked Bandits","player_choice":"Fought Bandits","floor":22.0,"gold_loss":0.0,"damage_taken":0.0}],"is_beta":false,"boss_relics":[{"not_picked":["White Beast Statue","Tiny House"],"picked":"Runic Pyramid"}],"items_purged_floors":[],"is_endless":false,"potions_floor_spawned":[3,6,7,11,12,22],"killed_by":"Book of Stabbing","ascension_level":20}