{"path_per_floor":["M","$","?","$","M","E","M","R","T","R","M","R","E","?","R","B",null,"M","M","?","M","?","R","?","M","T","M","R","?","M","M","R","B",null,"M","$","M","M","?","R","?","R","T","M","M","R","M","$","R"],"character_chosen":"IRONCLAD","items_purchased":["Madness","Mummified Hand","Shrug It Off","Ancient Tea Set"],"gold_per_floor":[116,17,92,17,29,356,373,373,442,442,460,460,489,515,515,616,616,626,643,643,660,585,585,500,519,519,533,533,433,449,462,462,565,565,578,51,70,87,87,87,87,87,87,101,119,119,139,14,14],"floor_reached":50,"campfire_rested":9,"playtime":2938,"current_hp_per_floor":[80,80,69,69,73,37,43,67,67,67,57,80,62,47,71,55,80,59,45,80,54,54,78,92,58,58,54,82,82,74,62,90,42,94,89,89,86,63,63,91,91,91,91,70,58,86,80,80,94],"items_purged":["Defend_R","Defend_R","Strike_R"],"gold":14,"play_id":"020c64a6-0c9e-455a-8db1-46397ffb666e","is_prod":false,"is_daily":false,"is_ascension_mode":false,"campfire_upgraded":2,"path_taken":["M","$","?","?","M","E","M","R","T","R","M","R","E","?","R","BOSS","M","M","?","M","?","R","?","M","T","M","R","?","?","M","R","BOSS","M","$","M","M","?","R","?","R","T","M","M","R","M","?","R","BOSS"],"build_version":"2018-02-01-PROD3","purchased_purges":3,"victory":false,"master_deck":["Strike_R+1","Defend_R","Defend_R","Bash","Battle Trance","Clothesline+1","Madness+1","Dual Wield","Flex","Iron Wave","Juggernaut","Flame Barrier","Impervious","Iron Wave","Cleave+1","Inflame+1","Thunderclap+1","Intimidate+1","J.A.X.","Heavy Blade+1","Limit Break+1","Sword Boomerang+1","Shrug It Off","Flex+1","Pommel Strike+1","Sentinel","Sword Boomerang+1","Rage+1","Infernal Blade"],"max_hp_per_floor":[80,80,80,80,80,80,80,80,80,80,80,80,80,80,80,80,80,80,80,80,80,80,80,94,94,94,94,94,94,94,94,94,94,94,94,94,94,94,94,94,94,94,94,94,94,94,94,94,94],"relics":["Burning Blood","Old Coin","Meat on the Bone","Vajra","Odd Mushroom","Mark of Pain","Mango","Whetstone","White Beast Statue","Mummified Hand","Ancient Tea Set","Thread and Needle"],"card_choices":[{"not_picked":["Feel No Pain","Evolve"],"picked":"Clothesline"},{"not_picked":["Cleave","Sever Soul"],"picked":"Dual Wield"},{"not_picked":["Metallicize","Thunderclap"],"picked":"Flex"},{"not_picked":["Pommel Strike","Armaments"],"picked":"Iron Wave"},{"not_picked":["Hemokinesis","Sword Boomerang"],"picked":"Intimidate"},{"not_picked":["Clash","Sword Boomerang"],"picked":"Juggernaut"},{"not_picked":["Wild Strike","Flex"],"picked":"Flame Barrier"},{"not_picked":["Exhume","Dark Embrace"],"picked":"Impervious"},{"not_picked":["Feel No Pain","Burning Pact"],"picked":"Iron Wave"},{"not_picked":["Shockwave","Body Slam"],"picked":"Cleave"},{"not_picked":["Fire Breathing","Wild Strike"],"picked":"Inflame"},{"not_picked":["Battle Trance","Perfected Strike"],"picked":"Thunderclap"},{"not_picked":["Twin Strike","Second Wind"],"picked":"Intimidate"},{"not_picked":["Sword Boomerang","Corruption"],"picked":"Heavy Blade"},{"not_picked":["Exhume","Juggernaut"],"picked":"Limit Break"},{"not_picked":["Heavy Blade","Armaments"],"picked":"Sword Boomerang"},{"not_picked":["Feel No Pain","Reckless Charge"],"picked":"Flex"},{"not_picked":["Warcry","Havoc"],"picked":"Pommel Strike"},{"not_picked":["Cleave","True Grit"],"picked":"Sword Boomerang"},{"not_picked":["Juggernaut","Warcry"],"picked":"Rage"},{"not_picked":["Disarm","Thunderclap"],"picked":"Infernal Blade"}],"player_experience":64909,"potions_floor_usage":[16,16,19,27,33,33,37,37,50,50],"damage_taken":[{"damage":3,"enemies":"Jaw Worm","floor":1,"turns":4},{"damage":2,"enemies":"Cultist","floor":5,"turns":4},{"damage":42,"enemies":"3 Sentries","floor":6,"turns":10},{"damage":0,"enemies":"2 Louse","floor":7,"turns":2},{"damage":28,"enemies":"Exordium Thugs","floor":11,"turns":6},{"damage":24,"enemies":"Gremlin Nob","floor":13,"turns":5},{"damage":33,"enemies":"The Mushroom Lair","floor":14,"turns":6},{"damage":34,"enemies":"The Guardian","floor":16,"turns":12},{"damage":27,"enemies":"Spheric Guardian","floor":18,"turns":5},{"damage":32,"enemies":"3 Byrds","floor":19,"turns":6},{"damage":32,"enemies":"3 Cultists","floor":21,"turns":6},{"damage":40,"enemies":"Slaver and Parasite","floor":25,"turns":6},{"damage":25,"enemies":"Centurion and Healer","floor":27,"turns":6},{"damage":14,"enemies":"Snecko","floor":30,"turns":5},{"damage":18,"enemies":"Snake Plant","floor":31,"turns":4},{"damage":66,"enemies":"Automaton","floor":33,"turns":9},{"damage":11,"enemies":"Orb Walker","floor":35,"turns":4},{"damage":9,"enemies":"3 Darklings","floor":37,"turns":3},{"damage":41,"enemies":"Sphere and 2 Shapes","floor":38,"turns":4},{"damage":27,"enemies":"4 Shapes","floor":44,"turns":2},{"damage":30,"enemies":"Maw","floor":45,"turns":6},{"damage":12,"enemies":"3 Darklings","floor":47,"turns":5},{"damage":96,"enemies":"Awakened One","floor":50,"turns":8}],"event_choices":[{"event_name":"World of Goop","player_choice":"Gather Gold","floor":3,"damage_taken":0},{"event_name":"Mushrooms","player_choice":"Fought Mushrooms","floor":14,"damage_taken":0},{"event_name":"Bonfire Elementals","player_choice":"UNCOMMON","floor":20,"damage_taken":0},{"event_name":"Beggar","player_choice":"Gave Gold","floor":22,"damage_taken":0},{"event_name":"Addict","player_choice":"Obtained Relic","floor":24,"damage_taken":0},{"event_name":"Drug Dealer","player_choice":"Got JAXXED","floor":29,"damage_taken":0},{"event_name":"Transmorgrifier","player_choice":"Transform","floor":39,"damage_taken":0},{"event_name":"Mysterious Sphere","player_choice":"Ignore","floor":41,"damage_taken":0}],"boss_relics":[{"not_picked":["Sozu","Snecko Eye"],"picked":"Mark of Pain"},{"not_picked":["Eternal Feather","Orrery"],"picked":"White Beast Statue"}],"potions_floor_spawned":[6,11,16,18,21,25,33,35,37,38,44,45,47],"seed_played":"7684073598366620208","killed_by":"Awakened One","ascension_level":0,"is_trial":false}