{"gold_per_floor":[112,125,36,36,36,71,83,117,117,117,151,151,181,201,201,274,274,288,306,70,70],"floor_reached":21,"playtime":636,"items_purged":["Regret"],"score":464,"play_id":"66cd9b71-eceb-48cc-9607-0032e7ba0c69","local_time":"20190710114205","is_ascension_mode":true,"campfire_choices":[{"data":"Sunder","floor":10.0,"key":"SMITH"},{"floor":12.0,"key":"REST"},{"floor":15.0,"key":"REST"}],"neow_cost":"NONE","seed_source_timestamp":13256401313900,"circlet_count":0,"master_deck":["AscendersBane","Strike_B","Strike_B","Strike_B+1","Strike_B","Defend_B","Defend_B","Defend_B","Defend_B","Zap","Dualcast","Sweeping Beam+1","Beam Cell","Sunder+1","Conserve Battery","Core Surge","Steam","Streamline+1","White Noise","Chaos","Core Surge+1","Sunder+1","Doom and Gloom+1"],"special_seed":0,"relics":["Cracked Core","NeowsBlessing","Cables","Whetstone","Dream Catcher","Boot","Shuriken","Molten Egg 2","Question Card","Fusion Hammer","Strawberry"],"potions_floor_usage":[21,21],"damage_taken":[{"damage":0.0,"enemies":"Small Slimes","floor":1.0,"turns":1.0},{"damage":0.0,"enemies":"Jaw Worm","floor":2.0,"turns":1.0},{"damage":0.0,"enemies":"Lagavulin","floor":6.0,"turns":1.0},{"damage":0.0,"enemies":"Cultist","floor":7.0,"turns":3.0},{"damage":27.0,"enemies":"3 Sentries","floor":8.0,"turns":7.0},{"damage":24.0,"enemies":"Gremlin Nob","floor":11.0,"turns":4.0},{"damage":26.0,"enemies":"Lagavulin","floor":13.0,"turns":5.0},{"damage":3.0,"enemies":"Large Slime","floor":14.0,"turns":4.0},{"damage":20.0,"enemies":"Hexaghost","floor":16.0,"turns":9.0},{"damage":18.0,"enemies":"2 Thieves","floor":18.0,"turns":2.0},{"damage":24.0,"enemies":"3 Byrds","floor":19.0,"turns":4.0},{"damage":33,"enemies":"Snake Plant","floor":21,"turns":3}],"seed_played":"-7939776549230902615","potions_obtained":[{"floor":6.0,"key":"SpeedPotion"},{"floor":11.0,"key":"SpeedPotion"},{"floor":16.0,"key":"Regen Potion"}],"is_trial":false,"path_per_floor":["M","M","$","?","T","E","M","E","T","R","E","R","E","M","R","B",null,"M","M","$","M"],"character_chosen":"DEFECT","items_purchased":["Sunder","Strawberry"],"campfire_rested":2,"item_purchase_floors":[3,20],"current_hp_per_floor":[64,64,64,64,64,64,64,37,37,37,13,34,8,5,26,6,55,37,13,20,0],"gold":70,"neow_bonus":"THREE_ENEMY_KILL","is_prod":false,"is_daily":false,"chose_seed":false,"campfire_upgraded":1,"win_rate":0,"timestamp":1562784125,"path_taken":["M","M","$","?","?","E","M","E","T","R","E","R","E","M","R","BOSS","M","?","$","M"],"build_version":"2019-07-05","purchased_purges":1,"victory":false,"max_hp_per_floor":[71,71,71,71,71,71,71,71,71,71,71,71,71,71,71,71,71,71,71,78,78],"card_choices":[{"not_picked":["Hologram","Undo"],"picked":"Sweeping Beam","floor":1.0},{"not_picked":["Storm","Hologram"],"picked":"Beam Cell","floor":2.0},{"not_picked":["Stack","Rip and Tear"],"picked":"Conserve Battery","floor":6.0},{"not_picked":["Consume","Conserve Battery"],"picked":"Core Surge","floor":7.0},{"not_picked":["Doom and Gloom","Ball Lightning"],"picked":"Steam","floor":8.0},{"not_picked":["Conserve Battery","Steam"],"picked":"Streamline","floor":11.0},{"not_picked":["Coolheaded","Blizzard+1"],"picked":"White Noise","floor":12.0},{"not_picked":["Capacitor","Consume","Hologram"],"picked":"SKIP","floor":13.0},{"not_picked":["Loop","Barrage+1","Meteor Strike+1"],"picked":"Chaos","floor":14.0},{"not_picked":["Multi-Cast","Reboot","Buffer"],"picked":"Core Surge+1","floor":16.0},{"not_picked":["Steam","Coolheaded","Glacier"],"picked":"Sunder+1","floor":18.0},{"not_picked":["Go for the Eyes+1","Gash+1","Turbo"],"picked":"Doom and Gloom+1","floor":19.0}],"player_experience":1257603,"relics_obtained":[{"floor":5.0,"key":"Whetstone"},{"floor":6.0,"key":"Dream Catcher"},{"floor":8.0,"key":"Boot"},{"floor":9.0,"key":"Shuriken"},{"floor":11.0,"key":"Molten Egg 2"},{"floor":13.0,"key":"Question Card"}],"event_choices":[{"damage_healed":0.0,"max_hp_gain":0.0,"max_hp_loss":0.0,"gold_gain":0.0,"event_name":"Big Fish","player_choice":"Box","floor":4.0,"gold_loss":0.0,"damage_taken":0.0,"relics_obtained":["Cables"],"cards_obtained":["Regret"]}],"is_beta":false,"boss_relics":[{"not_picked":["Black Star","White Beast Statue"],"picked":"Fusion Hammer"}],"items_purged_floors":[20],"is_endless":false,"potions_floor_spawned":[6,11,13,14,16,19],"killed_by":"Snake Plant","ascension_level":20}