{"gold_per_floor":[112,112,132,132,132,160,180,180,180,209,229,245,265,293,293,293],"floor_reached":16,"playtime":422,"items_purged":[],"score":294,"play_id":"bf918d5d-edfe-4763-b29f-5c92b07314e6","local_time":"20190620001702","is_ascension_mode":true,"campfire_choices":[{"data":"Bash","floor":15,"key":"SMITH"}],"neow_cost":"NONE","seed_source_timestamp":4622300781720038,"circlet_count":0,"master_deck":["AscendersBane","Strike_R","Strike_R","Strike_R","Strike_R","Defend_R","Defend_R","Defend_R","Defend_R","Bash+1","Pommel Strike","Headbutt","Dropkick","Clothesline","Shockwave","Twin Strike"],"relics":["Burning Blood","NeowsBlessing","Letter Opener","Dream Catcher","CultistMask","Mercury Hourglass","Mango","Gremlin Horn"],"potions_floor_usage":[10,11,14,16],"damage_taken":[{"damage":0,"enemies":"2 Louse","floor":1,"turns":1},{"damage":0,"enemies":"Small Slimes","floor":3,"turns":1},{"damage":0,"enemies":"3 Sentries","floor":6,"turns":1},{"damage":1,"enemies":"Cultist","floor":7,"turns":3},{"damage":32,"enemies":"Gremlin Nob","floor":10,"turns":4},{"damage":12,"enemies":"Exordium Thugs","floor":11,"turns":3},{"damage":12,"enemies":"3 Louse","floor":12,"turns":3},{"damage":4,"enemies":"2 Fungi Beasts","floor":13,"turns":2},{"damage":20,"enemies":"3 Sentries","floor":14,"turns":6},{"damage":40,"enemies":"The Guardian","floor":16,"turns":9}],"seed_played":"7429305538764193746","potions_obtained":[{"floor":1,"key":"GamblersBrew"},{"floor":7,"key":"Ancient Potion"},{"floor":10,"key":"Fire Potion"},{"floor":11,"key":"Explosive Potion"},{"floor":14,"key":"Fire Potion"}],"is_trial":false,"path_per_floor":["M","?","M","?","?","E","M","?","T","E","M","M","M","E","R","B"],"character_chosen":"IRONCLAD","items_purchased":[],"campfire_rested":0,"item_purchase_floors":[],"current_hp_per_floor":[74,63,69,69,62,68,73,73,73,61,55,49,51,37,37,0],"gold":293,"neow_bonus":"THREE_ENEMY_KILL","is_prod":false,"is_daily":false,"chose_seed":false,"campfire_upgraded":1,"win_rate":0,"timestamp":1561004222,"path_taken":["M","?","M","?","?","E","M","?","T","E","M","M","M","E","R","BOSS"],"build_version":"2019-01-23","purchased_purges":0,"victory":false,"max_hp_per_floor":[75,75,75,75,75,75,75,75,75,89,89,89,89,89,89,89],"card_choices":[{"not_picked":["Inflame","Heavy Blade","Clash"],"picked":"SKIP","floor":1},{"not_picked":["Rage","Thunderclap"],"picked":"Pommel Strike","floor":3},{"not_picked":["Impervious","Iron Wave"],"picked":"Headbutt","floor":6},{"not_picked":["Body Slam","Wild Strike","Heavy Blade"],"picked":"SKIP","floor":7},{"not_picked":["Warcry","Rupture"],"picked":"Dropkick","floor":10},{"not_picked":["Clash","Disarm"],"picked":"Clothesline","floor":11},{"not_picked":["Burning Pact","Warcry"],"picked":"Shockwave","floor":12},{"not_picked":["Clash","Armaments","Warcry"],"picked":"SKIP","floor":13},{"not_picked":["Berserk","Body Slam"],"picked":"Twin Strike","floor":14}],"player_experience":765303,"relics_obtained":[{"floor":6,"key":"Dream Catcher"},{"floor":9,"key":"Mercury Hourglass"},{"floor":10,"key":"Mango"},{"floor":14,"key":"Gremlin Horn"}],"event_choices":[{"damage_healed":0,"gold_gain":0,"player_choice":"Success","damage_taken":11,"relics_obtained":["Letter Opener"],"max_hp_gain":0,"max_hp_loss":0,"event_name":"Scrap Ooze","floor":2,"gold_loss":0},{"damage_healed":0,"gold_gain":0,"player_choice":"Ignored","damage_taken":0,"max_hp_gain":0,"max_hp_loss":0,"event_name":"Liars Game","floor":4,"gold_loss":0},{"cards_removed":["Strike_R"],"damage_healed":0,"gold_gain":0,"player_choice":"Card Removal","damage_taken":7,"max_hp_gain":0,"max_hp_loss":0,"event_name":"Golden Wing","floor":5,"gold_loss":0},{"damage_healed":0,"gold_gain":0,"player_choice":"Trade","damage_taken":0,"relics_obtained":["CultistMask"],"max_hp_gain":0,"max_hp_loss":0,"event_name":"FaceTrader","floor":8,"gold_loss":0}],"is_beta":false,"boss_relics":[],"items_purged_floors":[],"is_endless":false,"potions_floor_spawned":[1,7,10,11,13,14],"killed_by":"The Guardian","ascension_level":20}