{"gold_per_floor":[110,110,124,136,136,136,168,168,168,197,217,217,231,248,248,324,324,334,345,49,6,6,6,6],"floor_reached":24,"playtime":871,"items_purged":["Regret"],"score":412,"play_id":"712b9b2e-650e-49bb-b441-67346e222647","local_time":"20190620102740","is_ascension_mode":true,"campfire_choices":[{"data":"Noxious Fumes","floor":6.0,"key":"SMITH"},{"floor":8.0,"key":"REST"},{"floor":12.0,"key":"REST"},{"floor":15.0,"key":"REST"},{"data":"Adrenaline","floor":23,"key":"SMITH"}],"neow_cost":"NONE","seed_source_timestamp":524522700613199,"circlet_count":0,"master_deck":["AscendersBane","Defend_G","Defend_G","Defend_G","Defend_G","Defend_G","Strike_G","Strike_G","Strike_G","Strike_G","Strike_G","Survivor","Neutralize","Footwork","PiercingWail","Noxious Fumes+1","Unload","Footwork","Neutralize","Endless Agony","Backflip","Quick Slash","Flying Knee","Endless Agony","Adrenaline+1","Outmaneuver+1","Deadly Poison","Escape Plan","Escape Plan","Ghostly","Ghostly","Ghostly"],"special_seed":0,"relics":["Ring of the Snake","PreservedInsect","Matryoshka","Potion Belt","Ancient Tea Set","Smiling Mask","Bag of Preparation","Philosopher\u0027s Stone","Happy Flower"],"potions_floor_usage":[24],"damage_taken":[{"damage":4.0,"enemies":"2 Louse","floor":1.0,"turns":3.0},{"damage":9.0,"enemies":"Small Slimes","floor":3.0,"turns":4.0},{"damage":6.0,"enemies":"Cultist","floor":4.0,"turns":5.0},{"damage":31.0,"enemies":"3 Sentries","floor":7.0,"turns":7.0},{"damage":15.0,"enemies":"Lagavulin","floor":10.0,"turns":8.0},{"damage":2.0,"enemies":"Looter","floor":11.0,"turns":4.0},{"damage":1.0,"enemies":"Exordium Wildlife","floor":13.0,"turns":4.0},{"damage":7.0,"enemies":"Large Slime","floor":14.0,"turns":9.0},{"damage":22.0,"enemies":"Hexaghost","floor":16.0,"turns":12.0},{"damage":12.0,"enemies":"Chosen","floor":18.0,"turns":5.0},{"damage":24.0,"enemies":"3 Byrds","floor":19.0,"turns":7.0},{"damage":3,"enemies":"Book of Stabbing","floor":24,"turns":3}],"seed_played":"7184197948486869816","potions_obtained":[{"floor":1.0,"key":"SpeedPotion"},{"floor":4.0,"key":"GamblersBrew"},{"floor":13.0,"key":"PowerPotion"},{"floor":14.0,"key":"SkillPotion"},{"floor":16.0,"key":"Dexterity Potion"},{"floor":19.0,"key":"Dexterity Potion"}],"is_trial":false,"path_per_floor":["M","?","M","M","?","R","E","R","T","E","M","R","M","M","R","B",null,"M","M","$","$","?","R","E"],"character_chosen":"THE_SILENT","items_purchased":["Happy Flower","Escape Plan","Escape Plan"],"campfire_rested":3,"item_purchase_floors":[20,20,21],"current_hp_per_floor":[55,55,46,40,40,40,9,28,28,13,11,30,29,22,41,19,54,42,18,18,18,18,18,15],"gold":6,"neow_bonus":"RANDOM_COMMON_RELIC","is_prod":false,"is_daily":false,"chose_seed":false,"campfire_upgraded":2,"win_rate":0,"timestamp":1561022860,"path_taken":["M","?","M","M","?","R","E","R","T","E","M","R","M","M","R","BOSS","M","M","$","?","?","R","E"],"build_version":"2019-01-23","purchased_purges":1,"victory":false,"max_hp_per_floor":[66,66,66,66,66,66,66,66,66,66,66,66,66,66,66,66,66,66,66,66,66,33,33,33],"card_choices":[{"not_picked":["Flechettes","Expertise"],"picked":"Footwork","floor":1.0},{"not_picked":["Underhanded Strike","Concentrate"],"picked":"PiercingWail","floor":3.0},{"not_picked":["Prepared","Acrobatics"],"picked":"Noxious Fumes","floor":4.0},{"not_picked":["Flechettes","Masterful Stab"],"picked":"Endless Agony","floor":7.0},{"not_picked":["Outmaneuver","Deflect"],"picked":"Backflip","floor":10.0},{"not_picked":["Choke","Underhanded Strike"],"picked":"Quick Slash","floor":11.0},{"not_picked":["Blade Dance","Sucker Punch"],"picked":"Flying Knee","floor":13.0},{"not_picked":["Acrobatics","Calculated Gamble"],"picked":"Endless Agony","floor":14.0},{"not_picked":["Doppelganger","Grand Finale"],"picked":"Adrenaline","floor":16.0},{"not_picked":["Terror","Riddle With Holes"],"picked":"Outmaneuver+1","floor":18.0},{"not_picked":["Acrobatics","Bane"],"picked":"Deadly Poison","floor":19.0}],"player_experience":1487224,"relics_obtained":[{"floor":7.0,"key":"Potion Belt"},{"floor":9.0,"key":"Ancient Tea Set"},{"floor":9.0,"key":"Smiling Mask"},{"floor":10.0,"key":"Bag of Preparation"}],"event_choices":[{"damage_healed":0.0,"max_hp_gain":0.0,"max_hp_loss":0.0,"gold_gain":0.0,"event_name":"Big Fish","player_choice":"Box","floor":2.0,"gold_loss":0.0,"damage_taken":0.0,"relics_obtained":["Matryoshka"],"cards_obtained":["Regret"]},{"damage_healed":0.0,"max_hp_gain":0.0,"max_hp_loss":0.0,"gold_gain":0.0,"event_name":"Match and Keep!","player_choice":"3 cards matched","floor":5.0,"gold_loss":0.0,"damage_taken":0.0,"cards_obtained":["Unload","Footwork","Neutralize"]},{"damage_healed":0,"gold_gain":0,"player_choice":"Became a Ghost","damage_taken":0,"max_hp_gain":0,"max_hp_loss":33,"event_name":"Ghosts","floor":22,"gold_loss":0,"cards_obtained":["Ghostly","Ghostly","Ghostly"]}],"is_beta":false,"boss_relics":[{"not_picked":["Orrery","Velvet Choker"],"picked":"Philosopher\u0027s Stone"}],"items_purged_floors":[20],"is_endless":false,"potions_floor_spawned":[1,4,13,14,16,19],"killed_by":"Book of Stabbing","ascension_level":20}