{"gold_per_floor":[109,109,122,36,36,36,101,121,169,169,200,219,232,251,251,346,346,367,367,392,20,20,20,31,31,31,59,59,73,73,88,88,163,163,180,199,222,237,247,247,260,285,337,372,372,401,64,14,14,14],"floor_reached":50,"playtime":1858,"items_purged":["Doubt"],"score":1224,"play_id":"cd7e3197-a83b-4d5f-8e89-7a7f67e3f6c9","local_time":"20190415200637","is_ascension_mode":true,"campfire_choices":[{"data":"Noxious Fumes","floor":6.0,"key":"SMITH"},{"data":"Catalyst","floor":15.0,"key":"SMITH"},{"floor":23.0,"key":"REST"},{"data":"Wraith Form v2","floor":25.0,"key":"SMITH"},{"data":"Noxious Fumes","floor":28.0,"key":"SMITH"},{"floor":32.0,"key":"REST"},{"floor":40.0,"key":"RECALL"},{"floor":49,"key":"REST"}],"neow_cost":"NONE","seed_source_timestamp":0,"circlet_count":0,"master_deck":["AscendersBane","Defend_G","Defend_G","Defend_G","Defend_G","Defend_G","Strike_G","Strike_G","Strike_G","Strike_G","Strike_G","Survivor","Neutralize+1","Poisoned Stab","Sucker Punch","Noxious Fumes+1","Adrenaline+1","Skewer","Blur","Predator","Flying Knee","Catalyst+1","Wraith Form v2+1","Sucker Punch+1","Dagger Spray+1","Noxious Fumes+1","Corpse Explosion","Footwork+1","Dodge and Roll","Glass Knife","Backflip","PiercingWail","Dash+1"],"special_seed":0,"relics":["Ring of the Snake","NeowsBlessing","Bloody Idol","Tiny Chest","PreservedInsect","Regal Pillow","Velvet Choker","OrangePellets","Bronze Scales","Anchor","Blood Vial","Busted Crown","Singing Bowl","Bag of Marbles","Happy Flower","Art of War","Bottled Tornado","Blue Candle"],"potions_floor_usage":[44],"damage_taken":[{"damage":0.0,"enemies":"Jaw Worm","floor":1.0,"turns":1.0},{"damage":0.0,"enemies":"2 Louse","floor":3.0,"turns":1.0},{"damage":0.0,"enemies":"3 Sentries","floor":7.0,"turns":1.0},{"damage":0.0,"enemies":"Cultist","floor":8.0,"turns":4.0},{"damage":6.0,"enemies":"Gremlin Nob","floor":11.0,"turns":3.0},{"damage":0.0,"enemies":"Large Slime","floor":12.0,"turns":6.0},{"damage":2.0,"enemies":"Blue Slaver","floor":13.0,"turns":5.0},{"damage":4.0,"enemies":"Exordium Wildlife","floor":14.0,"turns":4.0},{"damage":24.0,"enemies":"The Guardian","floor":16.0,"turns":11.0},{"damage":21.0,"enemies":"Shell Parasite","floor":18.0,"turns":5.0},{"damage":24.0,"enemies":"Spheric Guardian","floor":20.0,"turns":5.0},{"damage":12.0,"enemies":"3 Cultists","floor":24.0,"turns":5.0},{"damage":0.0,"enemies":"Gremlin Leader","floor":27.0,"turns":5.0},{"damage":14.0,"enemies":"Centurion and Healer","floor":29.0,"turns":5.0},{"damage":12.0,"enemies":"Snake Plant","floor":31.0,"turns":3.0},{"damage":46.0,"enemies":"Champ","floor":33.0,"turns":13.0},{"damage":13.0,"enemies":"3 Shapes","floor":35.0,"turns":3.0},{"damage":3.0,"enemies":"3 Darklings","floor":36.0,"turns":4.0},{"damage":0.0,"enemies":"Spire Growth","floor":38.0,"turns":7.0},{"damage":5.0,"enemies":"4 Shapes","floor":39.0,"turns":4.0},{"damage":11,"enemies":"Writhing Mass","floor":41,"turns":7},{"damage":35,"enemies":"Giant Head","floor":42,"turns":8},{"damage":1,"enemies":"Nemesis","floor":44,"turns":7},{"damage":31,"enemies":"Giant Head","floor":46,"turns":8},{"damage":81,"enemies":"Awakened One","floor":50,"turns":8}],"seed_played":"-2631615768821885045","potions_obtained":[{"floor":7.0,"key":"FairyPotion"},{"floor":12.0,"key":"Block Potion"},{"floor":18.0,"key":"Block Potion"},{"floor":20.0,"key":"Dexterity Potion"},{"floor":29.0,"key":"Strength Potion"},{"floor":31.0,"key":"EntropicBrew"},{"floor":36.0,"key":"GamblersBrew"},{"floor":46,"key":"Energy Potion"}],"is_trial":false,"path_per_floor":["M","?","M","$","?","R","E","M","T","?","E","M","M","M","R","B",null,"M","?","M","$","?","R","M","R","T","E","R","M","?","M","R","B",null,"M","M","T","M","M","R","M","E","T","E","?","E","$","?","R","B"],"character_chosen":"THE_SILENT","items_purchased":["Noxious Fumes","OrangePellets","Bronze Scales","Bottled Tornado"],"campfire_rested":3,"item_purchase_floors":[4,21,21,47],"current_hp_per_floor":[59,59,59,59,36,36,36,36,36,36,30,30,28,24,24,6,51,30,43,19,19,19,53,46,46,46,51,51,44,44,39,66,25,56,50,54,59,66,66,66,60,34,39,45,68,44,44,44,70,0],"gold":14,"neow_bonus":"THREE_ENEMY_KILL","is_prod":false,"is_daily":false,"chose_seed":false,"campfire_upgraded":4,"win_rate":0,"timestamp":1555373197,"path_taken":["M","?","M","$","?","R","E","M","T","?","E","?","M","M","R","BOSS","M","?","M","$","?","R","M","R","T","E","R","?","?","?","R","BOSS","M","M","?","M","M","R","M","E","T","E","?","E","$","?","R","BOSS"],"build_version":"2019-01-23","purchased_purges":1,"victory":false,"max_hp_per_floor":[66,66,66,66,66,66,66,66,66,66,66,66,66,66,66,66,66,66,66,66,66,66,66,66,66,66,66,66,66,66,66,66,66,66,66,66,66,66,66,66,66,68,68,68,68,70,70,70,70,70],"card_choices":[{"not_picked":["Dodge and Roll","Cloak And Dagger"],"picked":"Poisoned Stab","floor":1.0},{"not_picked":["Choke","Bane"],"picked":"Sucker Punch","floor":3.0},{"not_picked":["Infinite Blades","Dodge and Roll"],"picked":"Adrenaline","floor":7.0},{"not_picked":["Dagger Spray","Prepared"],"picked":"Skewer","floor":8.0},{"not_picked":["Blade Dance","Poisoned Stab"],"picked":"Blur","floor":11.0},{"not_picked":["Underhanded Strike","Quick Slash"],"picked":"Predator","floor":12.0},{"not_picked":["Accuracy","Deadly Poison"],"picked":"Flying Knee","floor":13.0},{"not_picked":["Poisoned Stab","Glass Knife"],"picked":"Catalyst","floor":14.0},{"not_picked":["Adrenaline","Doppelganger"],"picked":"Wraith Form v2","floor":16.0},{"not_picked":["Cloak And Dagger","Deadly Poison"],"picked":"Sucker Punch+1","floor":18.0},{"not_picked":["Bane","Cloak And Dagger+1"],"picked":"Dagger Spray+1","floor":20.0},{"not_picked":["Catalyst","Acrobatics"],"picked":"Noxious Fumes","floor":24.0},{"not_picked":["Flechettes","All Out Attack+1"],"picked":"Corpse Explosion","floor":27.0},{"not_picked":["Riddle With Holes","Concentrate"],"picked":"Footwork","floor":29.0},{"not_picked":["Blade Dance","Deadly Poison"],"picked":"Dodge and Roll","floor":31.0},{"not_picked":["Storm of Steel","Tools of the Trade"],"picked":"Glass Knife","floor":33.0},{"not_picked":[],"picked":"Backflip","floor":35.0},{"not_picked":["Dagger Throw"],"picked":"SKIP","floor":36.0},{"not_picked":["Setup"],"picked":"SKIP","floor":38.0},{"not_picked":[],"picked":"PiercingWail","floor":39.0},{"not_picked":["Flechettes"],"picked":"SKIP","floor":41},{"not_picked":["Expertise+1"],"picked":"Singing Bowl","floor":42},{"not_picked":[],"picked":"Dash+1","floor":44},{"not_picked":["Distraction"],"picked":"Singing Bowl","floor":46}],"player_experience":640842,"relics_obtained":[{"floor":7.0,"key":"Tiny Chest"},{"floor":9.0,"key":"PreservedInsect"},{"floor":11.0,"key":"Regal Pillow"},{"floor":26.0,"key":"Anchor"},{"floor":27.0,"key":"Blood Vial"},{"floor":42,"key":"Singing Bowl"},{"floor":43,"key":"Bag of Marbles"},{"floor":44,"key":"Happy Flower"},{"floor":46,"key":"Art of War"}],"event_choices":[{"damage_healed":0.0,"max_hp_gain":0.0,"max_hp_loss":0.0,"gold_gain":0.0,"event_name":"Living Wall","player_choice":"Grow","floor":2.0,"gold_loss":0.0,"damage_taken":0.0,"cards_upgraded":["Neutralize"]},{"damage_healed":0.0,"max_hp_gain":0.0,"max_hp_loss":0.0,"gold_gain":0.0,"event_name":"Golden Idol","player_choice":"Take Damage","floor":5.0,"gold_loss":0.0,"damage_taken":23.0,"relics_obtained":["Golden Idol"]},{"damage_healed":0.0,"max_hp_gain":0.0,"max_hp_loss":0.0,"gold_gain":0.0,"event_name":"Upgrade Shrine","player_choice":"Upgraded","floor":10.0,"gold_loss":0.0,"damage_taken":0.0,"cards_upgraded":["Adrenaline"]},{"damage_healed":13.0,"max_hp_gain":0.0,"max_hp_loss":0.0,"gold_gain":0.0,"event_name":"The Library","player_choice":"Heal","floor":19.0,"gold_loss":0.0,"damage_taken":0.0},{"damage_healed":0.0,"max_hp_gain":0.0,"max_hp_loss":0.0,"gold_gain":0.0,"event_name":"Forgotten Altar","player_choice":"Gave Idol","floor":22.0,"relics_lost":["Golden Idol"],"gold_loss":0.0,"damage_taken":0.0,"relics_obtained":["Bloody Idol"]},{"damage_healed":0.0,"max_hp_gain":0.0,"max_hp_loss":0.0,"gold_gain":0.0,"event_name":"Accursed Blacksmith","player_choice":"Forge","floor":30.0,"gold_loss":0.0,"damage_taken":0.0,"cards_upgraded":["Footwork"]},{"damage_healed":23,"gold_gain":0,"player_choice":"Heal","damage_taken":0,"max_hp_gain":0,"max_hp_loss":0,"event_name":"MindBloom","floor":45,"gold_loss":0,"cards_obtained":["Doubt"]},{"damage_healed":0,"gold_gain":0,"player_choice":"Paid Gold","damage_taken":0,"relics_obtained":["Blue Candle"],"max_hp_gain":0,"max_hp_loss":0,"event_name":"WeMeetAgain","floor":48,"gold_loss":50}],"is_beta":false,"boss_relics":[{"not_picked":["Coffee Dripper","Philosopher\u0027s Stone"],"picked":"Velvet Choker"},{"not_picked":["Cursed Key","HoveringKite"],"picked":"Busted Crown"}],"items_purged_floors":[47],"is_endless":false,"potions_floor_spawned":[7,12,13,18,20,29,31,36,41,46],"killed_by":"Awakened One","ascension_level":20}