{"gold_per_floor":[110,60,75,75,94,114,139,139,139,30,30,43,43,74,74,174,174,191,191,203,49,49,49,78,88,88,88,13,31,43,57,57,158,208,225,243,243,20,36,36,36],"floor_reached":41,"playtime":2141,"items_purged":["Strike_G","Strike_G"],"score":520,"play_id":"f7dc3724-6b02-41aa-81a6-d03d2fab69da","local_time":"20180805162355","is_ascension_mode":true,"campfire_choices":[{"data":"Neutralize","floor":8.0,"key":"SMITH"},{"data":"Noxious Fumes","floor":13.0,"key":"SMITH"},{"data":"Dodge and Roll","floor":15.0,"key":"SMITH"},{"data":"Glass Knife","floor":23.0,"key":"SMITH"},{"floor":32.0,"key":"REST"},{"data":"Noxious Fumes","floor":40,"key":"SMITH"}],"neow_cost":"NONE","seed_source_timestamp":0,"circlet_count":0,"master_deck":["Defend_G","Defend_G","Defend_G","Defend_G","Defend_G","Survivor","Neutralize+1","Dagger Spray","Poisoned Stab","Blur","Blade Dance","Crippling Poison","Dash","Noxious Fumes+1","Dodge and Roll+1","Backflip","Glass Knife+1","Dagger Throw","Blur","Noxious Fumes","Leg Sweep","Noxious Fumes+1","Blade Dance+1","Deadly Poison+1","After Image+1","Well Laid Plans","Dodge and Roll","Caltrops","Cloak And Dagger+1","Finesse","Accuracy","Terror"],"special_seed":0,"relics":["Ring of the Snake","Anchor","Oddly Smooth Stone","Blood Vial","Sozu","Regal Pillow","Bag of Marbles","Ginger","Tiny House","Peace Pipe"],"potions_floor_usage":[],"damage_taken":[{"damage":0.0,"enemies":"2 Louse","floor":1.0,"turns":2.0},{"damage":4.0,"enemies":"Small Slimes","floor":3.0,"turns":3.0},{"damage":2.0,"enemies":"Jaw Worm","floor":5.0,"turns":5.0},{"damage":10.0,"enemies":"Gremlin Gang","floor":6.0,"turns":6.0},{"damage":8.0,"enemies":"Lagavulin","floor":7.0,"turns":8.0},{"damage":0.0,"enemies":"Gremlin Nob","floor":11.0,"turns":1.0},{"damage":0.0,"enemies":"2 Fungi Beasts","floor":12.0,"turns":4.0},{"damage":4.0,"enemies":"Lagavulin","floor":14.0,"turns":6.0},{"damage":43.0,"enemies":"Slime Boss","floor":16.0,"turns":12.0},{"damage":11.0,"enemies":"Spheric Guardian","floor":18.0,"turns":6.0},{"damage":10.0,"enemies":"Chosen","floor":20.0,"turns":6.0},{"damage":25.0,"enemies":"Book of Stabbing","floor":24.0,"turns":7.0},{"damage":12.0,"enemies":"Sentry and Sphere","floor":25.0,"turns":5.0},{"damage":0.0,"enemies":"Centurion and Healer","floor":29.0,"turns":6.0},{"damage":0.0,"enemies":"Snecko","floor":30.0,"turns":6.0},{"damage":5.0,"enemies":"Snake Plant","floor":31.0,"turns":5.0},{"damage":47.0,"enemies":"Champ","floor":33.0,"turns":12.0},{"damage":12.0,"enemies":"3 Darklings","floor":35.0,"turns":5.0},{"damage":0.0,"enemies":"Flame Bruiser 1 Orb","floor":36.0,"turns":7.0},{"damage":0.0,"floor":37.0,"turns":7.0},{"damage":18.0,"enemies":"Spire Growth","floor":39.0,"turns":6.0},{"damage":53,"enemies":"2 Orb Walkers","floor":41,"turns":4}],"seed_played":"1129140997962915829","potions_obtained":[{"floor":4.0,"key":"Ancient Potion"},{"floor":4.0,"key":"EssenceOfSteel"},{"floor":4.0,"key":"SmokeBomb"},{"floor":5.0,"key":"Regen Potion"},{"floor":7.0,"key":"Energy Potion"},{"floor":12.0,"key":"Energy Potion"}],"is_trial":false,"path_per_floor":["M","?","M","?","M","M","E","R","T","$","E","M","R","E","R","B",null,"M","?","M","$","?","R","E","M","T","$","?","M","M","M","R","B",null,"M","M","?","$","M","R"],"character_chosen":"THE_SILENT","items_purchased":["Noxious Fumes","Regal Pillow","Finesse","Accuracy"],"campfire_rested":1,"item_purchase_floors":[10,21,38,38],"current_hp_per_floor":[70,70,66,66,64,54,61,61,61,61,61,61,61,57,57,16,70,59,59,51,51,70,70,45,35,35,35,35,37,39,36,70,23,75,63,65,67,67,51,51,0],"gold":36,"neow_bonus":"THREE_CARDS","is_prod":false,"is_daily":false,"chose_seed":false,"campfire_upgraded":5,"win_rate":0,"timestamp":1533500635,"path_taken":["M","?","M","?","?","M","E","R","T","$","E","M","R","E","R","BOSS","M","?","M","$","?","R","E","M","T","?","?","?","M","M","R","BOSS","M","?","?","$","?","R","E"],"build_version":"2018-08-02","purchased_purges":2,"victory":false,"max_hp_per_floor":[70,70,70,70,70,70,70,70,70,70,70,70,70,70,70,70,70,70,70,70,70,70,70,70,70,70,70,70,70,70,70,70,70,75,75,75,75,75,75,75,75],"card_choices":[{"not_picked":["Catalyst","Dodge and Roll"],"picked":"Dagger Spray","floor":0.0},{"not_picked":["Deflect","Well Laid Plans"],"picked":"Poisoned Stab","floor":1.0},{"not_picked":["Acrobatics","Choke"],"picked":"Blur","floor":3.0},{"not_picked":["Outmaneuver","Accuracy"],"picked":"Blade Dance","floor":5.0},{"not_picked":["Tactician","Choke"],"picked":"Crippling Poison","floor":6.0},{"not_picked":["Slice","Finisher"],"picked":"Dash","floor":7.0},{"not_picked":["Deflect","Bane"],"picked":"Dodge and Roll","floor":12.0},{"not_picked":["Unload","Underhanded Strike"],"picked":"Backflip","floor":14.0},{"not_picked":["Bullet Time","A Thousand Cuts"],"picked":"Glass Knife","floor":16.0},{"not_picked":["Distraction","Outmaneuver+1"],"picked":"Dagger Throw","floor":18.0},{"not_picked":["Underhanded Strike","All Out Attack"],"picked":"Blur","floor":20.0},{"not_picked":["Dagger Throw","Deflect"],"picked":"Noxious Fumes","floor":24.0},{"not_picked":["PiercingWail","Cloak And Dagger"],"picked":"Leg Sweep","floor":25.0},{"not_picked":["Crippling Poison+1","Predator+1"],"picked":"Noxious Fumes","floor":29.0},{"not_picked":["Poisoned Stab","Dagger Throw"],"picked":"Blade Dance+1","floor":30.0},{"not_picked":["Poisoned Stab","Escape Plan+1"],"picked":"Deadly Poison+1","floor":31.0},{"not_picked":["Malaise","A Thousand Cuts"],"picked":"After Image","floor":33.0},{"not_picked":["Poisoned Stab","Dagger Throw"],"picked":"Well Laid Plans","floor":34.0},{"not_picked":["Bane+1","Finisher"],"picked":"Dodge and Roll","floor":35.0},{"not_picked":["Calculated Gamble","Underhanded Strike"],"picked":"Caltrops","floor":36.0},{"not_picked":["Deadly Poison+1","Distraction+1"],"picked":"Cloak And Dagger+1","floor":37.0},{"not_picked":["All Out Attack+1","Choke"],"picked":"Terror","floor":39.0}],"player_experience":217565,"relics_obtained":[{"floor":7.0,"key":"Anchor"},{"floor":9.0,"key":"Oddly Smooth Stone"},{"floor":14.0,"key":"Blood Vial"},{"floor":24.0,"key":"Bag of Marbles"},{"floor":26.0,"key":"Ginger"},{"floor":37.0,"key":"Peace Pipe"}],"event_choices":[{"event_name":"The Cleric","player_choice":"Card Removal","floor":2.0,"damage_taken":0.0},{"event_name":"The Lab","player_choice":"Got Potions","floor":4.0,"damage_taken":0.0},{"event_name":"Transmorgrifier","player_choice":"Transform","floor":19.0,"damage_taken":0.0},{"event_name":"Bonfire Elementals","player_choice":"UNCOMMON","floor":22.0,"damage_taken":0.0},{"event_name":"Beggar","player_choice":"Gave Gold","floor":28.0,"damage_taken":0.0},{"event_name":"MindBloom","player_choice":"Fight","floor":37.0,"damage_taken":0.0}],"is_beta":false,"boss_relics":[{"not_picked":["Empty Cage","Astrolabe"],"picked":"Sozu"},{"not_picked":["Coffee Dripper","White Beast Statue"],"picked":"Tiny House"}],"items_purged_floors":[10,38],"is_endless":false,"potions_floor_spawned":[5,7,12,20,24,25,30,31,35],"killed_by":"2 Orb Walkers","ascension_level":4}