{"gold_per_floor":[113,113,113,124,144,144,144,171,218,218,234,234,265,283,283,360,410,423,473,483,318,338,338,370,370,370,370,370,396,396,408,408,408],"floor_reached":33,"playtime":950,"items_purged":[],"score":546,"play_id":"c7c7e69f-f6e6-4584-99d7-d3224a9f8183","local_time":"20190613155334","is_ascension_mode":true,"campfire_choices":[{"data":"Noxious Fumes","floor":6.0,"key":"SMITH"},{"floor":10.0,"key":"REST"},{"floor":12.0,"key":"REST"},{"data":"Neutralize","floor":15.0,"key":"SMITH"},{"floor":23,"key":"REST"},{"floor":27,"key":"REST"},{"floor":30,"key":"REST"},{"floor":32,"key":"REST"}],"neow_cost":"NONE","seed_source_timestamp":0,"circlet_count":0,"master_deck":["AscendersBane","Defend_G+1","Defend_G+1","Defend_G+1","Defend_G+1","Defend_G+1","Strike_G+1","Strike_G+1","Strike_G+1","Survivor","Neutralize+1","Noxious Fumes+1","Quick Slash","Riddle With Holes","Escape Plan","Cloak And Dagger","Cloak And Dagger","Bane","Poisoned Stab","Corpse Explosion","Caltrops","Sucker Punch","Dash+1","Infinite Blades","Dagger Spray","Footwork"],"special_seed":0,"relics":["Ring of the Snake","Matryoshka","Lantern","Anchor","Whetstone","Tiny House","Juzu Bracelet","Bag of Preparation","Nunchaku","Pen Nib","Omamori","Dream Catcher"],"potions_floor_usage":[22,24,24],"damage_taken":[{"damage":7.0,"enemies":"Small Slimes","floor":1.0,"turns":5.0},{"damage":0.0,"enemies":"Jaw Worm","floor":4.0,"turns":6.0},{"damage":0.0,"enemies":"2 Louse","floor":5.0,"turns":3.0},{"damage":33.0,"enemies":"Lagavulin","floor":8.0,"turns":8.0},{"damage":3.0,"enemies":"Exordium Thugs","floor":11.0,"turns":5.0},{"damage":14.0,"enemies":"3 Sentries","floor":13.0,"turns":8.0},{"damage":0.0,"enemies":"Looter","floor":14.0,"turns":3.0},{"damage":25.0,"enemies":"Slime Boss","floor":16.0,"turns":9.0},{"damage":19.0,"enemies":"3 Byrds","floor":18.0,"turns":2.0},{"damage":7.0,"enemies":"Shell Parasite","floor":20.0,"turns":6.0},{"damage":27,"enemies":"Sentry and Sphere","floor":22,"turns":7},{"damage":18,"enemies":"Book of Stabbing","floor":24,"turns":6},{"damage":32,"enemies":"Snecko","floor":31,"turns":6},{"damage":44,"enemies":"Collector","floor":33,"turns":3}],"seed_played":"-923015593115405140","potions_obtained":[{"floor":1.0,"key":"LiquidBronze"},{"floor":4.0,"key":"AttackPotion"},{"floor":13.0,"key":"Explosive Potion"},{"floor":14.0,"key":"PowerPotion"},{"floor":17.0,"key":"EssenceOfSteel"},{"floor":18.0,"key":"Explosive Potion"},{"floor":22,"key":"Dexterity Potion"},{"floor":24,"key":"Fire Potion"}],"is_trial":false,"path_per_floor":["M","?","T","M","M","R","?","E","T","R","M","R","E","M","R","B",null,"M","?","M","$","M","R","E","?","T","R","?","T","R","M","R","B"],"character_chosen":"THE_SILENT","items_purchased":["Juzu Bracelet"],"campfire_rested":6,"item_purchase_floors":[21],"current_hp_per_floor":[52,45,45,45,45,45,45,12,12,31,28,47,33,33,33,8,57,38,38,31,31,4,25,7,7,7,28,28,28,49,17,38,0],"gold":408,"neow_bonus":"TRANSFORM_CARD","is_prod":false,"is_daily":false,"chose_seed":false,"campfire_upgraded":2,"win_rate":0,"timestamp":1560455614,"path_taken":["M","?","?","M","M","R","?","E","T","R","M","R","E","M","R","BOSS","M","?","M","$","M","R","E","?","T","R","?","?","R","M","R","BOSS"],"build_version":"2019-01-23","purchased_purges":0,"victory":false,"max_hp_per_floor":[66,66,66,66,66,66,66,66,66,66,66,66,66,66,66,66,71,71,71,71,71,71,71,71,71,71,71,71,71,71,71,71,71],"card_choices":[{"not_picked":["Masterful Stab","Slice"],"picked":"Quick Slash","floor":1.0},{"not_picked":["Underhanded Strike","PiercingWail"],"picked":"Riddle With Holes","floor":4.0},{"not_picked":["Catalyst","Tools of the Trade"],"picked":"Escape Plan","floor":5.0},{"not_picked":["Grand Finale","Deflect"],"picked":"Cloak And Dagger","floor":8.0},{"not_picked":["Backflip","Heel Hook"],"picked":"Cloak And Dagger","floor":11.0},{"not_picked":["Escape Plan","Quick Slash"],"picked":"Bane","floor":13.0},{"not_picked":["Blade Dance","Deadly Poison"],"picked":"Poisoned Stab","floor":14.0},{"not_picked":["Doppelganger","Envenom"],"picked":"Corpse Explosion","floor":16.0},{"not_picked":["Accuracy","Deflect"],"picked":"Caltrops","floor":17.0},{"not_picked":["Deflect","Dagger Spray"],"picked":"Sucker Punch","floor":18.0},{"not_picked":["Cloak And Dagger","Bane"],"picked":"Dash+1","floor":20.0},{"not_picked":["Reflex","Distraction","Deflect"],"picked":"SKIP","floor":22},{"not_picked":["Calculated Gamble","PiercingWail"],"picked":"Infinite Blades","floor":24},{"not_picked":["Slice","Dagger Throw+1"],"picked":"Dagger Spray","floor":30},{"not_picked":["Masterful Stab","Deflect","Tools of the Trade"],"picked":"SKIP","floor":31},{"not_picked":["Outmaneuver","Catalyst+1"],"picked":"Footwork","floor":32}],"player_experience":733055,"relics_obtained":[{"floor":8.0,"key":"Matryoshka"},{"floor":9.0,"key":"Lantern"},{"floor":9.0,"key":"Anchor"},{"floor":13.0,"key":"Whetstone"},{"floor":24,"key":"Bag of Preparation"},{"floor":26,"key":"Pen Nib"},{"floor":26,"key":"Omamori"},{"floor":29,"key":"Dream Catcher"}],"event_choices":[{"cards_removed":["Strike_G"],"damage_healed":0.0,"max_hp_gain":0.0,"max_hp_loss":0.0,"gold_gain":0.0,"event_name":"Golden Wing","player_choice":"Card Removal","floor":2.0,"gold_loss":0.0,"damage_taken":7.0},{"damage_healed":0.0,"max_hp_gain":0.0,"max_hp_loss":0.0,"gold_gain":0.0,"event_name":"Shining Light","player_choice":"Ignored","floor":7.0,"gold_loss":0.0,"damage_taken":0.0},{"damage_healed":0.0,"max_hp_gain":0.0,"max_hp_loss":0.0,"gold_gain":50.0,"event_name":"Nest","player_choice":"Stole From Cult","floor":19.0,"gold_loss":0.0,"damage_taken":0.0},{"damage_healed":0,"gold_gain":0,"player_choice":"Gave Potion","damage_taken":0,"relics_obtained":["Nunchaku"],"max_hp_gain":0,"max_hp_loss":0,"event_name":"WeMeetAgain","floor":25,"gold_loss":0},{"damage_healed":0,"gold_gain":0,"player_choice":"Simplicity","damage_taken":0,"max_hp_gain":0,"max_hp_loss":0,"event_name":"Back to Basics","floor":28,"gold_loss":0,"cards_upgraded":["Defend_G","Defend_G","Defend_G","Defend_G","Strike_G"]}],"is_beta":false,"boss_relics":[{"not_picked":["Cursed Key","Lizard Tail"],"picked":"Tiny House"}],"items_purged_floors":[],"is_endless":false,"potions_floor_spawned":[1,4,5,13,14,18,20,22,24],"killed_by":"Collector","ascension_level":20}