{"gold_per_floor":[113,129,148,61,61,61,123,123,123,123,143,143,154,188,188,262,262,282,310,225,238,36,36,36,36,36,36,36,64,64,64,64,64],"floor_reached":33,"playtime":1160,"items_purged":[],"score":538,"play_id":"25f6d87e-6739-4f5d-ba63-3f342e303d4c","local_time":"20190418200316","is_ascension_mode":true,"campfire_choices":[{"data":"Neutralize","floor":6.0,"key":"SMITH"},{"data":"Caltrops","floor":8.0,"key":"SMITH"},{"data":"Blur","floor":10.0,"key":"SMITH"},{"floor":12.0,"key":"REST"},{"data":"Noxious Fumes","floor":15.0,"key":"SMITH"},{"floor":23.0,"key":"REST"},{"floor":25,"key":"REST"},{"data":"A Thousand Cuts","floor":27,"key":"SMITH"},{"floor":32,"key":"REST"}],"neow_cost":"NONE","seed_source_timestamp":10214900629951666,"circlet_count":0,"master_deck":["AscendersBane","Survivor","Neutralize+1","Dagger Spray","Caltrops+1","Noxious Fumes+1","Blur+1","Predator","Dodge and Roll","Noxious Fumes+1","A Thousand Cuts+1","Dagger Throw","Corpse Explosion","Riddle With Holes","Noxious Fumes","PiercingWail","Leg Sweep","Dagger Throw","Endless Agony","Blade Dance","Backflip","Backflip","Leg Sweep","All Out Attack"],"special_seed":0,"relics":["Ring of the Snake","Art of War","Tiny Chest","Bottled Flame","PreservedInsect","Pandora\u0027s Box","Red Mask","Ginger","Happy Flower","Orichalcum","Anchor"],"potions_floor_usage":[],"damage_taken":[{"damage":1.0,"enemies":"2 Louse","floor":1.0,"turns":3.0},{"damage":0.0,"enemies":"Jaw Worm","floor":2.0,"turns":4.0},{"damage":7.0,"enemies":"Small Slimes","floor":3.0,"turns":5.0},{"damage":28.0,"enemies":"3 Sentries","floor":7.0,"turns":7.0},{"damage":9.0,"enemies":"3 Louse","floor":11.0,"turns":3.0},{"damage":1.0,"enemies":"2 Fungi Beasts","floor":13.0,"turns":3.0},{"damage":14.0,"enemies":"Lagavulin","floor":14.0,"turns":9.0},{"damage":6.0,"enemies":"The Guardian","floor":16.0,"turns":9.0},{"damage":28.0,"enemies":"Spheric Guardian","floor":18.0,"turns":6.0},{"damage":0.0,"enemies":"Masked Bandits","floor":19.0,"turns":1.0},{"damage":16.0,"enemies":"2 Thieves","floor":21.0,"turns":3.0},{"damage":3,"enemies":"Gremlin Leader","floor":29,"turns":5},{"damage":67,"enemies":"Champ","floor":33,"turns":12}],"seed_played":"-4249315664412126025","potions_obtained":[{"floor":1.0,"key":"SkillPotion"},{"floor":13.0,"key":"Fire Potion"},{"floor":16.0,"key":"FearPotion"},{"floor":18.0,"key":"Explosive Potion"},{"floor":19.0,"key":"SkillPotion"}],"is_trial":false,"path_per_floor":["M","M","M","$","?","R","E","R","T","R","M","R","M","E","R","B",null,"M","?","?","M","$","R","?","R","T","R","?","E","?","$","R","B"],"character_chosen":"THE_SILENT","items_purchased":["Noxious Fumes","Happy Flower","Leg Sweep"],"campfire_rested":4,"item_purchase_floors":[4,22,22],"current_hp_per_floor":[58,58,51,51,51,51,23,23,23,23,14,33,32,18,18,12,53,25,25,25,9,9,28,28,47,47,47,47,44,44,44,63,0],"gold":64,"neow_bonus":"RANDOM_COMMON_RELIC","is_prod":false,"is_daily":false,"chose_seed":false,"campfire_upgraded":5,"win_rate":0,"timestamp":1555632196,"path_taken":["M","M","M","$","?","R","E","R","T","R","M","R","M","E","R","BOSS","M","?","?","M","$","R","?","R","T","R","?","E","?","$","R","BOSS"],"build_version":"2019-01-23","purchased_purges":0,"victory":false,"max_hp_per_floor":[66,66,66,66,66,66,66,66,66,66,66,66,66,66,66,66,66,66,66,66,66,66,66,66,66,66,66,66,66,66,66,66,66],"card_choices":[{"not_picked":["Accuracy","Outmaneuver"],"picked":"Dagger Spray","floor":1.0},{"not_picked":["Concentrate","Finisher","Tactician"],"picked":"SKIP","floor":2.0},{"not_picked":["Backflip","Acrobatics"],"picked":"Caltrops","floor":3.0},{"not_picked":["Dodge and Roll","Blade Dance"],"picked":"Blur","floor":7.0},{"not_picked":["Prepared","Accuracy"],"picked":"Predator","floor":11.0},{"not_picked":["Setup","Deflect"],"picked":"Dodge and Roll","floor":13.0},{"not_picked":["Blur","Corpse Explosion"],"picked":"Noxious Fumes","floor":14.0},{"not_picked":["Glass Knife","Wraith Form v2"],"picked":"A Thousand Cuts","floor":16.0},{"not_picked":["Acrobatics","Backstab"],"picked":"Blade Dance","floor":18.0},{"not_picked":["Deflect","Deadly Poison"],"picked":"Backflip","floor":19.0},{"not_picked":["Sucker Punch","Accuracy"],"picked":"Backflip","floor":21.0},{"not_picked":["Concentrate","Skewer","Underhanded Strike"],"picked":"SKIP","floor":29}],"player_experience":643139,"relics_obtained":[{"floor":7.0,"key":"Tiny Chest"},{"floor":9.0,"key":"Bottled Flame"},{"floor":14.0,"key":"PreservedInsect"},{"floor":19.0,"key":"Red Mask"},{"floor":26,"key":"Orichalcum"},{"floor":29,"key":"Anchor"}],"event_choices":[{"damage_healed":0.0,"max_hp_gain":0.0,"max_hp_loss":0.0,"gold_gain":0.0,"event_name":"Living Wall","player_choice":"Grow","floor":5.0,"gold_loss":0.0,"damage_taken":0.0,"cards_upgraded":["Noxious Fumes"]},{"damage_healed":0.0,"max_hp_gain":0.0,"max_hp_loss":0.0,"gold_gain":0.0,"event_name":"Masked Bandits","player_choice":"Fought Bandits","floor":19.0,"gold_loss":0.0,"damage_taken":0.0},{"damage_healed":0.0,"max_hp_gain":0.0,"max_hp_loss":0.0,"gold_gain":0.0,"event_name":"Addict","player_choice":"Obtained Relic","floor":20.0,"gold_loss":85.0,"damage_taken":0.0,"relics_obtained":["Ginger"]},{"cards_removed":["Finisher"],"damage_healed":0,"gold_gain":0,"player_choice":"Elegance","damage_taken":0,"max_hp_gain":0,"max_hp_loss":0,"event_name":"Back to Basics","floor":24,"gold_loss":0},{"damage_healed":0,"gold_gain":0,"player_choice":"Ignored","damage_taken":0,"max_hp_gain":0,"max_hp_loss":0,"event_name":"Vampires","floor":28,"gold_loss":0},{"damage_healed":0,"gold_gain":0,"cards_transformed":["Doppelganger"],"player_choice":"Transformed","damage_taken":0,"max_hp_gain":0,"max_hp_loss":0,"event_name":"Transmorgrifier","floor":30,"gold_loss":0,"cards_obtained":["All Out Attack"]}],"is_beta":false,"boss_relics":[{"not_picked":["Fusion Hammer","White Beast Statue"],"picked":"Pandora\u0027s Box"}],"items_purged_floors":[],"is_endless":false,"potions_floor_spawned":[1,13,16,18,19],"killed_by":"Champ","ascension_level":20}