{"gold_per_floor":[115,65,65,83,102,102,134,134,208,219,219,67,67,79,79,178,178,189,21,21,21,31,31,63,63,63,162,173,46,72,72,72,170,170,190,190,590,300,314,314,347,357,380,414,689,689,51,67,67,67],"floor_reached":51,"playtime":3030,"items_purged":["Strike_B","Defend_B","Defend_B","Regret"],"score":1196,"play_id":"48279b97-aaac-49fa-b7ff-137dbac2b436","local_time":"20190711183449","is_ascension_mode":true,"campfire_choices":[{"data":"Consume","floor":6.0,"key":"SMITH"},{"data":"Loop","floor":11.0,"key":"SMITH"},{"floor":13.0,"key":"REST"},{"floor":15.0,"key":"RECALL"},{"data":"Apotheosis","floor":23.0,"key":"SMITH"},{"floor":32.0,"key":"REST"},{"floor":40.0,"key":"REST"},{"floor":46.0,"key":"REST"},{"floor":49,"key":"REST"}],"neow_cost":"NONE","seed_source_timestamp":170531731041735,"circlet_count":0,"master_deck":["AscendersBane","Defend_B","Zap+1","Dualcast","Cold Snap","Gash","Consume+1","Chill","Loop+1","White Noise","Core Surge","White Noise","Self Repair","Cold Snap+1","Apotheosis+1","Gash+1","Gash","Core Surge+1","Capacitor","Panacea","Loop","Skim","Defragment","Capacitor","Static Discharge","Defragment","Chill"],"special_seed":0,"relics":["FrozenCore","Boot","Matryoshka","Orrery","Dodecahedron","Potion Belt","Pear","Emotion Chip","Darkstone Periapt","Gambling Chip","Old Coin","The Courier","Art of War","Whetstone"],"potions_floor_usage":[48,50,50,50,50,50,50],"damage_taken":[{"damage":0.0,"enemies":"Cultist","floor":1.0,"turns":3.0},{"damage":0.0,"enemies":"2 Louse","floor":4.0,"turns":2.0},{"damage":0.0,"enemies":"Jaw Worm","floor":5.0,"turns":3.0},{"damage":30.0,"enemies":"Gremlin Nob","floor":7.0,"turns":4.0},{"damage":2.0,"enemies":"2 Fungi Beasts","floor":10.0,"turns":4.0},{"damage":1.0,"enemies":"Blue Slaver","floor":14.0,"turns":6.0},{"damage":2.0,"enemies":"Slime Boss","floor":16.0,"turns":6.0},{"damage":6.0,"enemies":"3 Byrds","floor":18.0,"turns":7.0},{"damage":6.0,"enemies":"Shell Parasite","floor":22.0,"turns":6.0},{"damage":52.0,"enemies":"Book of Stabbing","floor":24.0,"turns":8.0},{"damage":0.0,"enemies":"Centurion and Healer","floor":25.0,"turns":1.0},{"damage":11.0,"enemies":"Snecko","floor":28.0,"turns":8.0},{"damage":19.0,"enemies":"Gremlin Leader","floor":30.0,"turns":9.0},{"damage":11.0,"enemies":"Champ","floor":33.0,"turns":12.0},{"damage":13.0,"enemies":"Orb Walker","floor":35.0,"turns":5.0},{"damage":6.0,"enemies":"Mind Bloom Boss Battle","floor":37.0,"turns":12.0},{"damage":32.0,"enemies":"3 Shapes","floor":39.0,"turns":3.0},{"damage":0.0,"enemies":"Giant Head","floor":41.0,"turns":11.0},{"damage":46.0,"enemies":"Transient","floor":42.0,"turns":5.0},{"damage":6.0,"enemies":"Nemesis","floor":44.0,"turns":9.0},{"damage":21,"enemies":"Jaw Worm Horde","floor":48,"turns":6},{"damage":46,"enemies":"Time Eater","floor":50,"turns":11}],"seed_played":"2019139772889837464","potions_obtained":[{"floor":1.0,"key":"Poison Potion"},{"floor":4.0,"key":"EntropicBrew"},{"floor":16.0,"key":"EssenceOfSteel"},{"floor":18.0,"key":"SkillPotion"},{"floor":28.0,"key":"GamblersBrew"},{"floor":33.0,"key":"Block Potion"},{"floor":35.0,"key":"Explosive Potion"},{"floor":42.0,"key":"Weak Potion"},{"floor":48,"key":"EntropicBrew"}],"is_trial":false,"path_per_floor":["M","?","?","M","M","R","E","?","T","M","R","$","R","M","R","B",null,"M","$","?","?","M","R","E","M","T","?","M","$","E","T","R","B",null,"M","?","?","$","M","R","E","M","T","E","?","R","$","M","R","B",null],"character_chosen":"DEFECT","items_purchased":["White Noise","Apotheosis","Gash","Panacea","Loop","Capacitor","Static Discharge","Defragment","Chill","Dexterity Potion","Dexterity Potion","Explosive Potion","Block Potion","Strength Potion","SteroidPotion","Dexterity Potion"],"campfire_rested":5,"item_purchase_floors":[12,19,29,38,38,47,47,47,47,47,47,47,47,47,47,47],"current_hp_per_floor":[68,68,61,61,61,61,31,31,31,29,29,29,51,50,50,48,68,69,69,69,69,73,73,31,31,41,41,50,50,41,41,66,65,80,77,77,81,81,49,73,81,45,45,49,55,81,81,60,86,50],"gold":67,"neow_bonus":"UPGRADE_CARD","is_prod":false,"is_daily":false,"chose_seed":false,"campfire_upgraded":3,"win_rate":0,"timestamp":1562862889,"path_taken":["M","?","?","M","M","R","E","?","T","M","R","$","R","?","R","BOSS","M","$","?","?","M","R","E","M","T","?","M","$","E","?","R","BOSS","M","?","?","$","M","R","E","M","T","E","?","R","$","M","R","BOSS"],"build_version":"2019-07-05","purchased_purges":4,"victory":true,"max_hp_per_floor":[75,75,75,75,75,75,75,75,75,75,75,75,75,75,75,75,75,75,75,75,75,75,75,75,75,85,85,85,85,85,85,85,85,85,85,81,81,81,81,81,81,81,81,81,87,87,87,87,87,87],"card_choices":[{"not_picked":["Storm","Stack"],"picked":"Cold Snap","floor":1.0},{"not_picked":["Darkness","Coolheaded"],"picked":"Gash","floor":4.0},{"not_picked":["Sweeping Beam","Cold Snap"],"picked":"Consume","floor":5.0},{"not_picked":["Tempest","Recycle","Heatsinks"],"picked":"SKIP","floor":7.0},{"not_picked":["Sweeping Beam","Leap"],"picked":"Loop","floor":10.0},{"not_picked":["Recycle","Ball Lightning","Melter"],"picked":"SKIP","floor":14.0},{"not_picked":["Thunder Strike","Meteor Strike"],"picked":"Core Surge","floor":16.0},{"not_picked":["Barrage","Steam Power"],"picked":"White Noise","floor":17.0},{"not_picked":["Reinforced Body","Redo"],"picked":"Self Repair","floor":17.0},{"not_picked":["Go for the Eyes","Leap"],"picked":"Cold Snap","floor":17.0},{"not_picked":["Stack","FTL","Leap"],"picked":"SKIP","floor":18.0},{"not_picked":["Steam","Skim","Cold Snap"],"picked":"SKIP","floor":22.0},{"not_picked":["Multi-Cast","Double Energy","Darkness"],"picked":"SKIP","floor":24.0},{"not_picked":["Coolheaded+1","Streamline"],"picked":"Gash+1","floor":28.0},{"not_picked":["Steam","Heatsinks","Hologram+1"],"picked":"SKIP","floor":30.0},{"not_picked":["Electrodynamics","Meteor Strike"],"picked":"Core Surge","floor":33.0},{"not_picked":["Compile Driver","Fusion","Go for the Eyes"],"picked":"SKIP","floor":35.0},{"not_picked":["Compile Driver","Defragment"],"picked":"Capacitor","floor":37.0},{"not_picked":["Barrage","Reprogram","Doom and Gloom"],"picked":"SKIP","floor":39.0},{"not_picked":["Static Discharge","Compile Driver"],"picked":"Skim","floor":41.0},{"not_picked":["Barrage","Auto Shields"],"picked":"Defragment","floor":42.0},{"not_picked":["FTL+1","Reinforced Body+1","Reprogram"],"picked":"SKIP","floor":44.0},{"not_picked":["Sunder","Redo","Hologram"],"picked":"SKIP","floor":48}],"player_experience":81914,"relics_obtained":[{"floor":7.0,"key":"Boot"},{"floor":9.0,"key":"Matryoshka"},{"floor":24.0,"key":"Dodecahedron"},{"floor":26.0,"key":"Potion Belt"},{"floor":26.0,"key":"Pear"},{"floor":30.0,"key":"Emotion Chip"},{"floor":31.0,"key":"Darkstone Periapt"},{"floor":31.0,"key":"Gambling Chip"},{"floor":37.0,"key":"Old Coin"},{"floor":41.0,"key":"The Courier"},{"floor":43.0,"key":"Art of War"},{"floor":44.0,"key":"Whetstone"}],"event_choices":[{"cards_removed":["Strike_B"],"damage_healed":0.0,"max_hp_gain":0.0,"max_hp_loss":0.0,"gold_gain":0.0,"event_name":"The Cleric","player_choice":"Card Removal","floor":2.0,"gold_loss":50.0,"damage_taken":0.0},{"cards_removed":["Strike_B"],"damage_healed":0.0,"max_hp_gain":0.0,"max_hp_loss":0.0,"gold_gain":0.0,"event_name":"Golden Wing","player_choice":"Card Removal","floor":3.0,"gold_loss":0.0,"damage_taken":7.0},{"damage_healed":0.0,"max_hp_gain":0.0,"max_hp_loss":0.0,"gold_gain":0.0,"cards_transformed":["Strike_B"],"event_name":"Transmorgrifier","player_choice":"Transformed","floor":8.0,"gold_loss":0.0,"damage_taken":0.0,"cards_obtained":["Chill"]},{"damage_healed":0.0,"max_hp_gain":0.0,"max_hp_loss":0.0,"gold_gain":0.0,"event_name":"Ghosts","player_choice":"Ignored","floor":20.0,"gold_loss":0.0,"damage_taken":0.0},{"cards_removed":["Defend_B"],"damage_healed":0.0,"max_hp_gain":0.0,"max_hp_loss":0.0,"gold_gain":0.0,"event_name":"Back to Basics","player_choice":"Elegance","floor":21.0,"gold_loss":0.0,"damage_taken":0.0},{"damage_healed":0.0,"max_hp_gain":0.0,"max_hp_loss":0.0,"gold_gain":99.0,"event_name":"Nest","player_choice":"Stole From Cult","floor":27.0,"gold_loss":0.0,"damage_taken":0.0},{"damage_healed":0.0,"max_hp_gain":0.0,"max_hp_loss":4.0,"gold_gain":0.0,"event_name":"Winding Halls","player_choice":"Max HP","floor":36.0,"gold_loss":0.0,"damage_taken":0.0},{"damage_healed":0.0,"max_hp_gain":0.0,"max_hp_loss":0.0,"gold_gain":0.0,"event_name":"MindBloom","player_choice":"Fight","floor":37.0,"gold_loss":0.0,"damage_taken":0.0},{"damage_healed":0.0,"max_hp_gain":0.0,"max_hp_loss":0.0,"gold_gain":275.0,"event_name":"Golden Shrine","player_choice":"Desecrate","floor":45.0,"gold_loss":0.0,"damage_taken":0.0,"cards_obtained":["Regret"]}],"is_beta":false,"boss_relics":[{"not_picked":["Nuclear Battery","Lizard Tail"],"picked":"Orrery"},{"not_picked":["Coffee Dripper","Sozu"],"picked":"FrozenCore"}],"items_purged_floors":[12,29,38,47],"is_endless":false,"potions_floor_spawned":[1,4,10,16,18,25,28,33,35,42,48],"ascension_level":12}