{"gold_per_floor":[115,115,130,150,160,189,205,205,205,355,355,355],"floor_reached":12,"playtime":235,"items_purged":[],"score":160,"play_id":"fc09e731-17eb-4d22-907c-e4d44f4cffce","local_time":"20190225215348","is_ascension_mode":true,"campfire_choices":[{"floor":8,"key":"REST"},{"floor":11,"key":"REST"}],"neow_cost":"NONE","seed_source_timestamp":815374962067900,"circlet_count":0,"master_deck":["AscendersBane","Defend_G","Defend_G","Defend_G","Defend_G","Defend_G","Strike_G","Strike_G","Strike_G","Strike_G","Strike_G","Survivor","Neutralize","Terror+1","Cloak And Dagger","Infinite Blades","Poisoned Stab","Envenom+1","Backflip","Doubt"],"relics":["Ring of the Snake","NeowsBlessing","Frozen Egg 2","Question Card"],"potions_floor_usage":[6,12],"damage_taken":[{"damage":0,"enemies":"Jaw Worm","floor":1,"turns":1},{"damage":0,"enemies":"Cultist","floor":3,"turns":1},{"damage":0,"enemies":"Small Slimes","floor":4,"turns":1},{"damage":8,"enemies":"Blue Slaver","floor":5,"turns":5},{"damage":8,"enemies":"Gremlin Nob","floor":6,"turns":3},{"damage":38,"enemies":"Gremlin Gang","floor":7,"turns":6},{"damage":60,"enemies":"Gremlin Nob","floor":12,"turns":4}],"seed_played":"-6001679865906940713","potions_obtained":[{"floor":1,"key":"SkillPotion"},{"floor":6,"key":"LiquidBronze"}],"is_trial":false,"path_per_floor":["M","?","M","M","M","E","M","R","T","?","R","?"],"character_chosen":"THE_SILENT","items_purchased":[],"campfire_rested":2,"item_purchase_floors":[],"current_hp_per_floor":[59,59,59,59,51,43,5,24,24,24,43,0],"gold":355,"neow_bonus":"THREE_ENEMY_KILL","is_prod":false,"is_daily":false,"chose_seed":false,"campfire_upgraded":0,"win_rate":0,"timestamp":1551160428,"path_taken":["M","?","?","?","M","E","M","R","T","?","R","?"],"build_version":"2019-01-23","purchased_purges":0,"victory":false,"max_hp_per_floor":[66,66,66,66,66,66,66,66,66,66,66,66],"card_choices":[{"not_picked":["Skewer","Dodge and Roll"],"picked":"Terror","floor":1},{"not_picked":["Deadly Poison","Finisher"],"picked":"Cloak And Dagger","floor":3},{"not_picked":["Flying Knee","Blade Dance"],"picked":"Infinite Blades","floor":4},{"not_picked":["Flying Knee","Crippling Poison"],"picked":"Poisoned Stab","floor":5},{"not_picked":["Expertise","Endless Agony"],"picked":"Envenom","floor":6},{"not_picked":["Deadly Poison","Sucker Punch"],"picked":"Backflip","floor":7}],"player_experience":1203021,"relics_obtained":[{"floor":6,"key":"Frozen Egg 2"},{"floor":9,"key":"Question Card"}],"event_choices":[{"damage_healed":0,"gold_gain":0,"player_choice":"Upgraded","damage_taken":0,"max_hp_gain":0,"max_hp_loss":0,"event_name":"Upgrade Shrine","floor":2,"gold_loss":0,"cards_upgraded":["Terror"]},{"damage_healed":0,"gold_gain":150,"player_choice":"AGREE","damage_taken":0,"max_hp_gain":0,"max_hp_loss":0,"event_name":"Liars Game","floor":10,"gold_loss":0,"cards_obtained":["Doubt"]},{"damage_healed":0,"gold_gain":0,"player_choice":"Searched \u00271\u0027 times","damage_taken":0,"max_hp_gain":0,"max_hp_loss":0,"event_name":"Dead Adventurer","floor":12,"gold_loss":0}],"is_beta":false,"boss_relics":[],"items_purged_floors":[],"is_endless":false,"potions_floor_spawned":[1,6],"killed_by":"Gremlin Nob","ascension_level":20}