{"gold_per_floor":[19,19,34,50,50,50,83,83,83,109,109,129,163,183,183,261,261,280,280,293,43,43,43,61,61],"floor_reached":25,"playtime":762,"items_purged":["Pain"],"score":442,"play_id":"b349e656-e05e-468a-bb0c-1abcf95d17cf","local_time":"20190616204649","is_ascension_mode":true,"campfire_choices":[{"data":"Armaments","floor":6.0,"key":"SMITH"},{"data":"Bash","floor":8.0,"key":"SMITH"},{"data":"Fiend Fire","floor":11.0,"key":"SMITH"},{"data":"Fiend Fire","floor":15.0,"key":"SMITH"},{"data":"Demon Form","floor":23.0,"key":"SMITH"}],"neow_cost":"NO_GOLD","seed_source_timestamp":216116346059000,"circlet_count":0,"master_deck":["AscendersBane","Strike_R","Strike_R","Strike_R","Strike_R","Strike_R","Defend_R","Defend_R","Defend_R","Defend_R","Bash+1","Fiend Fire+1","Disarm","Armaments+1","Sentinel","Cleave","Fiend Fire+1","Infernal Blade","Limit Break","True Grit+1","Demon Form+1","RitualDagger"],"special_seed":0,"relics":["Burning Blood","WarpedTongs","Meat on the Bone","Dodecahedron","Pen Nib","Bag of Preparation","Black Star","Enchiridion"],"potions_floor_usage":[25],"damage_taken":[{"damage":2.0,"enemies":"2 Louse","floor":1.0,"turns":3.0},{"damage":5.0,"enemies":"Cultist","floor":3.0,"turns":3.0},{"damage":12.0,"enemies":"Jaw Worm","floor":4.0,"turns":4.0},{"damage":33.0,"enemies":"Gremlin Nob","floor":7.0,"turns":4.0},{"damage":30.0,"enemies":"Lagavulin","floor":10.0,"turns":8.0},{"damage":4.0,"enemies":"Blue Slaver","floor":12.0,"turns":4.0},{"damage":33.0,"enemies":"3 Sentries","floor":13.0,"turns":6.0},{"damage":3.0,"enemies":"3 Louse","floor":14.0,"turns":2.0},{"damage":27.0,"enemies":"The Guardian","floor":16.0,"turns":13.0},{"damage":2.0,"enemies":"Spheric Guardian","floor":18.0,"turns":1.0},{"damage":29.0,"enemies":"Shell Parasite","floor":20.0,"turns":7.0},{"damage":30.0,"enemies":"Centurion and Healer","floor":24.0,"turns":6.0},{"damage":33,"enemies":"Gremlin Leader","floor":25,"turns":2}],"seed_played":"-7935743233201150131","potions_obtained":[{"floor":1.0,"key":"Energy Potion"},{"floor":3.0,"key":"Regen Potion"},{"floor":4.0,"key":"Fruit Juice"},{"floor":13.0,"key":"SteroidPotion"},{"floor":18.0,"key":"PowerPotion"}],"is_trial":false,"path_per_floor":["M","?","M","M","?","R","E","R","T","E","R","M","E","M","R","B",null,"M","?","M","$","?","R","M","E"],"character_chosen":"IRONCLAD","items_purchased":["Demon Form"],"campfire_rested":0,"item_purchase_floors":[21],"current_hp_per_floor":[72,72,73,72,72,72,45,45,45,33,33,47,46,49,49,40,70,74,53,42,42,36,36,24,0],"gold":61,"neow_bonus":"THREE_RARE_CARDS","is_prod":false,"is_daily":false,"chose_seed":false,"campfire_upgraded":5,"win_rate":0,"timestamp":1560714409,"path_taken":["M","?","M","?","?","R","E","R","T","E","R","M","E","M","R","BOSS","M","?","M","$","?","R","M","E"],"build_version":"2019-01-23","purchased_purges":1,"victory":false,"max_hp_per_floor":[75,75,75,80,80,80,80,80,80,80,80,80,80,80,80,80,80,80,80,80,80,80,80,80,80],"card_choices":[{"not_picked":["Brutality","Reaper"],"picked":"Fiend Fire","floor":0.0},{"not_picked":["Power Through","Warcry"],"picked":"Disarm","floor":1.0},{"not_picked":["Feel No Pain","Rupture"],"picked":"Armaments","floor":3.0},{"not_picked":["Burning Pact","Reckless Charge"],"picked":"Sentinel","floor":4.0},{"not_picked":["Havoc","Dual Wield"],"picked":"Cleave","floor":7.0},{"not_picked":["Shockwave","Seeing Red"],"picked":"Fiend Fire","floor":10.0},{"not_picked":["Heavy Blade","Warcry","Dual Wield"],"picked":"SKIP","floor":12.0},{"not_picked":["Evolve","Power Through","Body Slam"],"picked":"SKIP","floor":13.0},{"not_picked":["Thunderclap","Rage"],"picked":"Infernal Blade","floor":14.0},{"not_picked":["Double Tap","Dark Embrace"],"picked":"Limit Break","floor":16.0},{"not_picked":["Wild Strike","Body Slam"],"picked":"True Grit+1","floor":18.0},{"not_picked":["Clash","Armaments","Twin Strike"],"picked":"SKIP","floor":20.0},{"not_picked":["Entrench","Anger","Power Through"],"picked":"SKIP","floor":24.0}],"player_experience":1468623,"relics_obtained":[{"floor":7.0,"key":"Meat on the Bone"},{"floor":9.0,"key":"Dodecahedron"},{"floor":10.0,"key":"Pen Nib"},{"floor":13.0,"key":"Bag of Preparation"},{"floor":19.0,"key":"Enchiridion"}],"event_choices":[{"damage_healed":0.0,"max_hp_gain":0.0,"max_hp_loss":0.0,"gold_gain":0.0,"event_name":"Accursed Blacksmith","player_choice":"Rummage","floor":2.0,"gold_loss":0.0,"damage_taken":0.0,"relics_obtained":["WarpedTongs"],"cards_obtained":["Pain"]},{"damage_healed":0.0,"max_hp_gain":0.0,"max_hp_loss":0.0,"gold_gain":0.0,"event_name":"Liars Game","player_choice":"Ignored","floor":5.0,"gold_loss":0.0,"damage_taken":0.0},{"damage_healed":0.0,"max_hp_gain":0.0,"max_hp_loss":0.0,"gold_gain":0.0,"event_name":"Cursed Tome","player_choice":"Obtained Book","floor":19.0,"gold_loss":0.0,"damage_taken":21.0},{"damage_healed":0.0,"max_hp_gain":0.0,"max_hp_loss":0.0,"gold_gain":0.0,"event_name":"Nest","player_choice":"Joined the Cult","floor":22.0,"gold_loss":0.0,"damage_taken":6.0,"cards_obtained":["RitualDagger"]}],"is_beta":false,"boss_relics":[{"not_picked":["Calling Bell","Velvet Choker"],"picked":"Black Star"}],"items_purged_floors":[21],"is_endless":false,"potions_floor_spawned":[1,3,4,13,18],"killed_by":"Gremlin Leader","ascension_level":20}