{"gold_per_floor":[18,100,113,131,131,131,142,162,162,162,176,193,67,67,67,141,141,141,41,41,41,41,41,41,41,41,41,0,0,0,0,0,0],"floor_reached":33,"playtime":857,"items_purged":["Strike_B","Strike_B"],"score":474,"play_id":"bb06b74b-6d9e-4bb5-aaa4-e147b2a3154e","local_time":"20190317005104","is_ascension_mode":true,"campfire_choices":[{"data":"Zap","floor":6,"key":"SMITH"},{"data":"Go for the Eyes","floor":10,"key":"SMITH"},{"data":"Creative AI","floor":15,"key":"SMITH"},{"floor":23,"key":"REST"},{"data":"Sunder","floor":25,"key":"SMITH"},{"floor":30,"key":"RECALL"},{"data":"Static Discharge","floor":32,"key":"SMITH"}],"neow_cost":"NO_GOLD","seed_source_timestamp":7382339551561222,"circlet_count":0,"master_deck":["AscendersBane","Strike_B","Strike_B","Defend_B","Defend_B","Defend_B","Defend_B","Zap+1","Dualcast","Glacier","Go for the Eyes+1","Ball Lightning","Gash","Creative AI+1","Gash","All For One","Sunder+1","Stack","Static Discharge+1"],"special_seed":0,"relics":["Cracked Core","Darkstone Periapt","Mummified Hand","Ectoplasm","Calipers","SsserpentHead"],"potions_floor_usage":[16,31,33],"damage_taken":[{"damage":1,"enemies":"Cultist","floor":1,"turns":3},{"damage":0,"enemies":"2 Louse","floor":3,"turns":2},{"damage":5,"enemies":"Small Slimes","floor":4,"turns":4},{"damage":4,"enemies":"2 Fungi Beasts","floor":7,"turns":4},{"damage":10,"enemies":"3 Louse","floor":8,"turns":2},{"damage":30,"enemies":"Gremlin Gang","floor":11,"turns":5},{"damage":13,"enemies":"Large Slime","floor":12,"turns":5},{"damage":28,"enemies":"Slime Boss","floor":16,"turns":7},{"damage":14,"enemies":"Spheric Guardian","floor":18,"turns":5},{"damage":9,"enemies":"Chosen","floor":21,"turns":5},{"damage":6,"enemies":"Snecko","floor":22,"turns":6},{"damage":14,"enemies":"Cultist and Chosen","floor":31,"turns":5},{"damage":70,"enemies":"Collector","floor":33,"turns":6}],"seed_played":"-6214869797821610572","potions_obtained":[{"floor":1,"key":"GamblersBrew"},{"floor":4,"key":"Poison Potion"},{"floor":16,"key":"GamblersBrew"}],"is_trial":false,"path_per_floor":["M","T","M","M","?","R","M","M","T","R","M","M","$","?","R","B",null,"M","$","?","M","M","R","$","R","T","?","?","?","R","M","R","B"],"character_chosen":"DEFECT","items_purchased":["Gash"],"campfire_rested":1,"item_purchase_floors":[13],"current_hp_per_floor":[77,77,77,72,72,72,68,58,58,58,28,15,15,43,43,15,68,54,54,54,45,39,64,64,64,64,64,64,64,64,50,50,0],"gold":0,"neow_bonus":"TWENTY_PERCENT_HP_BONUS","is_prod":false,"is_daily":false,"chose_seed":false,"campfire_upgraded":5,"win_rate":0,"timestamp":1552798264,"path_taken":["M","?","M","?","?","R","M","M","T","R","M","M","$","?","R","BOSS","M","$","?","M","M","R","$","R","T","?","?","?","R","?","R","BOSS"],"build_version":"2019-01-23","purchased_purges":2,"victory":false,"max_hp_per_floor":[85,85,85,85,85,85,85,85,85,85,85,85,85,85,85,85,85,85,85,85,85,85,85,85,85,85,85,85,85,85,85,85,85],"card_choices":[{"not_picked":["Doom and Gloom","Gash"],"picked":"Glacier","floor":1},{"not_picked":["Streamline","Sweeping Beam"],"picked":"Go for the Eyes","floor":3},{"not_picked":["Turbo","Leap","Barrage"],"picked":"SKIP","floor":4},{"not_picked":["Heatsinks","Go for the Eyes"],"picked":"Ball Lightning","floor":7},{"not_picked":["Gash","Compile Driver","Chill"],"picked":"SKIP","floor":8},{"not_picked":["Streamline","Sweeping Beam"],"picked":"Gash","floor":11},{"not_picked":["Force Field","Turbo"],"picked":"Creative AI","floor":12},{"not_picked":["Multi-Cast","Fission"],"picked":"All For One","floor":16},{"not_picked":["Melter","Beam Cell"],"picked":"Sunder","floor":18},{"not_picked":["Rebound","Barrage"],"picked":"Stack","floor":21},{"not_picked":["Streamline","Skim","Turbo"],"picked":"SKIP","floor":22},{"not_picked":["Streamline+1","Compile Driver"],"picked":"Static Discharge","floor":31}],"player_experience":589775,"relics_obtained":[{"floor":2,"key":"Darkstone Periapt"},{"floor":9,"key":"Mummified Hand"},{"floor":26,"key":"Calipers"}],"event_choices":[{"damage_healed":0,"gold_gain":0,"player_choice":"Ignored","damage_taken":0,"max_hp_gain":0,"max_hp_loss":0,"event_name":"Liars Game","floor":5,"gold_loss":0},{"damage_healed":28,"gold_gain":0,"player_choice":"Banana","damage_taken":0,"max_hp_gain":0,"max_hp_loss":0,"event_name":"Big Fish","floor":14,"gold_loss":0},{"damage_healed":0,"gold_gain":0,"player_choice":"Ignored","damage_taken":0,"max_hp_gain":0,"max_hp_loss":0,"event_name":"The Mausoleum","floor":20,"gold_loss":0},{"damage_healed":0,"gold_gain":0,"player_choice":"Ignored","damage_taken":0,"max_hp_gain":0,"max_hp_loss":0,"event_name":"Vampires","floor":27,"gold_loss":0},{"damage_healed":0,"gold_gain":0,"player_choice":"Paid Fearfully","damage_taken":0,"max_hp_gain":0,"max_hp_loss":0,"event_name":"Masked Bandits","floor":28,"gold_loss":41},{"damage_healed":0,"gold_gain":0,"player_choice":"Trade","damage_taken":0,"relics_obtained":["SsserpentHead"],"max_hp_gain":0,"max_hp_loss":0,"event_name":"FaceTrader","floor":29,"gold_loss":0}],"is_beta":false,"boss_relics":[{"not_picked":["Velvet Choker","Busted Crown"],"picked":"Ectoplasm"}],"items_purged_floors":[13,19],"is_endless":false,"potions_floor_spawned":[1,4,12,16,18,22],"killed_by":"Collector","ascension_level":20}