{"gold_per_floor":[118,135,135,148,122,122,137,137,160,179,190,115,115,147,147,147],"floor_reached":16,"playtime":455,"items_purged":["Strike_B"],"score":254,"play_id":"2d2b25d2-d385-4b39-9435-20d93781dbd4","local_time":"20181006224854","is_ascension_mode":true,"campfire_choices":[{"data":"Zap","floor":6.0,"key":"SMITH"},{"data":"Go for the Eyes","floor":15,"key":"SMITH"}],"neow_cost":"NONE","seed_source_timestamp":862828217124620,"circlet_count":0,"master_deck":["Strike_B","Strike_B","Strike_B","Defend_B","Defend_B","Defend_B","Defend_B","Zap+1","Dualcast","AscendersBane","Go for the Eyes+1","White Noise+1","FTL","Leap","Ball Lightning","Steam","Cold Snap","Core Surge"],"special_seed":0,"relics":["Cracked Core","Ancient Tea Set","Dream Catcher"],"potions_floor_usage":[14,16],"damage_taken":[{"damage":4.0,"enemies":"Small Slimes","floor":1.0,"turns":4.0},{"damage":3.0,"enemies":"2 Louse","floor":2.0,"turns":3.0},{"damage":0.0,"enemies":"Cultist","floor":4.0,"turns":3.0},{"damage":12.0,"enemies":"Exordium Thugs","floor":7.0,"turns":5.0},{"damage":8.0,"enemies":"Looter","floor":10.0,"turns":3.0},{"damage":7.0,"enemies":"2 Fungi Beasts","floor":11.0,"turns":3.0},{"damage":0,"enemies":"Gremlin Nob","floor":14,"turns":3},{"damage":58,"enemies":"Slime Boss","floor":16,"turns":11}],"seed_played":"2960489145588518500","potions_obtained":[{"floor":4.0,"key":"Strength Potion"},{"floor":7.0,"key":"FearPotion"}],"is_trial":false,"path_per_floor":["M","M","?","M","$","R","M","?","T","M","M","$","?","E","R"],"character_chosen":"DEFECT","items_purchased":["Leap"],"campfire_rested":0,"item_purchase_floors":[5],"current_hp_per_floor":[60,57,57,57,57,57,45,45,45,37,30,30,53,53,53,0],"gold":147,"neow_bonus":"THREE_CARDS","is_prod":false,"is_daily":false,"chose_seed":false,"campfire_upgraded":2,"win_rate":0,"timestamp":1538880534,"path_taken":["M","M","?","M","?","R","M","?","T","M","M","$","?","E","R","BOSS"],"build_version":"2018-10-04v2","purchased_purges":1,"victory":false,"max_hp_per_floor":[71,71,71,71,71,71,71,71,71,71,71,71,71,71,71,71],"card_choices":[{"not_picked":["Streamline","Turbo"],"picked":"Go for the Eyes","floor":0.0},{"not_picked":["Go for the Eyes","Auto Shields"],"picked":"White Noise","floor":1.0},{"not_picked":["Turbo","Hologram"],"picked":"FTL","floor":2.0},{"not_picked":["Stack","Barrage","Double Energy"],"picked":"SKIP","floor":4.0},{"not_picked":["Go for the Eyes","Redo"],"picked":"Ball Lightning","floor":7.0},{"not_picked":["Redo","BootSequence"],"picked":"Steam","floor":10.0},{"not_picked":["Chaos","Compile Driver"],"picked":"Cold Snap","floor":11.0},{"not_picked":["Cold Snap","Streamline"],"picked":"Core Surge","floor":14}],"player_experience":368706,"relics_obtained":[{"floor":9.0,"key":"Ancient Tea Set"},{"floor":14,"key":"Dream Catcher"}],"event_choices":[{"event_name":"Liars Game","player_choice":"disagreed","floor":3.0,"damage_taken":0.0},{"event_name":"Living Wall","player_choice":"Grow","floor":8.0,"damage_taken":0.0},{"event_name":"Big Fish","player_choice":"Banana","floor":13.0,"damage_taken":0.0}],"is_beta":false,"boss_relics":[],"items_purged_floors":[12],"is_endless":false,"potions_floor_spawned":[4,7],"killed_by":"Slime Boss","ascension_level":20}