{"gold_per_floor":[113,113,27,27,27,54,54,115,138,138,138,171,183,183,183,256,256,274,286,205,237,237,237],"floor_reached":23,"playtime":672,"items_purged":[],"score":506,"play_id":"19c2ad4d-eb37-4332-9718-f11ca54e030d","local_time":"20190628175153","is_ascension_mode":true,"campfire_choices":[{"data":"Neutralize","floor":7.0,"key":"SMITH"},{"floor":10.0,"key":"RECALL"},{"data":"Riddle With Holes","floor":15.0,"key":"SMITH"}],"neow_cost":"NONE","seed_source_timestamp":5376289859172332,"circlet_count":0,"master_deck":["AscendersBane","Defend_G+1","Defend_G","Defend_G","Defend_G","Defend_G","Strike_G","Strike_G","Strike_G","Strike_G","Strike_G","Survivor+1","Neutralize+1","Flying Knee+1","All Out Attack+1","Deflect","Predator","Flying Knee","Riddle With Holes+1","Glass Knife","Calculated Gamble","Dodge and Roll+1","Noxious Fumes","Poisoned Stab"],"special_seed":0,"relics":["Ring of the Snake","NeowsBlessing","Bag of Marbles","Tiny Chest","Whetstone","Omamori","Cursed Key","Red Mask"],"potions_floor_usage":[22],"damage_taken":[{"damage":0.0,"enemies":"2 Louse","floor":1.0,"turns":1.0},{"damage":0.0,"enemies":"Lagavulin","floor":6.0,"turns":1.0},{"damage":0.0,"enemies":"Gremlin Nob","floor":8.0,"turns":1.0},{"damage":12.0,"enemies":"3 Sentries","floor":12.0,"turns":6.0},{"damage":0.0,"enemies":"Jaw Worm","floor":13.0,"turns":2.0},{"damage":45.0,"enemies":"Slime Boss","floor":16.0,"turns":9.0},{"damage":5.0,"enemies":"Shell Parasite","floor":18.0,"turns":3.0},{"damage":28.0,"enemies":"3 Byrds","floor":19.0,"turns":5.0},{"damage":0.0,"enemies":"Masked Bandits","floor":21.0,"turns":3.0},{"damage":7,"enemies":"Colosseum Slavers","floor":22,"turns":4},{"damage":14,"enemies":"Book of Stabbing","floor":23,"turns":3}],"seed_played":"6951429641378941719","potions_obtained":[{"floor":1.0,"key":"Fruit Juice"},{"floor":8.0,"key":"AttackPotion"},{"floor":13.0,"key":"SkillPotion"},{"floor":14.0,"key":"Regen Potion"},{"floor":14.0,"key":"EntropicBrew"},{"floor":21.0,"key":"Swift Potion"}],"is_trial":false,"path_per_floor":["M","?","$","?","$","E","R","E","T","R","?","E","M","?","R","B",null,"M","M","$","?","?","E"],"character_chosen":"THE_SILENT","items_purchased":["All Out Attack","Noxious Fumes"],"campfire_rested":0,"item_purchase_floors":[3,20],"current_hp_per_floor":[64,64,64,43,43,43,43,43,43,43,43,31,31,31,31,1,54,49,21,21,21,14,0],"gold":237,"neow_bonus":"THREE_ENEMY_KILL","is_prod":false,"is_daily":false,"chose_seed":false,"campfire_upgraded":2,"win_rate":0,"timestamp":1561758713,"path_taken":["M","?","$","?","$","E","R","E","T","R","?","E","?","?","R","BOSS","M","?","$","?","?","E"],"build_version":"2019-01-23","purchased_purges":0,"victory":false,"max_hp_per_floor":[71,71,71,71,71,71,71,71,71,71,71,71,71,71,71,71,71,71,71,71,71,71,71],"card_choices":[{"not_picked":["Dodge and Roll","Caltrops"],"picked":"Flying Knee","floor":1.0},{"not_picked":["Eviscerate","Dagger Throw","Blade Dance"],"picked":"SKIP","floor":6.0},{"not_picked":["Slice","Deadly Poison"],"picked":"Deflect","floor":8.0},{"not_picked":["Underhanded Strike","Deadly Poison","Accuracy"],"picked":"SKIP","floor":12.0},{"not_picked":["Distraction","Slice"],"picked":"Riddle With Holes","floor":13.0},{"not_picked":["Wraith Form v2","Venomology"],"picked":"Glass Knife","floor":16.0},{"not_picked":["Finisher","Slice"],"picked":"Calculated Gamble","floor":18.0},{"not_picked":["Terror","Setup"],"picked":"Dodge and Roll+1","floor":19.0},{"not_picked":["Quick Slash","Concentrate"],"picked":"Poisoned Stab","floor":21.0}],"player_experience":802449,"relics_obtained":[{"floor":6.0,"key":"Bag of Marbles"},{"floor":8.0,"key":"Tiny Chest"},{"floor":9.0,"key":"Whetstone"},{"floor":12.0,"key":"Omamori"},{"floor":21.0,"key":"Red Mask"}],"event_choices":[{"damage_healed":0.0,"max_hp_gain":0.0,"max_hp_loss":0.0,"gold_gain":0.0,"event_name":"Liars Game","player_choice":"Ignored","floor":2.0,"gold_loss":0.0,"damage_taken":0.0},{"damage_healed":0.0,"max_hp_gain":0.0,"max_hp_loss":0.0,"gold_gain":0.0,"event_name":"Shining Light","player_choice":"Entered Light","floor":4.0,"gold_loss":0.0,"damage_taken":21.0,"cards_upgraded":["Defend_G","Survivor"]},{"damage_healed":0.0,"max_hp_gain":0.0,"max_hp_loss":0.0,"gold_gain":0.0,"event_name":"Match and Keep!","player_choice":"2 cards matched","floor":11.0,"gold_loss":0.0,"damage_taken":0.0,"cards_obtained":["Predator","Flying Knee"]},{"damage_healed":0.0,"max_hp_gain":0.0,"max_hp_loss":0.0,"gold_gain":0.0,"event_name":"Lab","player_choice":"Got Potions","floor":14.0,"gold_loss":0.0,"damage_taken":0.0},{"damage_healed":0.0,"max_hp_gain":0.0,"max_hp_loss":0.0,"gold_gain":0.0,"event_name":"Masked Bandits","player_choice":"Fought Bandits","floor":21.0,"gold_loss":0.0,"damage_taken":0.0},{"damage_healed":0,"gold_gain":0,"player_choice":"Fight","damage_taken":0,"max_hp_gain":0,"max_hp_loss":0,"event_name":"Colosseum","floor":22,"gold_loss":0},{"damage_healed":0,"gold_gain":0,"player_choice":"Fled From Nobs","damage_taken":0,"max_hp_gain":0,"max_hp_loss":0,"event_name":"Colosseum","floor":22,"gold_loss":0}],"is_beta":false,"boss_relics":[{"not_picked":["Ectoplasm","Busted Crown"],"picked":"Cursed Key"}],"items_purged_floors":[],"is_endless":false,"potions_floor_spawned":[1,8,13,21],"killed_by":"Book of Stabbing","ascension_level":20}