{"gold_per_floor":[118,43,43,43,54,54,80,55,55,55,71,106,106,32,32,105,105,117,137,37,37,37],"floor_reached":22,"playtime":522,"items_purged":["Strike_B","Strike_B"],"score":380,"play_id":"0a47306e-2198-4aa2-a8c8-19e3296e271d","local_time":"20190501164443","is_ascension_mode":true,"campfire_choices":[{"data":"Beam Cell","floor":6,"key":"SMITH"},{"floor":10,"key":"REST"},{"floor":15,"key":"REST"}],"neow_cost":"NONE","seed_source_timestamp":685486586242400,"circlet_count":0,"master_deck":["AscendersBane","Strike_B+1","Strike_B+1","Defend_B+1","Defend_B+1","Defend_B+1","Defend_B+1","Zap+1","Dualcast","Beam Cell+1","Coolheaded","Static Discharge","Ball Lightning","Go for the Eyes","Ball Lightning","Defragment","Leap","Seek","Ball Lightning","Defragment"],"special_seed":0,"relics":["FrozenCore","PreservedInsect","Ginger","Dream Catcher","FaceOfCleric"],"potions_floor_usage":[16,22],"damage_taken":[{"damage":9.0,"enemies":"Small Slimes","floor":1.0,"turns":3.0},{"damage":4,"enemies":"Jaw Worm","floor":5,"turns":3},{"damage":43,"enemies":"3 Sentries","floor":7,"turns":11},{"damage":1,"enemies":"2 Louse","floor":11,"turns":3},{"damage":12,"enemies":"Gremlin Nob","floor":12,"turns":3},{"damage":32,"enemies":"The Guardian","floor":16,"turns":10},{"damage":3,"enemies":"Chosen","floor":18,"turns":5},{"damage":31,"enemies":"2 Thieves","floor":19,"turns":4},{"damage":27,"enemies":"Chosen and Byrds","floor":22,"turns":5}],"seed_played":"-3798943654347460251","potions_obtained":[{"floor":5,"key":"Ancient Potion"},{"floor":11,"key":"Block Potion"},{"floor":12,"key":"Regen Potion"},{"floor":18,"key":"Energy Potion"}],"is_trial":false,"path_per_floor":["M","$","?","?","M","R","E","$","T","R","M","E","?","$","R","B",null,"M","M","$","?","M"],"character_chosen":"DEFECT","items_purchased":["Ball Lightning","Defragment"],"campfire_rested":2,"item_purchase_floors":[8,14],"current_hp_per_floor":[55,55,55,55,51,51,8,8,8,29,28,16,16,16,37,21,59,57,27,27,27,0],"gold":37,"neow_bonus":"UPGRADE_CARD","is_prod":false,"is_daily":false,"chose_seed":false,"campfire_upgraded":1,"win_rate":0,"timestamp":1556725483,"path_taken":["M","$","?","?","M","R","E","$","T","R","?","E","?","$","R","BOSS","M","?","$","?","M"],"build_version":"2019-01-23","purchased_purges":2,"victory":false,"max_hp_per_floor":[71,71,71,71,71,71,71,71,71,71,71,71,71,71,71,72,72,73,74,74,74,74],"card_choices":[{"not_picked":["Turbo","Coolheaded"],"picked":"Beam Cell","floor":1.0},{"not_picked":["Redo","Heatsinks"],"picked":"Coolheaded","floor":5},{"not_picked":["Reprogram","Creative AI"],"picked":"Static Discharge","floor":7},{"not_picked":["Double Energy","Heatsinks"],"picked":"Go for the Eyes","floor":11},{"not_picked":["Steam","Redo"],"picked":"Ball Lightning","floor":12},{"not_picked":["Blizzard","Hologram"],"picked":"Leap","floor":15},{"not_picked":["Multi-Cast","Machine Learning"],"picked":"Seek","floor":16},{"not_picked":["Rebound","Steam"],"picked":"Ball Lightning","floor":18},{"not_picked":["Barrage","Compile Driver"],"picked":"Defragment","floor":19}],"player_experience":1327936,"relics_obtained":[{"floor":7,"key":"PreservedInsect"},{"floor":9,"key":"Ginger"},{"floor":12,"key":"Dream Catcher"}],"event_choices":[{"damage_healed":0,"gold_gain":0,"player_choice":"Fled","damage_taken":0,"max_hp_gain":0,"max_hp_loss":0,"event_name":"Scrap Ooze","floor":3,"gold_loss":0},{"damage_healed":0,"gold_gain":0,"player_choice":"Ignored","damage_taken":0,"max_hp_gain":0,"max_hp_loss":0,"event_name":"Liars Game","floor":4,"gold_loss":0},{"damage_healed":0,"gold_gain":0,"player_choice":"Trade","damage_taken":0,"relics_obtained":["FaceOfCleric"],"max_hp_gain":0,"max_hp_loss":0,"event_name":"FaceTrader","floor":13,"gold_loss":0},{"damage_healed":0,"gold_gain":0,"player_choice":"Simplicity","damage_taken":0,"max_hp_gain":0,"max_hp_loss":0,"event_name":"Back to Basics","floor":21,"gold_loss":0,"cards_upgraded":["Strike_B","Strike_B","Defend_B","Defend_B","Defend_B","Defend_B"]}],"is_beta":false,"boss_relics":[{"not_picked":["Empty Cage","Lizard Tail"],"picked":"FrozenCore"}],"items_purged_floors":[2,20],"is_endless":false,"potions_floor_spawned":[5,11,12,18],"killed_by":"Chosen and Byrds","ascension_level":20}