{"gold_per_floor":[116,133,153,153,169,202,202,202,255,280,280],"floor_reached":11,"playtime":354,"items_purged":[],"score":166,"play_id":"db3d1cab-4f67-4b30-8790-07fa91637e42","local_time":"20190616160833","is_ascension_mode":true,"campfire_choices":[{"floor":7.0,"key":"REST"}],"neow_cost":"NONE","seed_source_timestamp":4333888030038232,"circlet_count":0,"master_deck":["AscendersBane","Defend_G","Defend_G","Defend_G","Defend_G","Defend_G","Strike_G","Strike_G","Strike_G","Strike_G","Strike_G","Survivor","Neutralize","Dramatic Entrance","Flying Knee","Noxious Fumes","Bane","Caltrops","Malaise","Poisoned Stab"],"special_seed":0,"relics":["Ring of the Snake","Shuriken","Art of War","Ancient Tea Set"],"potions_floor_usage":[10,10],"damage_taken":[{"damage":0.0,"enemies":"Small Slimes","floor":1.0,"turns":4.0},{"damage":1.0,"enemies":"Cultist","floor":2.0,"turns":4.0},{"damage":0.0,"enemies":"2 Louse","floor":3.0,"turns":3.0},{"damage":4.0,"enemies":"Blue Slaver","floor":5.0,"turns":4.0},{"damage":33.0,"enemies":"3 Sentries","floor":6.0,"turns":8.0},{"damage":28,"enemies":"Lagavulin","floor":10,"turns":10},{"damage":18,"enemies":"Exordium Thugs","floor":11,"turns":3}],"seed_played":"7634696071387905254","potions_obtained":[{"floor":4.0,"key":"Energy Potion"},{"floor":4.0,"key":"Dexterity Potion"},{"floor":6.0,"key":"Weak Potion"}],"is_trial":false,"path_per_floor":["M","M","M","?","M","E","R","$","T","E","M"],"character_chosen":"THE_SILENT","items_purchased":[],"campfire_rested":1,"item_purchase_floors":[],"current_hp_per_floor":[59,58,58,58,54,21,40,40,40,12,0],"gold":280,"neow_bonus":"RANDOM_COLORLESS","is_prod":false,"is_daily":false,"chose_seed":false,"campfire_upgraded":0,"win_rate":0,"timestamp":1560715713,"path_taken":["M","M","M","?","?","E","R","$","T","E","M"],"build_version":"2019-01-23","purchased_purges":0,"victory":false,"max_hp_per_floor":[66,66,66,66,66,66,66,66,66,66,66],"card_choices":[{"not_picked":["Acrobatics","Dagger Throw"],"picked":"Flying Knee","floor":1.0},{"not_picked":["Escape Plan","Outmaneuver"],"picked":"Noxious Fumes","floor":2.0},{"not_picked":["Sucker Punch","Dagger Spray"],"picked":"Bane","floor":3.0},{"not_picked":["Leg Sweep","Blade Dance"],"picked":"Caltrops","floor":5.0},{"not_picked":["Well Laid Plans","Infinite Blades"],"picked":"Malaise","floor":6.0},{"not_picked":["Setup","Quick Slash"],"picked":"Poisoned Stab","floor":10}],"player_experience":742420,"relics_obtained":[{"floor":6.0,"key":"Shuriken"},{"floor":9.0,"key":"Art of War"},{"floor":10,"key":"Ancient Tea Set"}],"event_choices":[{"damage_healed":0.0,"max_hp_gain":0.0,"max_hp_loss":0.0,"gold_gain":0.0,"event_name":"Lab","player_choice":"Got Potions","floor":4.0,"gold_loss":0.0,"damage_taken":0.0}],"is_beta":false,"boss_relics":[],"items_purged_floors":[],"is_endless":false,"potions_floor_spawned":[5,6],"killed_by":"Exordium Thugs","ascension_level":20}