{"gold_per_floor":[113,113,32,32,44,57,57,57,82,82,102,128,128,142,142,213,213,229,229,12,24,41,41,70,70,96,124,143,143],"floor_reached":29,"playtime":807,"items_purged":[],"score":506,"play_id":"d53b1a61-99ff-4d93-ab94-19f1f3521c4a","local_time":"20190413003905","is_ascension_mode":true,"campfire_choices":[{"data":"Footwork","floor":10.0,"key":"SMITH"},{"data":"Predator","floor":13.0,"key":"SMITH"},{"data":"Poisoned Stab","floor":15.0,"key":"SMITH"},{"floor":23.0,"key":"REST"},{"floor":25,"key":"REST"}],"neow_cost":"NONE","seed_source_timestamp":9713567880849008,"circlet_count":0,"master_deck":["AscendersBane","Defend_G","Defend_G","Defend_G","Defend_G","Defend_G+1","Strike_G","Strike_G","Strike_G","Strike_G","Survivor","Neutralize+1","Flying Knee","Footwork+1","Leg Sweep","Sucker Punch","Predator+1","Poisoned Stab+1","Corpse Explosion","Bane+1","Dagger Spray","Crippling Poison+1","Quick Slash","Unload","Dodge and Roll"],"special_seed":0,"relics":["Ring of the Snake","Regal Pillow","Bag of Marbles","Orichalcum","Philosopher\u0027s Stone","Lee\u0027s Waffle","Dream Catcher","Pen Nib","War Paint"],"potions_floor_usage":[24,27],"damage_taken":[{"damage":0.0,"enemies":"2 Louse","floor":1.0,"turns":4.0},{"damage":2.0,"enemies":"Jaw Worm","floor":5.0,"turns":4.0},{"damage":0.0,"enemies":"Small Slimes","floor":6.0,"turns":7.0},{"damage":4.0,"enemies":"3 Louse","floor":11.0,"turns":6.0},{"damage":0.0,"enemies":"Exordium Wildlife","floor":14.0,"turns":3.0},{"damage":26.0,"enemies":"The Guardian","floor":16.0,"turns":16.0},{"damage":21.0,"enemies":"3 Byrds","floor":18.0,"turns":4.0},{"damage":16.0,"enemies":"2 Thieves","floor":21.0,"turns":3.0},{"damage":31.0,"enemies":"Snake Plant","floor":22.0,"turns":5.0},{"damage":40,"enemies":"Gremlin Leader","floor":24,"turns":6},{"damage":38,"enemies":"Book of Stabbing","floor":27,"turns":5},{"damage":14,"enemies":"3 Cultists","floor":28,"turns":3}],"seed_played":"5679969094499496482","potions_obtained":[{"floor":5.0,"key":"Strength Potion"},{"floor":6.0,"key":"LiquidBronze"},{"floor":16.0,"key":"Fire Potion"},{"floor":21.0,"key":"FearPotion"},{"floor":27,"key":"Weak Potion"}],"is_trial":false,"path_per_floor":["M","?","$","?","M","M","?","?","T","R","M","T","R","M","R","B",null,"M","?","$","M","M","R","E","R","T","E","M","?"],"character_chosen":"THE_SILENT","items_purchased":["Footwork","Lee\u0027s Waffle"],"campfire_rested":2,"item_purchase_floors":[3,20],"current_hp_per_floor":[59,52,52,52,50,50,50,50,50,50,46,46,46,46,46,20,55,34,34,73,57,26,62,22,58,58,20,6,0],"gold":143,"neow_bonus":"RANDOM_COMMON_RELIC","is_prod":false,"is_daily":false,"chose_seed":false,"campfire_upgraded":3,"win_rate":0,"timestamp":1555130345,"path_taken":["M","?","$","?","?","M","?","?","T","R","M","?","R","M","R","BOSS","M","?","$","M","M","R","E","R","T","E","M","?"],"build_version":"2019-01-23","purchased_purges":0,"victory":false,"max_hp_per_floor":[66,66,66,66,66,66,66,66,66,66,66,66,66,66,66,66,66,66,66,73,73,73,73,73,73,73,73,73,78],"card_choices":[{"not_picked":["Acrobatics","Deflect"],"picked":"Flying Knee","floor":1.0},{"not_picked":["Flying Knee","Heel Hook"],"picked":"Leg Sweep","floor":5.0},{"not_picked":["PiercingWail","Leg Sweep"],"picked":"Sucker Punch","floor":6.0},{"not_picked":["Flechettes","Eviscerate"],"picked":"Predator","floor":11.0},{"not_picked":["Prepared","Backflip"],"picked":"Poisoned Stab","floor":14.0},{"not_picked":["Malaise","A Thousand Cuts"],"picked":"Corpse Explosion","floor":16.0},{"not_picked":["Dagger Throw","Prepared"],"picked":"Bane+1","floor":18.0},{"not_picked":["Poisoned Stab","Crippling Poison"],"picked":"Dagger Spray","floor":21.0},{"not_picked":["Calculated Gamble","Choke"],"picked":"Crippling Poison","floor":22.0},{"not_picked":["Dagger Spray","Finisher"],"picked":"Quick Slash","floor":24},{"not_picked":["Acrobatics","Accuracy"],"picked":"Unload","floor":27},{"not_picked":["Deadly Poison","Concentrate"],"picked":"Dodge and Roll","floor":28}],"player_experience":634774,"relics_obtained":[{"floor":9.0,"key":"Bag of Marbles"},{"floor":12.0,"key":"Orichalcum"},{"floor":24,"key":"Dream Catcher"},{"floor":26,"key":"Pen Nib"},{"floor":27,"key":"War Paint"}],"event_choices":[{"cards_removed":["Strike_G"],"damage_healed":0.0,"max_hp_gain":0.0,"max_hp_loss":0.0,"gold_gain":0.0,"event_name":"Golden Wing","player_choice":"Card Removal","floor":2.0,"gold_loss":0.0,"damage_taken":7.0},{"damage_healed":0.0,"max_hp_gain":0.0,"max_hp_loss":0.0,"gold_gain":0.0,"event_name":"Liars Game","player_choice":"Ignored","floor":4.0,"gold_loss":0.0,"damage_taken":0.0},{"damage_healed":0.0,"max_hp_gain":0.0,"max_hp_loss":0.0,"gold_gain":0.0,"event_name":"Living Wall","player_choice":"Grow","floor":7.0,"gold_loss":0.0,"damage_taken":0.0,"cards_upgraded":["Neutralize"]},{"damage_healed":0.0,"max_hp_gain":0.0,"max_hp_loss":0.0,"gold_gain":0.0,"event_name":"The Cleric","player_choice":"Leave","floor":8.0,"gold_loss":0.0,"damage_taken":0.0},{"damage_healed":0.0,"max_hp_gain":0.0,"max_hp_loss":0.0,"gold_gain":0.0,"event_name":"The Mausoleum","player_choice":"Ignored","floor":19.0,"gold_loss":0.0,"damage_taken":0.0}],"is_beta":false,"boss_relics":[{"not_picked":["Lizard Tail","Tiny House"],"picked":"Philosopher\u0027s Stone"}],"items_purged_floors":[],"is_endless":false,"potions_floor_spawned":[5,6,16,21,22,27],"ascension_level":20}