{"gold_per_floor":[111,111,33,51,66,91,91,123,123,139,414,425,425],"floor_reached":13,"playtime":436,"items_purged":[],"score":190,"play_id":"1c649e7d-413f-45cb-9823-5ceb490ef430","local_time":"20190226173533","is_ascension_mode":true,"campfire_choices":[{"floor":7,"key":"REST"}],"neow_cost":"NONE","seed_source_timestamp":60191425846200,"circlet_count":0,"master_deck":["AscendersBane","Defend_G","Defend_G+1","Defend_G","Defend_G","Defend_G","Strike_G","Strike_G","Strike_G","Strike_G","Strike_G","Survivor","Neutralize+1","Cloak And Dagger","Crippling Poison","Infinite Blades","Leg Sweep","Endless Agony","Shame","Acrobatics","Regret","Quick Slash"],"relics":["Cursed Key","Calipers","Du-Vu Doll","Torii"],"potions_floor_usage":[6,13],"damage_taken":[{"damage":1,"enemies":"Small Slimes","floor":1,"turns":4},{"damage":9,"enemies":"Jaw Worm","floor":4,"turns":4},{"damage":3,"enemies":"Cultist","floor":5,"turns":4},{"damage":8,"enemies":"3 Sentries","floor":6,"turns":8},{"damage":44,"enemies":"Gremlin Nob","floor":8,"turns":6},{"damage":0,"enemies":"Large Slime","floor":10,"turns":5},{"damage":1,"enemies":"2 Fungi Beasts","floor":12,"turns":3},{"damage":13,"enemies":"3 Sentries","floor":13,"turns":6}],"seed_played":"-1922764690461573801","potions_obtained":[{"floor":4,"key":"FairyPotion"},{"floor":5,"key":"Explosive Potion"},{"floor":10,"key":"SkillPotion"}],"is_trial":false,"path_per_floor":["M","?","$","M","M","E","R","E","T","M","?","M","E"],"character_chosen":"THE_SILENT","items_purchased":["Crippling Poison"],"campfire_rested":1,"item_purchase_floors":[3],"current_hp_per_floor":[58,38,38,29,26,18,37,6,6,6,6,5,0],"gold":425,"neow_bonus":"BOSS_RELIC","is_prod":false,"is_daily":false,"chose_seed":false,"campfire_upgraded":0,"win_rate":0,"timestamp":1551231333,"path_taken":["M","?","$","M","M","E","R","E","T","M","?","M","E"],"build_version":"2019-01-23","purchased_purges":0,"victory":false,"max_hp_per_floor":[66,66,66,66,66,66,66,66,66,66,66,66,66],"card_choices":[{"not_picked":["Poisoned Stab","Flying Knee"],"picked":"Cloak And Dagger","floor":1},{"not_picked":["Well Laid Plans","Acrobatics"],"picked":"Infinite Blades","floor":4},{"not_picked":["Backflip","Calculated Gamble"],"picked":"Leg Sweep","floor":5},{"not_picked":["PiercingWail","Eviscerate","Prepared"],"picked":"SKIP","floor":6},{"not_picked":["Well Laid Plans","Blur"],"picked":"Endless Agony","floor":8},{"not_picked":["Sucker Punch","Caltrops"],"picked":"Acrobatics","floor":10},{"not_picked":["Underhanded Strike","Bouncing Flask"],"picked":"Quick Slash","floor":12}],"player_experience":1208629,"relics_obtained":[{"floor":6,"key":"Calipers"},{"floor":8,"key":"Du-Vu Doll"},{"floor":9,"key":"Torii"}],"event_choices":[{"damage_healed":0,"gold_gain":0,"player_choice":"Entered Light","damage_taken":20,"max_hp_gain":0,"max_hp_loss":0,"event_name":"Shining Light","floor":2,"gold_loss":0,"cards_upgraded":["Neutralize","Defend_G"]},{"damage_healed":0,"gold_gain":275,"player_choice":"Desecrate","damage_taken":0,"max_hp_gain":0,"max_hp_loss":0,"event_name":"Golden Shrine","floor":11,"gold_loss":0,"cards_obtained":["Regret"]}],"is_beta":false,"boss_relics":[],"items_purged_floors":[],"is_endless":false,"potions_floor_spawned":[4,5,10],"killed_by":"3 Sentries","ascension_level":20}