{"gold_per_floor":[111,111,111,125,87,118,118,135,135,210,229,10,20,54,54,158,158,176,195,215,233,151,183,183,183],"floor_reached":25,"playtime":1289,"items_purged":[],"score":233,"play_id":"43407098-09c9-484f-8320-18d7d4d1cf85","local_time":"20180702222326","is_ascension_mode":false,"campfire_choices":[{"floor":7,"key":"REST"},{"floor":15,"key":"REST"},{"floor":24,"key":"REST"}],"neow_cost":"","seed_source_timestamp":5481927591646234,"circlet_count":0,"master_deck":["Strike_B","Strike_B","Defend_B+1","Defend_B","Defend_B","Zap+1","Dualcast","Sweeping Beam","Gash","Loop","Barrage","Hologram","Cold Snap","Conserve Battery","Apotheosis","Rebound","Go for the Eyes","Rip and Tear+1","Conserve Battery+1","Aggregate+1","Glacier","Ball Lightning+1","Go for the Eyes+1","Tempest","Defragment","Go for the Eyes"],"relics":["Cracked Core","Turnip","Peace Pipe","Cables","Astrolabe","Anchor"],"potions_floor_usage":[],"damage_taken":[{"damage":1,"enemies":"Jaw Worm","floor":1,"turns":3},{"damage":4,"enemies":"Small Slimes","floor":4,"turns":3},{"damage":17,"enemies":"Gremlin Nob","floor":6,"turns":4},{"damage":0,"enemies":"2 Louse","floor":8,"turns":3},{"damage":0,"enemies":"Large Slime","floor":11,"turns":5},{"damage":2,"enemies":"2 Fungi Beasts","floor":13,"turns":4},{"damage":6,"enemies":"Lagavulin","floor":14,"turns":5},{"damage":23,"enemies":"Hexaghost","floor":16,"turns":8},{"damage":5,"enemies":"Chosen","floor":18,"turns":5},{"damage":8,"enemies":"3 Byrds","floor":19,"turns":6},{"damage":25,"enemies":"Cultist and Chosen","floor":20,"turns":7},{"damage":10,"enemies":"Snake Plant","floor":21,"turns":5},{"damage":23,"enemies":"Book of Stabbing","floor":23,"turns":6},{"damage":29,"enemies":"Slavers","floor":25,"turns":3}],"seed_played":"-7205541713028462491","potions_obtained":[{"floor":1,"key":"FearPotion"},{"floor":6,"key":"Poison Potion"},{"floor":8,"key":"FearPotion"}],"is_trial":false,"path_per_floor":["M","?","?","M","$","E","R","M","T","?","M","$","M","E","R","B",null,"M","M","M","M","$","E","R"],"character_chosen":"DEFECT","items_purchased":["Loop","Conserve Battery","Apotheosis","Defragment","Go for the Eyes"],"campfire_rested":3,"item_purchase_floors":[5,12,12,22,22],"current_hp_per_floor":[74,74,59,55,55,38,60,60,60,49,49,49,47,41,63,40,75,70,62,37,27,27,4,26,0],"gold":183,"neow_bonus":"","is_prod":false,"is_daily":false,"chose_seed":false,"campfire_upgraded":0,"win_rate":0,"timestamp":1530584606,"path_taken":["M","?","?","M","$","E","R","M","T","?","?","?","?","E","R","BOSS","M","M","M","M","$","E","R","E"],"build_version":"2018-06-28","purchased_purges":0,"victory":false,"max_hp_per_floor":[75,75,75,75,75,75,75,75,75,75,75,75,75,75,75,75,75,75,75,75,75,75,75,75,75],"card_choices":[{"not_picked":["Skim","Scrape"],"picked":"Sweeping Beam","floor":1},{"not_picked":["Sweeping Beam","Steam Power"],"picked":"Gash","floor":4},{"not_picked":["Turbo","Melter"],"picked":"Barrage","floor":6},{"not_picked":["Rebound","Steam"],"picked":"Hologram","floor":8},{"not_picked":["Steam","Coolheaded"],"picked":"Cold Snap","floor":11},{"not_picked":["Fission","Melter"],"picked":"Rebound","floor":13},{"not_picked":["Storm","Streamline"],"picked":"Go for the Eyes","floor":14},{"not_picked":["Reinforced Body+1","Turbo"],"picked":"Glacier","floor":18},{"not_picked":["Stack","Capacitor"],"picked":"Ball Lightning+1","floor":19},{"not_picked":["Gash","Hello World"],"picked":"Go for the Eyes+1","floor":20},{"not_picked":["Coolheaded","Blizzard+1"],"picked":"Tempest","floor":21},{"not_picked":["Amplify","Steam Power","Core Surge"],"picked":"SKIP","floor":23}],"player_experience":52836,"relics_obtained":[{"floor":6,"key":"Turnip"},{"floor":9,"key":"Peace Pipe"},{"floor":14,"key":"Cables"},{"floor":23,"key":"Anchor"}],"event_choices":[{"event_name":"The Cleric","player_choice":"Leave","floor":2,"damage_taken":0},{"event_name":"Shining Light","player_choice":"Entered Light","floor":3,"damage_taken":0},{"event_name":"World of Goop","player_choice":"Gather Gold","floor":10,"damage_taken":0}],"boss_relics":[{"not_picked":["Runic Dome","Runic Pyramid"],"picked":"Astrolabe"}],"items_purged_floors":[],"is_endless":false,"potions_floor_spawned":[1,6,8,16,23],"killed_by":"Slavers","ascension_level":0}