{"gold_per_floor":[114,125,125,125,125,158,158,191,191,205,205,219,250,250,250,341,341,355,379,379,13,13,13,33,33,33,33,48,48,82,29,29,125,125,143,143,161,161],"floor_reached":38,"playtime":1733,"items_purged":[],"score":870,"play_id":"ff746947-d611-497e-a260-f6e21b857968","local_time":"20190705004100","is_ascension_mode":true,"campfire_choices":[{"floor":7.0,"key":"REST"},{"data":"All Out Attack","floor":11.0,"key":"SMITH"},{"data":"A Thousand Cuts","floor":15.0,"key":"SMITH"},{"floor":23.0,"key":"REST"},{"data":"Neutralize","floor":27.0,"key":"SMITH"},{"data":"Dagger Spray","floor":29.0,"key":"SMITH"},{"floor":32.0,"key":"REST"}],"neow_cost":"NONE","seed_source_timestamp":5917958432649247,"circlet_count":0,"master_deck":["AscendersBane","Strike_G","Strike_G","Strike_G","Defend_G","Defend_G","Defend_G","Defend_G","Defend_G","Survivor","Neutralize+1","Flying Knee","Poisoned Stab","All Out Attack+1","A Thousand Cuts+1","PiercingWail","Glass Knife","Leg Sweep","Dagger Spray+1","Bullet Time","PiercingWail","Cloak And Dagger","Bane","Finisher","Noxious Fumes","Cloak And Dagger","Cloak And Dagger","Blade Dance+1","Leg Sweep"],"special_seed":0,"relics":["Ring of the Serpent","NeowsBlessing","Golden Idol","Shuriken","Blood Vial","Singing Bowl","Letter Opener","Sundial","Frozen Eye","Ginger","Oddly Smooth Stone","HoveringKite"],"potions_floor_usage":[38],"damage_taken":[{"damage":0.0,"enemies":"2 Louse","floor":1.0,"turns":1.0},{"damage":0.0,"enemies":"Small Slimes","floor":2.0,"turns":1.0},{"damage":0.0,"enemies":"Gremlin Nob","floor":6.0,"turns":1.0},{"damage":12.0,"enemies":"3 Sentries","floor":8.0,"turns":7.0},{"damage":1.0,"enemies":"Cultist","floor":10.0,"turns":3.0},{"damage":3.0,"enemies":"Large Slime","floor":12.0,"turns":4.0},{"damage":18.0,"enemies":"Gremlin Nob","floor":13.0,"turns":4.0},{"damage":20.0,"enemies":"The Guardian","floor":16.0,"turns":16.0},{"damage":5.0,"enemies":"3 Byrds","floor":18.0,"turns":6.0},{"damage":33.0,"enemies":"Shell Parasite","floor":19.0,"turns":9.0},{"damage":6.0,"enemies":"Centurion and Healer","floor":24.0,"turns":6.0},{"damage":10.0,"enemies":"Snake Plant","floor":28.0,"turns":5.0},{"damage":18.0,"enemies":"Gremlin Leader","floor":30.0,"turns":7.0},{"damage":38.0,"enemies":"Automaton","floor":33.0,"turns":11.0},{"damage":15.0,"enemies":"3 Darklings","floor":35.0,"turns":7.0},{"damage":3,"enemies":"3 Shapes","floor":37,"turns":12},{"damage":44,"enemies":"Spire Growth","floor":38,"turns":8}],"seed_played":"-2744059775267515718","potions_obtained":[{"floor":6.0,"key":"Fire Potion"},{"floor":10.0,"key":"PowerPotion"},{"floor":12.0,"key":"Block Potion"},{"floor":16.0,"key":"FearPotion"},{"floor":19.0,"key":"SpeedPotion"},{"floor":24.0,"key":"GhostInAJar"},{"floor":35.0,"key":"GhostInAJar"}],"is_trial":false,"path_per_floor":["M","M","?","?","?","E","R","E","T","M","R","M","E","?","R","B",null,"M","M","?","$","?","R","M","$","T","R","M","R","E","$","R","B",null,"M","?","M","M"],"character_chosen":"THE_SILENT","items_purchased":["Frozen Eye","Noxious Fumes","Regen Potion","Cloak And Dagger"],"campfire_rested":3,"item_purchase_floors":[21,21,21,31],"current_hp_per_floor":[59,59,59,59,33,33,51,41,41,44,44,43,29,29,29,11,51,48,17,17,17,17,36,49,49,49,49,43,43,27,27,47,13,56,43,43,42,0],"gold":161,"neow_bonus":"THREE_ENEMY_KILL","is_prod":false,"is_daily":false,"chose_seed":false,"campfire_upgraded":4,"win_rate":0,"timestamp":1562301660,"path_taken":["M","M","?","?","?","E","R","E","T","M","R","M","E","?","R","BOSS","M","?","?","$","?","R","?","?","T","R","M","R","E","$","R","BOSS","M","?","M","M"],"build_version":"2019-07-01","purchased_purges":0,"victory":false,"max_hp_per_floor":[66,66,60,60,60,60,60,60,60,62,62,62,64,64,64,64,64,64,64,64,64,64,64,66,66,66,66,68,68,68,68,68,70,70,70,70,70,70],"card_choices":[{"not_picked":["Slice","Backflip"],"picked":"Flying Knee","floor":1.0},{"not_picked":["Accuracy","Blade Dance"],"picked":"Poisoned Stab","floor":2.0},{"not_picked":["Dagger Throw","Blade Dance"],"picked":"All Out Attack","floor":6.0},{"not_picked":["Dagger Throw","Skewer"],"picked":"A Thousand Cuts","floor":8.0},{"not_picked":["Distraction","Dagger Throw","Deadly Poison"],"picked":"Singing Bowl","floor":10.0},{"not_picked":["Deadly Poison","Backflip"],"picked":"PiercingWail","floor":12.0},{"not_picked":["Crippling Poison","Burst","Terror"],"picked":"Singing Bowl","floor":13.0},{"not_picked":["Burst","Storm of Steel"],"picked":"Bullet Time","floor":16.0},{"not_picked":["Underhanded Strike","Heel Hook"],"picked":"PiercingWail","floor":18.0},{"not_picked":["Dodge and Roll","Acrobatics"],"picked":"Cloak And Dagger","floor":19.0},{"not_picked":["Choke","Acrobatics","Eviscerate"],"picked":"Singing Bowl","floor":24.0},{"not_picked":["Choke","Noxious Fumes","Quick Slash"],"picked":"Singing Bowl","floor":28.0},{"not_picked":["Predator","Infinite Blades"],"picked":"Cloak And Dagger","floor":30.0},{"not_picked":["Bullet Time","Venomology","Night Terror"],"picked":"Singing Bowl","floor":33.0},{"not_picked":["Endless Agony+1","Choke"],"picked":"Blade Dance+1","floor":35.0},{"not_picked":["Poisoned Stab","Reflex"],"picked":"Leg Sweep","floor":37}],"player_experience":869402,"relics_obtained":[{"floor":6.0,"key":"Blood Vial"},{"floor":8.0,"key":"Singing Bowl"},{"floor":9.0,"key":"Letter Opener"},{"floor":13.0,"key":"Sundial"},{"floor":26.0,"key":"Ginger"},{"floor":30.0,"key":"Oddly Smooth Stone"}],"event_choices":[{"damage_healed":0.0,"max_hp_gain":0.0,"max_hp_loss":6.0,"gold_gain":0.0,"event_name":"Golden Idol","player_choice":"Lose Max HP","floor":3.0,"gold_loss":0.0,"damage_taken":0.0,"relics_obtained":["Golden Idol"]},{"damage_healed":0.0,"max_hp_gain":0.0,"max_hp_loss":0.0,"gold_gain":0.0,"event_name":"Shining Light","player_choice":"Ignored","floor":4.0,"gold_loss":0.0,"damage_taken":0.0},{"damage_healed":0.0,"max_hp_gain":0.0,"max_hp_loss":0.0,"gold_gain":0.0,"event_name":"Scrap Ooze","player_choice":"Success","floor":5.0,"gold_loss":0.0,"damage_taken":26.0,"relics_obtained":["Shuriken"]},{"damage_healed":0.0,"max_hp_gain":0.0,"max_hp_loss":0.0,"gold_gain":0.0,"event_name":"Match and Keep!","player_choice":"3 cards matched","floor":14.0,"gold_loss":0.0,"damage_taken":0.0,"cards_obtained":["Glass Knife","Leg Sweep","Dagger Spray"]},{"damage_healed":0.0,"max_hp_gain":0.0,"max_hp_loss":0.0,"gold_gain":0.0,"cards_transformed":["Strike_G","Strike_G"],"event_name":"Drug Dealer","player_choice":"Became Test Subject","floor":20.0,"gold_loss":0.0,"damage_taken":0.0,"cards_obtained":["Bane","Finisher"]},{"damage_healed":0.0,"max_hp_gain":0.0,"max_hp_loss":0.0,"gold_gain":0.0,"event_name":"Match and Keep!","player_choice":"0 cards matched","floor":22.0,"gold_loss":0.0,"damage_taken":0.0,"cards_obtained":[]},{"damage_healed":0,"gold_gain":0,"player_choice":"Leave","damage_taken":0,"max_hp_gain":0,"max_hp_loss":0,"event_name":"FaceTrader","floor":36,"gold_loss":0}],"is_beta":false,"boss_relics":[{"not_picked":["Runic Dome","Astrolabe"],"picked":"Ring of the Serpent"},{"not_picked":["Coffee Dripper","Philosopher\u0027s Stone"],"picked":"HoveringKite"}],"items_purged_floors":[],"is_endless":false,"potions_floor_spawned":[6,10,12,16,19,24,30,35],"killed_by":"Spire Growth","ascension_level":20}