{"gold_per_floor":[112,77,77,90,114,132,132,163,190,190,201,225,225,250,250,324,324,344,357,370,0,0,0,0,0,0,0,0],"floor_reached":28,"playtime":733,"items_purged":[],"score":448,"play_id":"cd45b026-db94-4c7c-a173-ad6853f9964b","local_time":"20190614214843","is_ascension_mode":true,"campfire_choices":[{"data":"Neutralize","floor":7.0,"key":"SMITH"},{"data":"Infinite Blades","floor":10.0,"key":"SMITH"},{"floor":13.0,"key":"REST"},{"data":"Caltrops","floor":15.0,"key":"SMITH"},{"floor":23.0,"key":"REST"},{"floor":25.0,"key":"REST"},{"data":"A Thousand Cuts","floor":27,"key":"SMITH"}],"neow_cost":"NONE","seed_source_timestamp":0,"circlet_count":0,"master_deck":["AscendersBane","Defend_G","Defend_G","Defend_G","Defend_G","Defend_G","Strike_G","Strike_G","Strike_G","Strike_G","Survivor","Neutralize+1","Cloak And Dagger","Infinite Blades+1","Sucker Punch","Caltrops+1","A Thousand Cuts+1","Footwork","Poisoned Stab+1"],"special_seed":0,"relics":["Ring of the Snake","NeowsBlessing","Happy Flower","Orichalcum","Bag of Preparation","Odd Mushroom","Bag of Marbles","Philosopher\u0027s Stone"],"potions_floor_usage":[],"damage_taken":[{"damage":0.0,"enemies":"Small Slimes","floor":1.0,"turns":1.0},{"damage":0.0,"enemies":"Jaw Worm","floor":4.0,"turns":1.0},{"damage":0.0,"enemies":"2 Louse","floor":6.0,"turns":1.0},{"damage":23.0,"enemies":"Lagavulin","floor":8.0,"turns":6.0},{"damage":1.0,"enemies":"Exordium Wildlife","floor":11.0,"turns":6.0},{"damage":27.0,"enemies":"The Mushroom Lair","floor":12.0,"turns":7.0},{"damage":15.0,"enemies":"3 Sentries","floor":14.0,"turns":11.0},{"damage":10.0,"enemies":"Hexaghost","floor":16.0,"turns":9.0},{"damage":18.0,"enemies":"Chosen","floor":18.0,"turns":5.0},{"damage":4.0,"enemies":"3 Byrds","floor":19.0,"turns":2.0},{"damage":22.0,"enemies":"Snecko","floor":20.0,"turns":8.0},{"damage":46,"enemies":"Slavers","floor":28,"turns":3}],"seed_played":"6187444381829758179","potions_obtained":[{"floor":6.0,"key":"PowerPotion"},{"floor":8.0,"key":"Dexterity Potion"},{"floor":11.0,"key":"Poison Potion"},{"floor":14.0,"key":"Strength Potion"},{"floor":16.0,"key":"Swift Potion"},{"floor":18.0,"key":"FearPotion"},{"floor":20.0,"key":"FearPotion"}],"is_trial":false,"path_per_floor":["M","?","?","M","T","M","R","E","T","R","M","?","R","E","R","B",null,"M","M","M","?","$","R","?","R","T","R","E"],"character_chosen":"THE_SILENT","items_purchased":[],"campfire_rested":3,"item_purchase_floors":[],"current_hp_per_floor":[59,66,59,59,59,59,59,36,36,36,35,8,27,12,12,2,50,32,28,6,6,6,25,25,44,44,44,0],"gold":0,"neow_bonus":"THREE_ENEMY_KILL","is_prod":false,"is_daily":false,"chose_seed":false,"campfire_upgraded":4,"win_rate":0,"timestamp":1560563323,"path_taken":["M","?","?","M","?","M","R","E","T","R","M","?","R","E","R","BOSS","M","M","M","?","$","R","?","R","T","R","E"],"build_version":"2019-01-23","purchased_purges":0,"victory":false,"max_hp_per_floor":[66,66,66,66,66,66,66,66,66,66,66,66,66,66,66,66,66,66,66,66,66,66,66,66,66,66,66,66],"card_choices":[{"not_picked":["Deflect","Masterful Stab"],"picked":"Cloak And Dagger","floor":1.0},{"not_picked":["PiercingWail","Underhanded Strike","Finisher"],"picked":"SKIP","floor":4.0},{"not_picked":["Sucker Punch","Dagger Throw"],"picked":"Infinite Blades","floor":6.0},{"not_picked":["Flechettes","Underhanded Strike","Acrobatics"],"picked":"SKIP","floor":8.0},{"not_picked":["Outmaneuver","Reflex"],"picked":"Sucker Punch","floor":11.0},{"not_picked":["Acrobatics","Deflect"],"picked":"Caltrops","floor":12.0},{"not_picked":["Backflip","Setup","Reflex"],"picked":"SKIP","floor":14.0},{"not_picked":["Die Die Die","Wraith Form v2"],"picked":"A Thousand Cuts","floor":16.0},{"not_picked":["Dash","Acrobatics"],"picked":"Footwork","floor":18.0},{"not_picked":["Calculated Gamble","Slice","Tactician"],"picked":"SKIP","floor":19.0},{"not_picked":["Dagger Spray","Flechettes"],"picked":"Poisoned Stab+1","floor":20.0}],"player_experience":737768,"relics_obtained":[{"floor":5.0,"key":"Happy Flower"},{"floor":8.0,"key":"Orichalcum"},{"floor":9.0,"key":"Bag of Preparation"},{"floor":12.0,"key":"Odd Mushroom"},{"floor":14.0,"key":"Bag of Marbles"}],"event_choices":[{"damage_healed":16.0,"max_hp_gain":0.0,"max_hp_loss":0.0,"gold_gain":0.0,"event_name":"The Cleric","player_choice":"Healed","floor":2.0,"gold_loss":35.0,"damage_taken":0.0},{"cards_removed":["Strike_G"],"damage_healed":0.0,"max_hp_gain":0.0,"max_hp_loss":0.0,"gold_gain":0.0,"event_name":"Golden Wing","player_choice":"Card Removal","floor":3.0,"gold_loss":0.0,"damage_taken":7.0},{"damage_healed":0.0,"max_hp_gain":0.0,"max_hp_loss":0.0,"gold_gain":0.0,"event_name":"Mushrooms","player_choice":"Fought Mushrooms","floor":12.0,"gold_loss":0.0,"damage_taken":0.0},{"damage_healed":0.0,"max_hp_gain":0.0,"max_hp_loss":0.0,"gold_gain":0.0,"event_name":"Masked Bandits","player_choice":"Paid Fearfully","floor":21.0,"gold_loss":370.0,"damage_taken":0.0},{"damage_healed":0.0,"max_hp_gain":0.0,"max_hp_loss":0.0,"gold_gain":0.0,"event_name":"The Mausoleum","player_choice":"Ignored","floor":24.0,"gold_loss":0.0,"damage_taken":0.0}],"is_beta":false,"boss_relics":[{"not_picked":["Runic Dome","WristBlade"],"picked":"Philosopher\u0027s Stone"}],"items_purged_floors":[],"is_endless":false,"potions_floor_spawned":[6,8,11,14,16,18,20],"killed_by":"Slavers","ascension_level":20}