{"gold_per_floor":[119,119,135,135,135,135,135,148,201,218,232,232,260,284,284,284],"floor_reached":16,"playtime":409,"items_purged":[],"score":200,"play_id":"3da57b73-fabb-488c-809a-36fec38bac5a","local_time":"20181006004537","is_ascension_mode":true,"campfire_choices":[{"data":"Self Repair","floor":6.0,"key":"SMITH"},{"data":"Turbo","floor":12.0,"key":"SMITH"},{"data":"Defragment","floor":15.0,"key":"SMITH"}],"neow_cost":"NONE","seed_source_timestamp":783471354497035,"circlet_count":0,"master_deck":["Strike_B","Strike_B","Strike_B","Strike_B","Defend_B","Defend_B+1","Defend_B","Defend_B+1","Zap+1","Dualcast+1","AscendersBane","Self Repair+1","Leap+1","Turbo+1","Compile Driver","Defragment+1"],"special_seed":0,"relics":["Cracked Core","DataDisk","War Paint","PreservedInsect","Orichalcum"],"potions_floor_usage":[16,16],"damage_taken":[{"damage":3.0,"enemies":"Small Slimes","floor":1.0,"turns":4.0},{"damage":7.0,"enemies":"Jaw Worm","floor":3.0,"turns":3.0},{"damage":0.0,"enemies":"2 Louse","floor":8.0,"turns":2.0},{"damage":0.0,"enemies":"2 Fungi Beasts","floor":10.0,"turns":3.0},{"damage":5.0,"enemies":"3 Louse","floor":11.0,"turns":4.0},{"damage":31.0,"enemies":"Gremlin Nob","floor":13.0,"turns":4.0},{"damage":46,"enemies":"Slime Boss","floor":16,"turns":9}],"seed_played":"6292416496456513007","potions_obtained":[{"floor":1.0,"key":"Block Potion"},{"floor":8.0,"key":"Explosive Potion"},{"floor":10.0,"key":"FocusPotion"},{"floor":13.0,"key":"FearPotion"}],"is_trial":false,"path_per_floor":["M","?","M","?","?","R","$","M","T","M","M","R","E","T","R"],"character_chosen":"DEFECT","items_purchased":[],"campfire_rested":0,"item_purchase_floors":[],"current_hp_per_floor":[61,40,40,40,40,40,40,50,50,60,65,65,44,44,44,0],"gold":284,"neow_bonus":"RANDOM_COMMON_RELIC","is_prod":false,"is_daily":false,"chose_seed":false,"campfire_upgraded":3,"win_rate":0,"timestamp":1538801137,"path_taken":["M","?","M","?","?","R","$","M","T","M","M","R","E","?","R","BOSS"],"build_version":"2018-10-04v2","purchased_purges":0,"victory":false,"max_hp_per_floor":[71,71,71,71,71,71,71,71,71,71,71,71,71,71,71,71],"card_choices":[{"not_picked":["Consume","Heatsinks"],"picked":"Self Repair","floor":1.0},{"not_picked":["Barrage","Go for the Eyes"],"picked":"Leap","floor":3.0},{"not_picked":["Darkness","Chill"],"picked":"Turbo","floor":8.0},{"not_picked":["Stack","Leap"],"picked":"Compile Driver","floor":10.0},{"not_picked":["Redo","Double Energy","Self Repair"],"picked":"SKIP","floor":11.0},{"not_picked":["Melter","Consume"],"picked":"Defragment","floor":13.0}],"player_experience":361923,"relics_obtained":[{"floor":9.0,"key":"War Paint"},{"floor":13.0,"key":"PreservedInsect"},{"floor":14.0,"key":"Orichalcum"}],"event_choices":[{"event_name":"Shining Light","player_choice":"Entered Light","floor":2.0,"damage_taken":0.0},{"event_name":"Liars Game","player_choice":"disagreed","floor":4.0,"damage_taken":0.0},{"event_name":"Upgrade Shrine","player_choice":"Upgraded","floor":5.0,"damage_taken":0.0}],"is_beta":false,"boss_relics":[],"items_purged_floors":[],"is_endless":false,"potions_floor_spawned":[1,8,10,13],"killed_by":"Slime Boss","ascension_level":20}