{"gold_per_floor":[117,136,86,86,34,62,62,100,100,100,100,125,125,145,145,265,265,279,279,378,15,15,15,58,73,73,73,94,114,114,135,135,135],"floor_reached":33,"playtime":1124,"items_purged":[],"score":418,"play_id":"0f5edcb0-d149-4f98-bbd2-6a31b449d351","local_time":"20181214172525","is_ascension_mode":true,"campfire_choices":[{"data":"Armaments","floor":10.0,"key":"SMITH"},{"data":"Uppercut","floor":13.0,"key":"SMITH"},{"floor":15.0,"key":"REST"},{"floor":23.0,"key":"REST"},{"floor":27.0,"key":"REST"},{"floor":30.0,"key":"REST"},{"floor":32.0,"key":"REST"}],"neow_cost":"NONE","seed_source_timestamp":1133764501802969,"circlet_count":0,"master_deck":["Strike_R+1","Strike_R","Strike_R","Defend_R","Defend_R","Defend_R","Defend_R","Bash+1","Armaments+1","Uppercut+1","Twin Strike","Combust+1","Inflame+1","Inflame+1","Demon Form+1","Ghostly Armor","Armaments","Pommel Strike","Heavy Blade+1","Flex"],"special_seed":0,"relics":["Burning Blood","NeowsBlessing","Regal Pillow","Golden Idol","Frozen Egg 2","Shuriken","Runic Pyramid","MutagenicStrength","Magic Flower","Boot","Bottled Tornado"],"potions_floor_usage":[33],"damage_taken":[{"damage":0.0,"enemies":"Small Slimes","floor":1.0,"turns":1.0},{"damage":0.0,"enemies":"2 Louse","floor":2.0,"turns":1.0},{"damage":0.0,"enemies":"Lagavulin","floor":6.0,"turns":1.0},{"damage":22.0,"enemies":"3 Sentries","floor":8.0,"turns":6.0},{"damage":0.0,"enemies":"Jaw Worm","floor":12.0,"turns":5.0},{"damage":8.0,"enemies":"Large Slime","floor":14.0,"turns":6.0},{"damage":2.0,"enemies":"Slime Boss","floor":16.0,"turns":5.0},{"damage":55.0,"enemies":"2 Thieves","floor":18.0,"turns":4.0},{"damage":62.0,"enemies":"Slavers","floor":24.0,"turns":6.0},{"damage":10.0,"enemies":"Shell Parasite","floor":25.0,"turns":10.0},{"damage":41.0,"enemies":"Snake Plant","floor":28.0,"turns":6.0},{"damage":21.0,"enemies":"Centurion and Healer","floor":29.0,"turns":9.0},{"damage":31.0,"enemies":"3 Cultists","floor":31.0,"turns":6.0},{"damage":82,"enemies":"Collector","floor":33,"turns":7}],"seed_played":"-8514207081614931079","potions_obtained":[{"floor":6.0,"key":"SteroidPotion"},{"floor":8.0,"key":"GamblersBrew"},{"floor":24.0,"key":"SpeedPotion"},{"floor":25.0,"key":"PowerPotion"},{"floor":31.0,"key":"SteroidPotion"}],"is_trial":false,"path_per_floor":["M","M","?","?","$","E","E","?","E","T","R","?","M","R","M","R","B",null,"M","?","?","$","?","R","E","M","T","R","M","M","R","M","R","B"],"character_chosen":"IRONCLAD","items_purchased":["Twin Strike","Magic Flower","Armaments"],"campfire_rested":5,"item_purchase_floors":[5,21,21],"current_hp_per_floor":[80,80,80,64,64,70,50,34,34,34,34,40,40,38,77,80,80,31,31,31,31,31,70,17,16,16,55,23,11,50,28,67,0],"gold":135,"neow_bonus":"THREE_ENEMY_KILL","is_prod":false,"is_daily":false,"chose_seed":false,"campfire_upgraded":2,"win_rate":0,"timestamp":1544826325,"path_taken":["M","M","?","?","$","E","?","E","T","R","?","M","R","M","R","BOSS","M","?","?","$","?","R","E","M","T","R","M","M","R","?","R","BOSS"],"build_version":"2018-12-13","purchased_purges":0,"victory":false,"max_hp_per_floor":[80,80,80,80,80,80,80,80,80,80,80,80,80,80,80,80,80,80,80,80,80,80,80,80,80,80,80,80,80,80,80,80,80],"card_choices":[{"not_picked":["Sword Boomerang","Thunderclap"],"picked":"Armaments","floor":1.0},{"not_picked":["Sword Boomerang","Clothesline"],"picked":"Uppercut","floor":2.0},{"not_picked":["Seeing Red","Armaments"],"picked":"Combust","floor":6.0},{"not_picked":["Clothesline","Juggernaut","Sword Boomerang"],"picked":"SKIP","floor":8.0},{"not_picked":["Uppercut","Anger"],"picked":"Inflame+1","floor":12.0},{"not_picked":["Feel No Pain+1","Havoc"],"picked":"Inflame+1","floor":14.0},{"not_picked":["Impervious","Juggernaut+1"],"picked":"Demon Form+1","floor":16.0},{"not_picked":["True Grit","Twin Strike"],"picked":"Ghostly Armor","floor":18.0},{"not_picked":["Reckless Charge","Searing Blow","Entrench"],"picked":"SKIP","floor":24.0},{"not_picked":["Uppercut","Body Slam","Cleave"],"picked":"SKIP","floor":25.0},{"not_picked":["Shrug It Off","Perfected Strike"],"picked":"Pommel Strike","floor":28.0},{"not_picked":["Infernal Blade","Clothesline+1"],"picked":"Heavy Blade+1","floor":29.0},{"not_picked":["Clothesline+1","Intimidate+1"],"picked":"Flex","floor":31.0}],"player_experience":505475,"relics_obtained":[{"floor":6.0,"key":"Regal Pillow"},{"floor":8.0,"key":"Frozen Egg 2"},{"floor":9.0,"key":"Shuriken"},{"floor":24.0,"key":"Boot"},{"floor":26.0,"key":"Bottled Tornado"}],"event_choices":[{"cards_removed":["Strike_R"],"damage_healed":0.0,"max_hp_gain":0.0,"max_hp_loss":0.0,"gold_gain":0.0,"event_name":"The Cleric","player_choice":"Card Removal","floor":3.0,"gold_loss":50.0,"damage_taken":0.0},{"damage_healed":0.0,"max_hp_gain":0.0,"max_hp_loss":0.0,"gold_gain":0.0,"event_name":"Shining Light","player_choice":"Entered Light","floor":4.0,"gold_loss":0.0,"damage_taken":16.0,"cards_upgraded":["Strike_R","Bash"]},{"damage_healed":0.0,"max_hp_gain":0.0,"max_hp_loss":0.0,"gold_gain":0.0,"event_name":"Golden Idol","player_choice":"Take Damage","floor":7.0,"gold_loss":0.0,"damage_taken":20.0,"relics_obtained":["Golden Idol"]},{"damage_healed":0.0,"max_hp_gain":0.0,"max_hp_loss":0.0,"gold_gain":0.0,"event_name":"Living Wall","player_choice":"Grow","floor":11.0,"gold_loss":0.0,"damage_taken":0.0,"cards_upgraded":["Combust"]},{"damage_healed":0.0,"max_hp_gain":0.0,"max_hp_loss":0.0,"gold_gain":0.0,"event_name":"Drug Dealer","player_choice":"Inject Mutagens","floor":19.0,"gold_loss":0.0,"damage_taken":0.0,"relics_obtained":["MutagenicStrength"]},{"damage_healed":0.0,"max_hp_gain":0.0,"max_hp_loss":0.0,"gold_gain":99.0,"event_name":"Nest","player_choice":"Stole From Cult","floor":20.0,"gold_loss":0.0,"damage_taken":0.0},{"cards_removed":["Strike_R"],"damage_healed":0.0,"max_hp_gain":0.0,"max_hp_loss":0.0,"gold_gain":0.0,"event_name":"Bonfire Elementals","player_choice":"Offered Basic","floor":22.0,"gold_loss":0.0,"damage_taken":0.0}],"is_beta":false,"boss_relics":[{"not_picked":["Black Blood","Empty Cage"],"picked":"Runic Pyramid"}],"items_purged_floors":[],"is_endless":false,"potions_floor_spawned":[6,8,24,25,31],"killed_by":"Collector","ascension_level":4}