{"gold_per_floor":[213,213,223,223,1,28,40,64,148,173,204,202,214,71,71,173,173,190,190,190,155,172,172,197,48,48,48,63,63,63,75,75,75],"floor_reached":33,"playtime":1320,"items_purged":["Strike_G"],"score":345,"play_id":"e25c7238-217b-4657-9ca0-fb814ffcac37","local_time":"20180812224332","is_ascension_mode":true,"campfire_choices":[{"floor":7.0,"key":"REST"},{"data":"Neutralize","floor":13.0,"key":"SMITH"},{"data":"Cloak And Dagger","floor":15,"key":"SMITH"},{"data":"Caltrops","floor":23,"key":"SMITH"},{"data":"Noxious Fumes","floor":27,"key":"SMITH"},{"data":"Leg Sweep","floor":29,"key":"SMITH"},{"floor":32,"key":"REST"}],"neow_cost":"NONE","seed_source_timestamp":3116911607050459,"circlet_count":0,"master_deck":["Defend_G","Defend_G","Defend_G","Defend_G","Defend_G+1","Strike_G","Strike_G","Strike_G","Survivor","Neutralize+1","Backflip+1","Dagger Throw","Leg Sweep+1","Cloak And Dagger+1","Cloak And Dagger","Poisoned Stab","Riddle With Holes","Dagger Throw","Corpse Explosion","Blade Dance","Caltrops+1","Quick Slash","Predator","Noxious Fumes+1","Bouncing Flask+1","Cloak And Dagger"],"special_seed":0,"relics":["Ring of the Snake","Orichalcum","MawBank","Pear","Snake Skull","Sozu","Art of War","Meat on the Bone"],"potions_floor_usage":[16],"damage_taken":[{"damage":0.0,"enemies":"Small Slimes","floor":1.0,"turns":3.0},{"damage":5.0,"enemies":"Jaw Worm","floor":3.0,"turns":7.0},{"damage":33.0,"enemies":"3 Sentries","floor":6.0,"turns":17.0},{"damage":0.0,"enemies":"2 Louse","floor":8.0,"turns":4.0},{"damage":3.0,"enemies":"Blue Slaver","floor":10.0,"turns":4.0},{"damage":4.0,"enemies":"Lots of Slimes","floor":11.0,"turns":7.0},{"damage":3.0,"enemies":"Exordium Thugs","floor":12.0,"turns":4.0},{"damage":26,"enemies":"Hexaghost","floor":16,"turns":15},{"damage":10,"enemies":"Spheric Guardian","floor":18,"turns":5},{"damage":9,"enemies":"Chosen","floor":22,"turns":5},{"damage":28,"enemies":"Slavers","floor":24,"turns":3},{"damage":0,"enemies":"Snecko","floor":28,"turns":4},{"damage":12,"enemies":"Snake Plant","floor":31,"turns":4},{"damage":67,"enemies":"Automaton","floor":33,"turns":6}],"seed_played":"-5332951637039114919","potions_obtained":[{"floor":8.0,"key":"Poison Potion"},{"floor":10.0,"key":"FearPotion"},{"floor":12.0,"key":"EntropicBrew"}],"is_trial":false,"path_per_floor":["M","?","M","?","$","E","R","M","T","M","M","M","R","$","R","B",null,"M","?","?","$","M","R","E","$","T","R","M","R","?","M","R"],"character_chosen":"THE_SILENT","items_purchased":["Orichalcum","Leg Sweep","Snake Skull","Caltrops","Noxious Fumes"],"campfire_rested":2,"item_purchase_floors":[5,5,14,21,25],"current_hp_per_floor":[63,49,44,44,44,11,32,32,42,39,35,32,32,32,32,6,62,52,78,78,78,69,69,41,41,41,41,41,41,41,41,65,0],"gold":75,"neow_bonus":"HUNDRED_GOLD","is_prod":false,"is_daily":false,"chose_seed":false,"campfire_upgraded":5,"win_rate":0,"timestamp":1534128212,"path_taken":["M","?","M","?","$","E","R","M","T","M","M","?","R","$","R","BOSS","M","?","?","?","M","R","E","$","T","R","?","R","?","M","R","BOSS"],"build_version":"2018-08-09","purchased_purges":1,"victory":false,"max_hp_per_floor":[70,70,70,70,70,70,70,70,80,80,80,80,80,80,80,80,80,80,80,80,80,80,80,80,80,80,80,80,80,80,80,80,80],"card_choices":[{"not_picked":["Acrobatics","Slice"],"picked":"Backflip","floor":1.0},{"not_picked":["Deadly Poison","Sucker Punch"],"picked":"Dagger Throw","floor":3.0},{"not_picked":["Well Laid Plans","Masterful Stab"],"picked":"Cloak And Dagger","floor":6.0},{"not_picked":["Tactician","Endless Agony"],"picked":"Cloak And Dagger","floor":8.0},{"not_picked":["Acrobatics","Bane"],"picked":"Poisoned Stab","floor":10.0},{"not_picked":["Escape Plan","Slice"],"picked":"Riddle With Holes","floor":11.0},{"not_picked":["Slice","Bouncing Flask"],"picked":"Dagger Throw","floor":12.0},{"not_picked":["A Thousand Cuts","Venomology"],"picked":"Corpse Explosion","floor":16},{"not_picked":["Flying Knee+1","Slice"],"picked":"Blade Dance","floor":18},{"not_picked":["Skewer","Bane+1"],"picked":"Quick Slash","floor":22},{"not_picked":["Flying Knee","Outmaneuver"],"picked":"Predator","floor":24},{"not_picked":["Grand Finale","PiercingWail"],"picked":"Bouncing Flask+1","floor":28},{"not_picked":["Sucker Punch+1","Blade Dance"],"picked":"Cloak And Dagger","floor":31}],"player_experience":255437,"relics_obtained":[{"floor":6.0,"key":"MawBank"},{"floor":9.0,"key":"Pear"},{"floor":24,"key":"Art of War"},{"floor":26,"key":"Meat on the Bone"}],"event_choices":[{"event_name":"Shining Light","player_choice":"Entered Light","floor":2.0,"damage_taken":0.0},{"event_name":"Liars Game","player_choice":"disagreed","floor":4.0,"damage_taken":0.0},{"event_name":"The Library","player_choice":"Heal","floor":19,"damage_taken":0},{"event_name":"Bonfire Elementals","player_choice":"BASIC","floor":20,"damage_taken":0},{"event_name":"Beggar","player_choice":"Ignored","floor":30,"damage_taken":0}],"is_beta":false,"boss_relics":[{"not_picked":["Fusion Hammer","Ring of the Serpent"],"picked":"Sozu"}],"items_purged_floors":[25],"is_endless":false,"potions_floor_spawned":[8,10,12,18,28],"killed_by":"Automaton","ascension_level":6}