{"gold_per_floor":[214,229,404,276,276,305,318,318,318,38,69,39,59,59,59,187,187,201,220,220,236,136,136,136,209,287,32,32,53,53,53,53,174,174,190,1,1,20,35,35],"floor_reached":40,"playtime":2105,"items_purged":["Doubt","Strike_B","Strike_B","Strike_B"],"score":644,"play_id":"df763cc4-1c98-4847-b439-79224449d0bc","local_time":"20190709080245","is_ascension_mode":true,"campfire_choices":[{"data":"Zap","floor":8.0,"key":"SMITH"},{"data":"Defragment","floor":15.0,"key":"SMITH"},{"floor":24.0,"key":"REST"},{"floor":28.0,"key":"REST"},{"data":"Coolheaded","floor":30.0,"key":"SMITH"},{"floor":32.0,"key":"REST"}],"neow_cost":"NONE","seed_source_timestamp":42439763909191,"circlet_count":0,"master_deck":["Defend_B","Defend_B","Defend_B","Zap+1","Dualcast","Coolheaded+1","Defragment+1","Gash","Glacier","Defragment","Coolheaded","White Noise","Amplify","Capacitor","Gash+1","Gash+1","Glacier","Capacitor+1","Seek+1","Defragment+1","Coolheaded+1"],"special_seed":0,"relics":["Cracked Core","Sundial","Molten Egg 2","DollysMirror","Calipers","Golden Idol","Orrery","Frozen Egg 2","Toxic Egg 2","Membership Card","Cursed Key","PreservedInsect"],"potions_floor_usage":[40,40],"damage_taken":[{"damage":0.0,"enemies":"Small Slimes","floor":1.0,"turns":3.0},{"damage":0.0,"enemies":"Cultist","floor":2.0,"turns":4.0},{"damage":22.0,"enemies":"Gremlin Nob","floor":6.0,"turns":4.0},{"damage":0.0,"enemies":"2 Louse","floor":7.0,"turns":2.0},{"damage":3.0,"enemies":"Lagavulin","floor":11.0,"turns":10.0},{"damage":0.0,"enemies":"Looter","floor":12.0,"turns":4.0},{"damage":20.0,"enemies":"Lots of Slimes","floor":13.0,"turns":7.0},{"damage":0.0,"enemies":"The Guardian","floor":16.0,"turns":17.0},{"damage":16.0,"enemies":"Spheric Guardian","floor":18.0,"turns":6.0},{"damage":19.0,"enemies":"Shell Parasite","floor":19.0,"turns":10.0},{"damage":15.0,"enemies":"Centurion and Healer","floor":21.0,"turns":9.0},{"damage":0.0,"enemies":"3 Cultists","floor":23.0,"turns":3.0},{"damage":11.0,"enemies":"Cultist and Chosen","floor":29.0,"turns":15.0},{"damage":21.0,"enemies":"Collector","floor":33.0,"turns":22.0},{"damage":29.0,"enemies":"3 Shapes","floor":35.0,"turns":9.0},{"damage":1.0,"enemies":"Orb Walker","floor":38.0,"turns":5.0},{"damage":19.0,"enemies":"Transient","floor":39.0,"turns":5.0},{"damage":13,"enemies":"Reptomancer","floor":40,"turns":2}],"seed_played":"6504977378289357952","potions_obtained":[{"floor":2.0,"key":"GamblersBrew"},{"floor":11.0,"key":"EssenceOfSteel"},{"floor":13.0,"key":"Fire Potion"},{"floor":16.0,"key":"LiquidBronze"},{"floor":19.0,"key":"SmokeBomb"},{"floor":29.0,"key":"Ancient Potion"},{"floor":33.0,"key":"SteroidPotion"},{"floor":38.0,"key":"AttackPotion"}],"is_trial":false,"path_per_floor":["M","M","?","$","?","E","M","R","T","$","E","M","M","?","R","B",null,"M","M","?","M","$","M","R","T","T","$","R","M","R","?","R","B",null,"M","$","?","M","M","E"],"character_chosen":"DEFECT","items_purchased":["Gash","Glacier","DollysMirror","Membership Card","PreservedInsect","Defragment+1"],"campfire_rested":3,"item_purchase_floors":[4,10,10,27,36,36],"current_hp_per_floor":[68,68,68,68,68,46,46,46,46,46,43,43,23,23,23,23,58,42,23,23,8,8,8,28,28,28,28,48,37,37,37,57,36,61,32,32,32,31,12,0],"gold":35,"neow_bonus":"HUNDRED_GOLD","is_prod":false,"is_daily":false,"chose_seed":false,"campfire_upgraded":3,"win_rate":0,"timestamp":1562652165,"path_taken":["M","M","?","$","?","E","M","R","T","$","E","M","?","?","R","BOSS","M","M","?","?","?","M","R","?","T","$","R","?","R","?","R","BOSS","M","$","?","M","M","E"],"build_version":"2019-07-05","purchased_purges":4,"victory":false,"max_hp_per_floor":[75,75,75,75,75,75,75,75,75,75,75,75,75,69,69,69,69,69,69,69,69,69,69,69,69,69,69,69,69,69,69,69,69,69,69,69,69,69,69,69],"card_choices":[{"not_picked":["Go for the Eyes","Barrage"],"picked":"Coolheaded","floor":1.0},{"not_picked":["Consume","Skim"],"picked":"Defragment","floor":2.0},{"not_picked":["Meteor Strike","Conserve Battery","Redo"],"picked":"SKIP","floor":6.0},{"not_picked":["Compile Driver","Rip and Tear","Auto Shields"],"picked":"SKIP","floor":7.0},{"not_picked":["Hologram","Rebound+1"],"picked":"Coolheaded","floor":11.0},{"not_picked":["Lockon+1","Streamline+1"],"picked":"White Noise","floor":12.0},{"not_picked":["Coolheaded","Skim","FTL+1"],"picked":"SKIP","floor":13.0},{"not_picked":["Fission","Meteor Strike+1"],"picked":"Amplify","floor":16.0},{"not_picked":["Doom and Gloom+1","FTL+1"],"picked":"Capacitor","floor":17.0},{"not_picked":["Leap","Genetic Algorithm"],"picked":"Gash+1","floor":17.0},{"not_picked":["Tempest","Leap","Steam"],"picked":"SKIP","floor":18.0},{"not_picked":["Cold Snap+1","Streamline+1","Melter+1"],"picked":"SKIP","floor":19.0},{"not_picked":["Amplify","Go for the Eyes+1"],"picked":"Glacier","floor":21.0},{"not_picked":["Scrape+1","Darkness+1"],"picked":"Capacitor+1","floor":29.0},{"not_picked":["Rainbow+1","Biased Cognition+1"],"picked":"Seek+1","floor":33.0},{"not_picked":["Compile Driver+1","Stack+1","Go for the Eyes+1"],"picked":"SKIP","floor":35.0},{"not_picked":["Compile Driver+1","Rebound+1","Steam+1"],"picked":"SKIP","floor":38.0},{"not_picked":["Streamline+1","Static Discharge+1"],"picked":"Coolheaded+1","floor":39.0}],"player_experience":51638,"relics_obtained":[{"floor":6.0,"key":"Sundial"},{"floor":9.0,"key":"Molten Egg 2"},{"floor":11.0,"key":"Calipers"},{"floor":25.0,"key":"Frozen Egg 2"},{"floor":26.0,"key":"Toxic Egg 2"}],"event_choices":[{"damage_healed":0.0,"max_hp_gain":0.0,"max_hp_loss":0.0,"gold_gain":175.0,"event_name":"Liars Game","player_choice":"AGREE","floor":3.0,"gold_loss":0.0,"damage_taken":0.0,"cards_obtained":["Doubt"]},{"cards_removed":["Strike_B"],"damage_healed":0.0,"max_hp_gain":0.0,"max_hp_loss":0.0,"gold_gain":0.0,"event_name":"Wheel of Change","player_choice":"Card Removal","floor":5.0,"gold_loss":0.0,"damage_taken":0.0},{"damage_healed":0.0,"max_hp_gain":0.0,"max_hp_loss":6.0,"gold_gain":0.0,"event_name":"Golden Idol","player_choice":"Lose Max HP","floor":14.0,"gold_loss":0.0,"damage_taken":0.0,"relics_obtained":["Golden Idol"]},{"damage_healed":0.0,"max_hp_gain":0.0,"max_hp_loss":0.0,"gold_gain":0.0,"event_name":"Duplicator","player_choice":"Copied","floor":20.0,"gold_loss":0.0,"damage_taken":0.0,"cards_obtained":["Gash"]},{"damage_healed":0.0,"max_hp_gain":0.0,"max_hp_loss":0.0,"gold_gain":0.0,"event_name":"The Mausoleum","player_choice":"Ignored","floor":31.0,"gold_loss":0.0,"damage_taken":0.0},{"cards_removed":["Defend_B"],"damage_healed":0.0,"max_hp_gain":0.0,"max_hp_loss":0.0,"gold_gain":0.0,"event_name":"Falling","player_choice":"Removed Skill","floor":37.0,"gold_loss":0.0,"damage_taken":0.0}],"is_beta":false,"boss_relics":[{"not_picked":["Lizard Tail","Busted Crown"],"picked":"Orrery"},{"not_picked":["Nuclear Battery","Inserter"],"picked":"Cursed Key"}],"items_purged_floors":[4,22,27,36],"is_endless":false,"potions_floor_spawned":[2,11,13,16,19,23,29,33,38],"killed_by":"Reptomancer","ascension_level":9}