{"gold_per_floor":[113,136,136,151,171,201,201,226,298,298,298],"floor_reached":11,"playtime":312,"items_purged":[],"score":165,"play_id":"107d978e-0a11-4b67-b5d1-9fb4318f376e","local_time":"20190505180500","is_ascension_mode":true,"campfire_choices":[{"floor":7,"key":"REST"}],"neow_cost":"CURSE","seed_source_timestamp":712850496390967,"circlet_count":0,"master_deck":["AscendersBane","Defend_G","Defend_G","Defend_G","Defend_G","Defend_G","Strike_G","Strike_G","Strike_G","Strike_G","Strike_G","Survivor","Neutralize","Flying Knee","Noxious Fumes","Dash","All Out Attack","Riddle With Holes"],"relics":["Ring of the Snake","Ginger","Art of War","Spirit Poop","Matryoshka","Blood Vial","Smiling Mask","Bottled Lightning"],"potions_floor_usage":[6,8,10],"damage_taken":[{"damage":26,"enemies":"Cultist","floor":1,"turns":6},{"damage":7,"enemies":"Jaw Worm","floor":4,"turns":7},{"damage":0,"enemies":"2 Louse","floor":5,"turns":3},{"damage":14,"enemies":"Lagavulin","floor":6,"turns":8},{"damage":30,"enemies":"Gremlin Nob","floor":8,"turns":5},{"damage":0,"enemies":"Blue Slaver","floor":10,"turns":2},{"damage":5,"enemies":"Large Slime","floor":11,"turns":4}],"seed_played":"-8778019559199793375","potions_obtained":[{"floor":4,"key":"Block Potion"},{"floor":6,"key":"Weak Potion"},{"floor":8,"key":"SmokeBomb"}],"is_trial":false,"path_per_floor":["M","T","?","M","M","E","R","E","T","M","M"],"character_chosen":"THE_SILENT","items_purchased":[],"campfire_rested":1,"item_purchase_floors":[],"current_hp_per_floor":[33,33,33,26,26,12,31,1,1,3,0],"gold":298,"neow_bonus":"ONE_RARE_RELIC","is_prod":false,"is_daily":false,"chose_seed":false,"campfire_upgraded":0,"win_rate":0,"timestamp":1557093900,"path_taken":["M","?","?","M","M","E","R","E","T","M","?"],"build_version":"2019-01-23","purchased_purges":0,"victory":false,"max_hp_per_floor":[66,66,66,66,66,66,66,66,66,66,66],"card_choices":[{"not_picked":["Slice","Poisoned Stab"],"picked":"Flying Knee","floor":1},{"not_picked":["Cloak And Dagger","Blade Dance"],"picked":"Noxious Fumes","floor":4},{"not_picked":["Underhanded Strike","Slice"],"picked":"Dash","floor":5},{"not_picked":["Quick Slash","Deflect"],"picked":"All Out Attack","floor":6},{"not_picked":["Slice","Dagger Throw"],"picked":"Riddle With Holes","floor":8}],"player_experience":675132,"relics_obtained":[{"floor":2,"key":"Art of War"},{"floor":6,"key":"Matryoshka"},{"floor":8,"key":"Blood Vial"},{"floor":9,"key":"Smiling Mask"},{"floor":9,"key":"Bottled Lightning"}],"event_choices":[{"cards_removed":["Regret"],"damage_healed":0,"gold_gain":0,"player_choice":"Offered Curse","damage_taken":0,"relics_obtained":["Spirit Poop"],"max_hp_gain":0,"max_hp_loss":0,"event_name":"Bonfire Elementals","floor":3,"gold_loss":0}],"is_beta":false,"boss_relics":[],"items_purged_floors":[],"is_endless":false,"potions_floor_spawned":[4,6,8],"killed_by":"Large Slime","ascension_level":20}