{"gold_per_floor":[20,20,37,51,16,16,47,47,72,72,27,27,86,113,113,184,184,194,194,210,50,50,50,61,61,61,71,71,106,21,48,48,48],"floor_reached":33,"playtime":786,"items_purged":["Strike_R"],"score":603,"play_id":"c2126a91-394d-4453-8c32-82d231db2185","local_time":"20190615234051","is_ascension_mode":true,"campfire_choices":[{"data":"Armaments","floor":6.0,"key":"SMITH"},{"data":"Bash","floor":10.0,"key":"SMITH"},{"data":"Uppercut","floor":12.0,"key":"SMITH"},{"data":"Carnage","floor":15.0,"key":"SMITH"},{"data":"Infernal Blade","floor":23.0,"key":"SMITH"},{"data":"Exhume","floor":25.0,"key":"SMITH"},{"data":"Inflame","floor":28.0,"key":"SMITH"},{"data":"Corruption","floor":32.0,"key":"SMITH"}],"neow_cost":"NO_GOLD","seed_source_timestamp":140219412655100,"circlet_count":0,"master_deck":["AscendersBane","Defend_R","Defend_R","Defend_R","Defend_R","Bash+1","Armaments+1","Anger","Cleave","Infernal Blade+1","Uppercut+1","Pommel Strike","Carnage+1","Exhume+1","Rage+1","J.A.X.","Iron Wave","Inflame+1","Bite","Bite","Bite","Bite","Bite","Dual Wield+1","Battle Trance+1","Corruption+1","Reaper"],"special_seed":0,"relics":["Burning Blood","Lantern","Bronze Scales","Red Skull","Self Forming Clay","Philosopher\u0027s Stone","Toxic Egg 2","Du-Vu Doll","PreservedInsect","Singing Bowl"],"potions_floor_usage":[],"damage_taken":[{"damage":10.0,"enemies":"Small Slimes","floor":1.0,"turns":4.0},{"damage":1.0,"enemies":"2 Louse","floor":3.0,"turns":3.0},{"damage":7.0,"enemies":"Jaw Worm","floor":4.0,"turns":4.0},{"damage":22.0,"enemies":"3 Sentries","floor":7.0,"turns":7.0},{"damage":9.0,"enemies":"Gremlin Nob","floor":13.0,"turns":2.0},{"damage":9.0,"enemies":"Gremlin Nob","floor":14.0,"turns":3.0},{"damage":25.0,"enemies":"Hexaghost","floor":16.0,"turns":8.0},{"damage":12.0,"enemies":"Spheric Guardian","floor":18.0,"turns":3.0},{"damage":7.0,"enemies":"2 Thieves","floor":20.0,"turns":3.0},{"damage":5.0,"enemies":"Snake Plant","floor":24.0,"turns":3.0},{"damage":21.0,"enemies":"Centurion and Healer","floor":27.0,"turns":5.0},{"damage":10.0,"enemies":"Book of Stabbing","floor":29.0,"turns":3.0},{"damage":22.0,"enemies":"Slavers","floor":31.0,"turns":3.0},{"damage":65,"enemies":"Collector","floor":33,"turns":5}],"seed_played":"-1084507401011459772","potions_obtained":[{"floor":4.0,"key":"Fire Potion"},{"floor":7.0,"key":"Fire Potion"},{"floor":14.0,"key":"Energy Potion"},{"floor":24.0,"key":"LiquidBronze"}],"is_trial":false,"path_per_floor":["M","?","M","M","?","R","E","$","T","R","$","R","?","E","R","B",null,"M","?","M","$","?","R","M","R","T","M","R","E","?","E","R","B"],"character_chosen":"IRONCLAD","items_purchased":["Uppercut","Inflame"],"campfire_rested":0,"item_purchase_floors":[11,21],"current_hp_per_floor":[78,71,76,75,89,89,73,73,73,73,73,73,70,67,67,48,79,73,73,72,72,62,62,62,62,62,53,53,56,56,47,47,0],"gold":48,"neow_bonus":"TWENTY_PERCENT_HP_BONUS","is_prod":false,"is_daily":false,"chose_seed":false,"campfire_upgraded":8,"win_rate":0,"timestamp":1560638451,"path_taken":["M","?","M","M","?","R","E","$","T","R","$","R","?","E","R","BOSS","M","?","M","$","?","R","M","R","T","?","R","E","?","E","R","BOSS"],"build_version":"2019-01-23","purchased_purges":1,"victory":false,"max_hp_per_floor":[89,89,89,89,89,89,89,89,89,89,89,89,89,89,89,89,89,89,89,89,89,62,62,62,62,62,62,62,62,62,62,62,62],"card_choices":[{"not_picked":["Combust","Reckless Charge"],"picked":"Armaments","floor":1.0},{"not_picked":["Body Slam","Twin Strike"],"picked":"Anger","floor":3.0},{"not_picked":["Entrench","Sword Boomerang"],"picked":"Cleave","floor":4.0},{"not_picked":["Rage","Body Slam"],"picked":"Infernal Blade","floor":7.0},{"not_picked":["Pummel","Fire Breathing"],"picked":"Pommel Strike","floor":13.0},{"not_picked":["Body Slam","Searing Blow"],"picked":"Carnage","floor":14.0},{"not_picked":["Barricade","Feed"],"picked":"Exhume","floor":16.0},{"not_picked":["Body Slam","Disarm"],"picked":"Rage+1","floor":18.0},{"not_picked":["Clothesline","Flex"],"picked":"Iron Wave","floor":20.0},{"not_picked":["Iron Wave","Carnage"],"picked":"Dual Wield+1","floor":24.0},{"not_picked":["Seeing Red+1","Wild Strike"],"picked":"Battle Trance+1","floor":27.0},{"not_picked":["Sever Soul","Feel No Pain"],"picked":"Corruption","floor":29.0},{"not_picked":["Heavy Blade+1","Spot Weakness+1"],"picked":"Reaper","floor":31.0}],"player_experience":1465178,"relics_obtained":[{"floor":7.0,"key":"Lantern"},{"floor":9.0,"key":"Bronze Scales"},{"floor":13.0,"key":"Red Skull"},{"floor":14.0,"key":"Self Forming Clay"},{"floor":26.0,"key":"Toxic Egg 2"},{"floor":29.0,"key":"Du-Vu Doll"},{"floor":31.0,"key":"Singing Bowl"}],"event_choices":[{"cards_removed":["Strike_R"],"damage_healed":0.0,"max_hp_gain":0.0,"max_hp_loss":0.0,"gold_gain":0.0,"event_name":"Golden Wing","player_choice":"Card Removal","floor":2.0,"gold_loss":0.0,"damage_taken":7.0},{"damage_healed":22.0,"max_hp_gain":0.0,"max_hp_loss":0.0,"gold_gain":0.0,"event_name":"The Cleric","player_choice":"Healed","floor":5.0,"gold_loss":35.0,"damage_taken":0.0},{"damage_healed":0.0,"max_hp_gain":0.0,"max_hp_loss":0.0,"gold_gain":0.0,"event_name":"Dead Adventurer","player_choice":"Searched \u00271\u0027 times","floor":13.0,"gold_loss":0.0,"damage_taken":0.0},{"damage_healed":0.0,"max_hp_gain":0.0,"max_hp_loss":0.0,"gold_gain":0.0,"event_name":"Drug Dealer","player_choice":"Obtain J.A.X.","floor":19.0,"gold_loss":0.0,"damage_taken":0.0,"cards_obtained":["J.A.X."]},{"damage_healed":0.0,"max_hp_gain":0.0,"max_hp_loss":27.0,"gold_gain":0.0,"event_name":"Vampires","player_choice":"Became a vampire","floor":22.0,"gold_loss":0.0,"damage_taken":0.0,"cards_obtained":["Bite","Bite","Bite","Bite","Bite"]},{"damage_healed":0.0,"max_hp_gain":0.0,"max_hp_loss":0.0,"gold_gain":0.0,"event_name":"Addict","player_choice":"Obtained Relic","floor":30.0,"gold_loss":85.0,"damage_taken":0.0,"relics_obtained":["PreservedInsect"]}],"is_beta":false,"boss_relics":[{"not_picked":["Mark of Pain","Snecko Eye"],"picked":"Philosopher\u0027s Stone"}],"items_purged_floors":[21],"is_endless":false,"potions_floor_spawned":[4,7,14,24,27],"killed_by":"Collector","ascension_level":20}