{"gold_per_floor":[13,13,31,47,58,58,86,86,133,183,202,46,64,64,64,143,143,153,153,166,166,166,166,177,177,177,40,54,54,54,67,67,67],"floor_reached":33,"playtime":8850,"items_purged":["Strike_G","Strike_G"],"score":494,"play_id":"f62babf2-a471-4fd6-95f2-9990ec7f239e","local_time":"20190406190208","is_ascension_mode":true,"campfire_choices":[{"data":"Neutralize","floor":6.0,"key":"SMITH"},{"floor":8.0,"key":"REST"},{"data":"Noxious Fumes","floor":15.0,"key":"SMITH"},{"floor":23.0,"key":"REST"},{"floor":25.0,"key":"REST"},{"floor":32,"key":"REST"}],"neow_cost":"NO_GOLD","seed_source_timestamp":9167174296664888,"circlet_count":0,"master_deck":["AscendersBane","Defend_G","Defend_G","Defend_G","Defend_G","Defend_G","Strike_G","Strike_G","Survivor","Neutralize+1","After Image","Backstab","Poisoned Stab","Backstab","After Image","Blade Dance","Noxious Fumes+1","Blur","Glass Knife","Quick Slash","Infinite Blades","Corpse Explosion","After Image","Dodge and Roll","Crippling Poison","Leg Sweep","Blade Dance","Grand Finale","Blade Dance"],"special_seed":0,"relics":["Ring of the Snake","Gremlin Horn","Orichalcum","WristBlade","Bag of Marbles"],"potions_floor_usage":[],"damage_taken":[{"damage":12.0,"enemies":"Small Slimes","floor":1.0,"turns":6.0},{"damage":6.0,"enemies":"Cultist","floor":3.0,"turns":5.0},{"damage":0.0,"enemies":"2 Louse","floor":4.0,"turns":3.0},{"damage":8.0,"enemies":"Large Slime","floor":5.0,"turns":7.0},{"damage":22.0,"enemies":"Lagavulin","floor":7.0,"turns":11.0},{"damage":0.0,"enemies":"Red Slaver","floor":11.0,"turns":2.0},{"damage":0.0,"enemies":"Lots of Slimes","floor":13.0,"turns":4.0},{"damage":15.0,"enemies":"The Guardian","floor":16.0,"turns":12.0},{"damage":10.0,"enemies":"Chosen","floor":18.0,"turns":5.0},{"damage":16.0,"enemies":"Spheric Guardian","floor":20.0,"turns":5.0},{"damage":12.0,"enemies":"Centurion and Healer","floor":24.0,"turns":5.0},{"damage":14.0,"enemies":"Chosen and Byrds","floor":28.0,"turns":6.0},{"damage":9,"enemies":"Sentry and Sphere","floor":31,"turns":6},{"damage":49,"enemies":"Champ","floor":33,"turns":14}],"seed_played":"200927021988157652","potions_obtained":[{"floor":3.0,"key":"Ancient Potion"},{"floor":5.0,"key":"Ancient Potion"}],"is_trial":false,"path_per_floor":["M","$","M","M","M","R","E","R","T","?","M","$","M","?","R","B",null,"M","?","M","?","?","R","M","R","T","$","M","$","?","M","R","B"],"character_chosen":"THE_SILENT","items_purchased":["Noxious Fumes","Leg Sweep"],"campfire_rested":4,"item_purchase_floors":[12,27],"current_hp_per_floor":[47,47,41,41,33,33,11,30,30,30,30,30,30,30,30,15,53,43,43,27,9,9,30,18,39,39,39,25,25,25,16,37,0],"gold":67,"neow_bonus":"THREE_RARE_CARDS","is_prod":false,"is_daily":false,"chose_seed":false,"campfire_upgraded":2,"win_rate":0,"timestamp":1554591728,"path_taken":["M","$","M","M","M","R","E","R","T","?","M","$","?","?","R","BOSS","M","?","M","?","?","R","?","R","T","$","M","?","?","M","R","BOSS"],"build_version":"2019-01-23","purchased_purges":2,"victory":false,"max_hp_per_floor":[66,66,66,66,66,66,66,66,66,66,66,66,66,66,66,66,66,66,66,66,71,71,71,71,71,71,71,71,71,71,71,71,71],"card_choices":[{"not_picked":["Unload","Adrenaline"],"picked":"After Image","floor":0.0},{"not_picked":["Underhanded Strike","Dagger Spray"],"picked":"Backstab","floor":1.0},{"not_picked":["Acrobatics","Dagger Throw"],"picked":"Poisoned Stab","floor":3.0},{"not_picked":["All Out Attack","Dodge and Roll"],"picked":"Backstab","floor":4.0},{"not_picked":["Deadly Poison","Infinite Blades"],"picked":"After Image","floor":5.0},{"not_picked":["Prepared","Slice"],"picked":"Blade Dance","floor":7.0},{"not_picked":["Outmaneuver","PiercingWail","Tactician"],"picked":"SKIP","floor":11.0},{"not_picked":["Deadly Poison","Bane"],"picked":"Blur","floor":13.0},{"not_picked":["Night Terror","Doppelganger"],"picked":"Glass Knife","floor":16.0},{"not_picked":["Outmaneuver","Prepared"],"picked":"Quick Slash","floor":18.0},{"not_picked":["Calculated Gamble","Slice"],"picked":"Corpse Explosion","floor":20.0},{"not_picked":["Acrobatics","Deadly Poison","Slice"],"picked":"SKIP","floor":24.0},{"not_picked":["PiercingWail","Flechettes"],"picked":"Blade Dance","floor":28.0},{"not_picked":["Endless Agony","Night Terror"],"picked":"Blade Dance","floor":31}],"player_experience":617291,"relics_obtained":[{"floor":7.0,"key":"Gremlin Horn"},{"floor":9.0,"key":"Orichalcum"},{"floor":26.0,"key":"Bag of Marbles"}],"event_choices":[{"damage_healed":0.0,"max_hp_gain":0.0,"max_hp_loss":0.0,"gold_gain":50.0,"event_name":"Golden Shrine","player_choice":"Pray","floor":10.0,"gold_loss":0.0,"damage_taken":0.0},{"damage_healed":0.0,"max_hp_gain":0.0,"max_hp_loss":0.0,"gold_gain":0.0,"event_name":"Golden Idol","player_choice":"Ignored","floor":14.0,"gold_loss":0.0,"damage_taken":0.0},{"damage_healed":0.0,"max_hp_gain":0.0,"max_hp_loss":0.0,"gold_gain":0.0,"event_name":"The Library","player_choice":"Read","floor":19.0,"gold_loss":0.0,"damage_taken":0.0,"cards_obtained":["Infinite Blades"]},{"damage_healed":0.0,"max_hp_gain":5.0,"max_hp_loss":0.0,"gold_gain":0.0,"event_name":"Forgotten Altar","player_choice":"Shed Blood","floor":21.0,"gold_loss":0.0,"damage_taken":23.0},{"damage_healed":0.0,"max_hp_gain":0.0,"max_hp_loss":0.0,"gold_gain":0.0,"event_name":"Match and Keep!","player_choice":"3 cards matched","floor":22.0,"gold_loss":0.0,"damage_taken":0.0,"cards_obtained":["After Image","Dodge and Roll","Crippling Poison"]},{"damage_healed":0,"gold_gain":0,"cards_transformed":["Strike_G"],"player_choice":"Transformed","damage_taken":0,"max_hp_gain":0,"max_hp_loss":0,"event_name":"Transmorgrifier","floor":30,"gold_loss":0,"cards_obtained":["Grand Finale"]}],"is_beta":false,"boss_relics":[{"not_picked":["Runic Pyramid","Cursed Key"],"picked":"WristBlade"}],"items_purged_floors":[12,27],"is_endless":false,"potions_floor_spawned":[3,5,13,16,31],"killed_by":"Champ","ascension_level":20}