{"gold_per_floor":[10,10,10,23,42,70,70,101,179,179,239,289,307,326,326,429,429,448,597,572,612,662],"floor_reached":22,"playtime":1059,"items_purged":[],"score":196,"play_id":"6a312b76-a527-4966-bf21-b69bcec1a985","local_time":"20180708123700","is_ascension_mode":false,"campfire_choices":[{"floor":7.0,"key":"REST"},{"floor":10.0,"key":"REST"},{"floor":15.0,"key":"REST"}],"neow_cost":"NO_GOLD","seed_source_timestamp":0,"circlet_count":0,"master_deck":["Strike_R","Strike_R","Strike_R","Strike_R","Defend_R","Defend_R+1","Defend_R","Defend_R+1","Bash","Offering","Rampage","Twin Strike","Armaments","Twin Strike","Body Slam","Whirlwind","Thunderclap","Combust","Seeing Red"],"special_seed":0,"relics":["Black Blood","SsserpentHead","Unceasing Top","Happy Flower","Pear","Lantern"],"potions_floor_usage":[],"damage_taken":[{"damage":1.0,"enemies":"Jaw Worm","floor":1.0,"turns":4.0},{"damage":14.0,"enemies":"Small Slimes","floor":4.0,"turns":4.0},{"damage":0.0,"enemies":"Cultist","floor":5.0,"turns":3.0},{"damage":26.0,"enemies":"Lagavulin","floor":6.0,"turns":8.0},{"damage":54.0,"enemies":"Gremlin Nob","floor":8.0,"turns":6.0},{"damage":15.0,"enemies":"Exordium Thugs","floor":11.0,"turns":6.0},{"damage":13.0,"enemies":"Red Slaver","floor":13.0,"turns":4.0},{"damage":0.0,"enemies":"Large Slime","floor":14.0,"turns":5.0},{"damage":34.0,"enemies":"The Guardian","floor":16.0,"turns":13.0},{"damage":35,"enemies":"Spheric Guardian","floor":18,"turns":6},{"damage":18,"enemies":"2 Thieves","floor":21,"turns":4},{"damage":59,"enemies":"Cultist and Chosen","floor":22,"turns":6}],"seed_played":"1870837949335109520","potions_obtained":[{"floor":1.0,"key":"Weak Potion"},{"floor":5.0,"key":"SmokeBomb"},{"floor":8.0,"key":"AttackPotion"}],"is_trial":false,"path_per_floor":["M","?","?","M","M","E","R","E","T","R","M","?","M","M","R","B",null,"M","?","?","M"],"character_chosen":"IRONCLAD","items_purchased":[],"campfire_rested":3,"item_purchase_floors":[],"current_hp_per_floor":[80,64,64,56,62,42,66,18,28,55,46,34,27,33,60,32,90,65,65,65,57,0],"gold":662,"neow_bonus":"THREE_RARE_CARDS","is_prod":false,"is_daily":false,"chose_seed":false,"campfire_upgraded":0,"win_rate":0.0,"timestamp":1531067820,"path_taken":["M","?","?","M","M","E","R","E","T","R","?","?","M","M","R","BOSS","M","?","?","?","?"],"build_version":"2018-07-05","purchased_purges":0,"victory":false,"max_hp_per_floor":[80,80,80,80,80,80,80,80,90,90,90,90,90,90,90,90,90,90,90,90,90,90],"card_choices":[{"not_picked":["Juggernaut","Dark Embrace"],"picked":"Offering","floor":0.0},{"not_picked":["Disarm","Flame Barrier","Anger"],"picked":"SKIP","floor":1.0},{"not_picked":["Sword Boomerang","Blood for Blood"],"picked":"Rampage","floor":4.0},{"not_picked":["Warcry","Thunderclap"],"picked":"Twin Strike","floor":5.0},{"not_picked":["Clash","Blood for Blood"],"picked":"Armaments","floor":6.0},{"not_picked":["Cleave","Dark Embrace"],"picked":"Twin Strike","floor":8.0},{"not_picked":["Blood for Blood","Twin Strike"],"picked":"Body Slam","floor":11.0},{"not_picked":["Pummel","Perfected Strike"],"picked":"Whirlwind","floor":13.0},{"not_picked":["Disarm","Clothesline"],"picked":"Thunderclap","floor":14.0},{"not_picked":["Fire Breathing","Whirlwind"],"picked":"Combust","floor":18},{"not_picked":["Iron Wave","Body Slam"],"picked":"Seeing Red","floor":21}],"player_experience":88294,"relics_obtained":[{"floor":6.0,"key":"Unceasing Top"},{"floor":8.0,"key":"Happy Flower"},{"floor":9.0,"key":"Pear"}],"event_choices":[{"event_name":"Shining Light","player_choice":"Entered Light","floor":2.0,"damage_taken":0.0},{"event_name":"FaceTrader","player_choice":"Trade","floor":3.0,"damage_taken":0.0},{"event_name":"Scrap Ooze","player_choice":"success","floor":12.0,"damage_taken":12.0},{"event_name":"Nest","player_choice":"Stole From Cult","floor":19,"damage_taken":0},{"event_name":"Beggar","player_choice":"Gave Gold","floor":20,"damage_taken":0}],"boss_relics":[{"not_picked":["Calling Bell","Runic Dome"],"picked":"Black Blood"}],"items_purged_floors":[],"is_endless":false,"potions_floor_spawned":[1,5,8,11,18],"killed_by":"Cultist and Chosen","ascension_level":0}