{"gold_per_floor":[119,119,119,132,132,132,164,164,219,229,256,267,56,56,56,149,149,163,163,177,60,60,60,78,78],"floor_reached":25,"playtime":606,"items_purged":["Strike_G"],"score":468,"play_id":"83edc55d-2f4c-42b8-a410-218578c27fea","local_time":"20190707002544","is_ascension_mode":true,"campfire_choices":[{"data":"Neutralize","floor":6,"key":"SMITH"},{"data":"Poisoned Stab","floor":8,"key":"SMITH"},{"data":"Deadly Poison","floor":15,"key":"SMITH"},{"data":"Malaise","floor":23,"key":"SMITH"}],"neow_cost":"NONE","seed_source_timestamp":6091152236363945,"circlet_count":0,"master_deck":["AscendersBane","Strike_G+1","Strike_G","Strike_G","Defend_G","Defend_G+1","Defend_G","Defend_G","Defend_G","Survivor","Neutralize+1","Cloak And Dagger","Poisoned Stab+1","Infinite Blades","Deadly Poison+1","Bane","Backflip","Malaise+1","Sucker Punch","Noxious Fumes+1","Choke+1"],"relics":["Ring of the Snake","NeowsBlessing","Pantograph","Dream Catcher","Snake Skull","Orichalcum","Golden Idol","Cursed Key"],"potions_floor_usage":[11,25],"damage_taken":[{"damage":0,"enemies":"Jaw Worm","floor":1,"turns":1},{"damage":0,"enemies":"Small Slimes","floor":4,"turns":2},{"damage":0,"enemies":"Lagavulin","floor":7,"turns":1},{"damage":0,"enemies":"Cultist","floor":10,"turns":4},{"damage":24,"enemies":"3 Sentries","floor":11,"turns":8},{"damage":9,"enemies":"3 Louse","floor":12,"turns":3},{"damage":23,"enemies":"Hexaghost","floor":16,"turns":9},{"damage":9,"enemies":"3 Byrds","floor":18,"turns":7},{"damage":16,"enemies":"Spheric Guardian","floor":20,"turns":4},{"damage":18,"enemies":"Cultist and Chosen","floor":24,"turns":6},{"damage":8,"enemies":"Slavers","floor":25,"turns":2}],"seed_played":"9029732779964913661","potions_obtained":[{"floor":1,"key":"SkillPotion"},{"floor":5,"key":"Ancient Potion"},{"floor":10,"key":"Fire Potion"},{"floor":11,"key":"Energy Potion"}],"is_trial":false,"path_per_floor":["M","?","?","M","?","R","E","R","T","M","E","M","$","?","R","B",null,"M","?","M","$","?","R","M","E"],"character_chosen":"THE_SILENT","items_purchased":["Orichalcum","Backflip","Noxious Fumes"],"campfire_rested":0,"item_purchase_floors":[13,13,21],"current_hp_per_floor":[59,39,39,39,39,39,39,39,39,39,15,6,6,6,6,8,47,38,38,22,22,22,22,4,0],"gold":78,"neow_bonus":"THREE_ENEMY_KILL","is_prod":false,"is_daily":false,"chose_seed":false,"campfire_upgraded":4,"win_rate":0,"timestamp":1562473544,"path_taken":["M","?","?","?","?","R","E","R","T","?","E","M","$","?","R","BOSS","M","?","M","$","?","R","?","E"],"build_version":"2019-07-05","purchased_purges":1,"victory":false,"max_hp_per_floor":[66,66,66,66,66,66,66,66,66,66,66,66,66,60,60,60,60,60,60,60,60,60,60,60,60],"card_choices":[{"not_picked":["Tactician","Outmaneuver","Distraction"],"picked":"SKIP","floor":1},{"not_picked":["Outmaneuver","PiercingWail"],"picked":"Cloak And Dagger","floor":4},{"not_picked":["Grand Finale","Dagger Throw"],"picked":"Poisoned Stab","floor":7},{"not_picked":["Bane","Tactician"],"picked":"Infinite Blades","floor":10},{"not_picked":["Riddle With Holes","Crippling Poison"],"picked":"Deadly Poison","floor":11},{"not_picked":["Prepared","Endless Agony"],"picked":"Bane","floor":12},{"not_picked":["Night Terror","Bullet Time"],"picked":"Malaise","floor":16},{"not_picked":["Acrobatics","Eviscerate"],"picked":"Sucker Punch","floor":18},{"not_picked":["Outmaneuver","Quick Slash","Bane"],"picked":"SKIP","floor":20},{"not_picked":["PiercingWail","Acrobatics+1"],"picked":"Choke+1","floor":24}],"player_experience":900398,"relics_obtained":[{"floor":7,"key":"Pantograph"},{"floor":9,"key":"Dream Catcher"},{"floor":11,"key":"Snake Skull"}],"event_choices":[{"damage_healed":0,"gold_gain":0,"player_choice":"Entered Light","damage_taken":20,"max_hp_gain":0,"max_hp_loss":0,"event_name":"Shining Light","floor":2,"gold_loss":0,"cards_upgraded":["Strike_G","Defend_G"]},{"cards_removed":["Strike_G"],"damage_healed":0,"gold_gain":0,"player_choice":"Purged","damage_taken":0,"max_hp_gain":0,"max_hp_loss":0,"event_name":"Purifier","floor":3,"gold_loss":0},{"damage_healed":0,"gold_gain":0,"player_choice":"Got Potions","damage_taken":0,"max_hp_gain":0,"max_hp_loss":0,"event_name":"Lab","floor":5,"gold_loss":0},{"damage_healed":0,"gold_gain":0,"player_choice":"Lose Max HP","damage_taken":0,"relics_obtained":["Golden Idol"],"max_hp_gain":0,"max_hp_loss":6,"event_name":"Golden Idol","floor":14,"gold_loss":0},{"damage_healed":0,"gold_gain":0,"player_choice":"Ignored","damage_taken":0,"max_hp_gain":0,"max_hp_loss":0,"event_name":"Beggar","floor":19,"gold_loss":0},{"damage_healed":0,"gold_gain":0,"player_choice":"Upgraded","damage_taken":0,"max_hp_gain":0,"max_hp_loss":0,"event_name":"Upgrade Shrine","floor":22,"gold_loss":0,"cards_upgraded":["Noxious Fumes"]}],"is_beta":false,"boss_relics":[{"not_picked":["Empty Cage","Busted Crown"],"picked":"Cursed Key"}],"items_purged_floors":[21],"is_endless":false,"potions_floor_spawned":[1,10,11,20],"killed_by":"Slavers","ascension_level":20}