{"gold_per_floor":[111,111,31,49,49,49,64,89,89,120,120,135,135,135,135,225,225,238,163,78,96,96,96,140,10,10,35,35,14,14,14],"floor_reached":31,"playtime":1009,"items_purged":[],"score":518,"play_id":"3237bf30-8ff8-47b5-bddd-9fafa354dc7e","local_time":"20190630181818","is_ascension_mode":true,"campfire_choices":[{"data":"Neutralize","floor":6,"key":"SMITH"},{"floor":11,"key":"REST"},{"data":"Noxious Fumes","floor":13,"key":"SMITH"},{"data":"After Image","floor":15,"key":"SMITH"},{"data":"Dagger Spray","floor":23,"key":"SMITH"},{"data":"Corpse Explosion","floor":28,"key":"SMITH"},{"data":"Leg Sweep","floor":30,"key":"SMITH"}],"neow_cost":"NONE","seed_source_timestamp":5550397762241616,"circlet_count":0,"master_deck":["AscendersBane","Defend_G+1","Defend_G+1","Defend_G+1","Defend_G+1","Defend_G+1","Strike_G+1","Strike_G+1","Strike_G+1","Strike_G+1","Survivor","Neutralize+1","Noxious Fumes+1","Backstab","PiercingWail","Outmaneuver","After Image+1","Dagger Spray+1","Corpse Explosion+1","Leg Sweep+1","PiercingWail+1","Doppelganger+1","Escape Plan+1","Blade Dance+1"],"relics":["Ring of the Snake","Lantern","Ginger","Blood Vial","The Courier","Ice Cream","Golden Idol","Coffee Dripper","Toxic Egg 2","Omamori","Oddly Smooth Stone","Pen Nib"],"potions_floor_usage":[8,16,24],"damage_taken":[{"damage":0,"enemies":"Jaw Worm","floor":1,"turns":6},{"damage":3,"enemies":"Cultist","floor":4,"turns":4},{"damage":0,"enemies":"2 Louse","floor":7,"turns":3},{"damage":15,"enemies":"3 Sentries","floor":8,"turns":7},{"damage":40,"enemies":"Gremlin Nob","floor":10,"turns":6},{"damage":0,"enemies":"2 Fungi Beasts","floor":12,"turns":4},{"damage":5,"enemies":"The Guardian","floor":16,"turns":11},{"damage":19,"enemies":"2 Thieves","floor":18,"turns":4},{"damage":10,"enemies":"3 Byrds","floor":21,"turns":3},{"damage":12,"enemies":"Book of Stabbing","floor":24,"turns":8},{"damage":0,"enemies":"3 Cultists","floor":27,"turns":3},{"damage":20,"enemies":"Slavers","floor":31,"turns":1}],"seed_played":"7390434567051811801","potions_obtained":[{"floor":1,"key":"AttackPotion"},{"floor":8,"key":"Energy Potion"},{"floor":12,"key":"Strength Potion"},{"floor":21,"key":"SpeedPotion"}],"is_trial":false,"path_per_floor":["M","?","$","M","$","R","M","E","T","E","R","M","R","?","R","B",null,"M","?","?","M","?","R","E","$","T","M","R","$","R","E"],"character_chosen":"THE_SILENT","items_purchased":["Noxious Fumes","Oddly Smooth Stone","Blade Dance+1"],"campfire_rested":1,"item_purchase_floors":[3,25,29],"current_hp_per_floor":[59,59,59,56,56,56,56,41,41,3,22,24,24,24,24,21,50,33,33,33,25,25,25,15,15,15,17,17,17,17,0],"gold":14,"neow_bonus":"RANDOM_COMMON_RELIC","is_prod":false,"is_daily":false,"chose_seed":false,"campfire_upgraded":6,"win_rate":0,"timestamp":1561933098,"path_taken":["M","?","$","M","?","R","?","E","T","E","R","M","R","?","R","BOSS","M","?","?","M","?","R","E","$","T","M","R","$","R","E"],"build_version":"2019-01-23","purchased_purges":0,"victory":false,"max_hp_per_floor":[66,66,66,66,66,66,66,66,66,66,66,66,66,60,60,60,60,60,60,60,60,60,60,60,60,60,60,60,60,60,60],"card_choices":[{"not_picked":["Infinite Blades","Cloak And Dagger"],"picked":"Deadly Poison","floor":1},{"not_picked":["Expertise","Quick Slash"],"picked":"Backstab","floor":4},{"not_picked":["Calculated Gamble","Doppelganger"],"picked":"PiercingWail","floor":7},{"not_picked":["Prepared","PiercingWail"],"picked":"Outmaneuver","floor":8},{"not_picked":["Expertise","Setup"],"picked":"After Image","floor":10},{"not_picked":["Skewer","Prepared"],"picked":"Dagger Spray","floor":12},{"not_picked":["Storm of Steel","Burst"],"picked":"Corpse Explosion","floor":16},{"not_picked":["Quick Slash","Backstab"],"picked":"Leg Sweep","floor":18},{"not_picked":["Setup+1","Distraction+1"],"picked":"PiercingWail+1","floor":21},{"not_picked":["Quick Slash","Backflip+1"],"picked":"Doppelganger+1","floor":24},{"not_picked":["Dash+1","Slice+1"],"picked":"Escape Plan+1","floor":27}],"player_experience":818195,"relics_obtained":[{"floor":8,"key":"Blood Vial"},{"floor":9,"key":"The Courier"},{"floor":10,"key":"Ice Cream"},{"floor":24,"key":"Omamori"},{"floor":26,"key":"Pen Nib"}],"event_choices":[{"cards_removed":["Deadly Poison"],"damage_healed":0,"gold_gain":0,"player_choice":"Gave Card","damage_taken":0,"relics_obtained":["Ginger"],"max_hp_gain":0,"max_hp_loss":0,"event_name":"WeMeetAgain","floor":2,"gold_loss":0},{"damage_healed":0,"gold_gain":0,"player_choice":"Lose Max HP","damage_taken":0,"relics_obtained":["Golden Idol"],"max_hp_gain":0,"max_hp_loss":6,"event_name":"Golden Idol","floor":14,"gold_loss":0},{"cards_removed":["Strike_G"],"damage_healed":0,"gold_gain":0,"player_choice":"Gave Gold","damage_taken":0,"max_hp_gain":0,"max_hp_loss":0,"event_name":"Beggar","floor":19,"gold_loss":75},{"damage_healed":0,"gold_gain":0,"player_choice":"Obtained Relic","damage_taken":0,"relics_obtained":["Toxic Egg 2"],"max_hp_gain":0,"max_hp_loss":0,"event_name":"Addict","floor":20,"gold_loss":85},{"damage_healed":0,"gold_gain":0,"player_choice":"Simplicity","damage_taken":0,"max_hp_gain":0,"max_hp_loss":0,"event_name":"Back to Basics","floor":22,"gold_loss":0,"cards_upgraded":["Defend_G","Defend_G","Defend_G","Defend_G","Defend_G","Strike_G","Strike_G","Strike_G","Strike_G"]}],"is_beta":false,"boss_relics":[{"not_picked":["Cursed Key","WristBlade"],"picked":"Coffee Dripper"}],"items_purged_floors":[],"is_endless":false,"potions_floor_spawned":[1,8,12,21],"killed_by":"Slavers","ascension_level":20}