{"gold_per_floor":[116,116,116,177,273,273,298,298,322,352,371,496,496,546,546,617,617,637,512,562,612,623,623,158,208,231,196,291,303,253,303,303,303],"floor_reached":33,"playtime":767,"items_purged":["Strike_G","Strike_G","Writhe"],"score":569,"play_id":"25ee01ae-cfbf-4064-8540-f9b6aa81e331","local_time":"20190610174239","is_ascension_mode":true,"campfire_choices":[{"data":"1","floor":6.0,"key":"LIFT"},{"data":"2","floor":8.0,"key":"LIFT"},{"floor":13.0,"key":"REST"},{"floor":15.0,"key":"REST"},{"data":"Noxious Fumes","floor":23.0,"key":"SMITH"},{"floor":32.0,"key":"REST"}],"neow_cost":"NONE","seed_source_timestamp":84254796417600,"circlet_count":0,"master_deck":["AscendersBane","Defend_G","Defend_G","Defend_G+1","Defend_G+1","Defend_G","Strike_G","Strike_G","Strike_G","Survivor","Neutralize","Deadly Poison","Catalyst","Quick Slash","Cloak And Dagger","Endless Agony","Die Die Die","Noxious Fumes+1","Backflip","RitualDagger","Reflex","Glass Knife","Adrenaline+1"],"special_seed":0,"relics":["Ring of the Snake","NeowsBlessing","Girya","SsserpentHead","Juzu Bracelet","Centennial Puzzle","Pen Nib","Happy Flower","HoveringKite","Regal Pillow","ClockworkSouvenir","Smiling Mask","PreservedInsect","Bag of Preparation"],"potions_floor_usage":[33],"damage_taken":[{"damage":0.0,"enemies":"Cultist","floor":1.0,"turns":1.0},{"damage":0.0,"enemies":"Small Slimes","floor":4.0,"turns":1.0},{"damage":0.0,"enemies":"Gremlin Nob","floor":7.0,"turns":1.0},{"damage":35.0,"enemies":"3 Sentries","floor":10.0,"turns":8.0},{"damage":4.0,"enemies":"Jaw Worm","floor":11.0,"turns":3.0},{"damage":27.0,"enemies":"Hexaghost","floor":16.0,"turns":9.0},{"damage":4.0,"enemies":"Chosen","floor":18.0,"turns":3.0},{"damage":4.0,"enemies":"2 Thieves","floor":22.0,"turns":3.0},{"damage":5.0,"enemies":"3 Cultists","floor":29.0,"turns":4.0},{"damage":76,"enemies":"Champ","floor":33,"turns":11}],"seed_played":"-3866844153369955736","potions_obtained":[{"floor":4.0,"key":"Ancient Potion"},{"floor":7.0,"key":"Regen Potion"},{"floor":10.0,"key":"Explosive Potion"},{"floor":16.0,"key":"Explosive Potion"},{"floor":22.0,"key":"SpeedPotion"}],"is_trial":false,"path_per_floor":["M","?","?","M","T","R","E","R","T","E","M","?","R","?","R","B",null,"M","$","?","?","M","R","$","?","T","?","T","M","$","?","R","B"],"character_chosen":"THE_SILENT","items_purchased":["Backflip","Reflex","ClockworkSouvenir","Glass Knife"],"campfire_rested":3,"item_purchase_floors":[19,24,24,24],"current_hp_per_floor":[59,48,48,48,48,48,48,48,48,28,24,13,32,12,31,4,51,47,47,47,41,37,37,37,37,37,37,37,32,32,32,66,0],"gold":303,"neow_bonus":"THREE_ENEMY_KILL","is_prod":false,"is_daily":false,"chose_seed":false,"campfire_upgraded":1,"win_rate":0,"timestamp":1560184959,"path_taken":["M","?","?","?","?","R","E","R","T","E","M","?","R","?","R","BOSS","M","$","?","?","M","R","?","?","T","?","?","M","$","?","R","BOSS"],"build_version":"2019-01-23","purchased_purges":3,"victory":false,"max_hp_per_floor":[66,66,66,66,66,66,66,66,66,66,66,66,66,66,66,66,66,66,66,66,66,66,66,66,66,66,66,66,66,66,66,66,66],"card_choices":[{"not_picked":["Prepared","Dagger Spray"],"picked":"Deadly Poison","floor":1.0},{"not_picked":["All Out Attack","Bane"],"picked":"Catalyst","floor":4.0},{"not_picked":["Flechettes","Flying Knee"],"picked":"Quick Slash","floor":7.0},{"not_picked":["Backflip","Escape Plan"],"picked":"Cloak And Dagger","floor":10.0},{"not_picked":["Outmaneuver","Flying Knee"],"picked":"Endless Agony","floor":11.0},{"not_picked":["Venomology","Envenom"],"picked":"Die Die Die","floor":16.0},{"not_picked":["Quick Slash","Bane"],"picked":"Noxious Fumes","floor":18.0},{"not_picked":["Dagger Spray","Sucker Punch","Deflect"],"picked":"SKIP","floor":22.0},{"not_picked":["Distraction","Dash"],"picked":"Adrenaline","floor":29.0}],"player_experience":1442612,"relics_obtained":[{"floor":5.0,"key":"Juzu Bracelet"},{"floor":7.0,"key":"Centennial Puzzle"},{"floor":9.0,"key":"Pen Nib"},{"floor":10.0,"key":"Happy Flower"},{"floor":26.0,"key":"Smiling Mask"},{"floor":28.0,"key":"Bag of Preparation"}],"event_choices":[{"damage_healed":0.0,"max_hp_gain":0.0,"max_hp_loss":0.0,"gold_gain":0.0,"event_name":"Scrap Ooze","player_choice":"Success","floor":2.0,"gold_loss":0.0,"damage_taken":11.0,"relics_obtained":["Girya"]},{"damage_healed":0.0,"max_hp_gain":0.0,"max_hp_loss":0.0,"gold_gain":0.0,"event_name":"FaceTrader","player_choice":"Trade","floor":3.0,"gold_loss":0.0,"damage_taken":0.0,"relics_obtained":["SsserpentHead"]},{"damage_healed":0.0,"max_hp_gain":0.0,"max_hp_loss":0.0,"gold_gain":75.0,"event_name":"World of Goop","player_choice":"Gather Gold","floor":12.0,"gold_loss":0.0,"damage_taken":11.0},{"damage_healed":0.0,"max_hp_gain":0.0,"max_hp_loss":0.0,"gold_gain":0.0,"event_name":"Shining Light","player_choice":"Entered Light","floor":14.0,"gold_loss":0.0,"damage_taken":20.0,"cards_upgraded":["Defend_G","Defend_G"]},{"damage_healed":0.0,"max_hp_gain":0.0,"max_hp_loss":0.0,"gold_gain":0.0,"event_name":"The Mausoleum","player_choice":"Opened","floor":20.0,"gold_loss":0.0,"damage_taken":0.0,"relics_obtained":["Regal Pillow"],"cards_obtained":["Writhe"]},{"damage_healed":0.0,"max_hp_gain":0.0,"max_hp_loss":0.0,"gold_gain":0.0,"event_name":"Nest","player_choice":"Joined the Cult","floor":21.0,"gold_loss":0.0,"damage_taken":6.0,"cards_obtained":["RitualDagger"]},{"damage_healed":0.0,"max_hp_gain":0.0,"max_hp_loss":0.0,"gold_gain":0.0,"event_name":"Vampires","player_choice":"Ignored","floor":25.0,"gold_loss":0.0,"damage_taken":0.0},{"damage_healed":0.0,"max_hp_gain":0.0,"max_hp_loss":0.0,"gold_gain":0.0,"event_name":"Addict","player_choice":"Obtained Relic","floor":27.0,"gold_loss":85.0,"damage_taken":0.0,"relics_obtained":["PreservedInsect"]},{"damage_healed":0.0,"max_hp_gain":0.0,"max_hp_loss":0.0,"gold_gain":0.0,"event_name":"Upgrade Shrine","player_choice":"Upgraded","floor":31.0,"gold_loss":0.0,"damage_taken":0.0,"cards_upgraded":["Adrenaline"]}],"is_beta":false,"boss_relics":[{"not_picked":["Black Star","Ectoplasm"],"picked":"HoveringKite"}],"items_purged_floors":[19,24,30],"is_endless":false,"potions_floor_spawned":[4,7,10,16,22],"killed_by":"Champ","ascension_level":20}