{"gold_per_floor":[119,119,138,90,101,132,149,149,149,161,161,35,35,49,49,49],"floor_reached":16,"playtime":455,"items_purged":[],"score":148,"play_id":"4df67e7e-dd96-471b-bbe3-155f531fb17d","local_time":"20190710191003","is_ascension_mode":true,"campfire_choices":[{"data":"Armaments","floor":8,"key":"SMITH"},{"data":"Flame Barrier","floor":13,"key":"SMITH"},{"data":"Anger","floor":15,"key":"SMITH"}],"neow_cost":"NONE","seed_source_timestamp":15738638576567,"circlet_count":0,"master_deck":["Strike_R","Strike_R","Strike_R","Strike_R","Defend_R","Defend_R","Defend_R","Defend_R","Bash","Reaper","Whirlwind","Clash","Fire Breathing+1","Armaments+1","Flame Barrier+1","Anger+1"],"relics":["Burning Blood","NeowsBlessing","Dream Catcher","Blue Candle"],"potions_floor_usage":[6,10,16,16],"damage_taken":[{"damage":0,"enemies":"Jaw Worm","floor":1,"turns":1},{"damage":0,"enemies":"Cultist","floor":3,"turns":1},{"damage":0,"enemies":"Small Slimes","floor":5,"turns":1},{"damage":40,"enemies":"3 Sentries","floor":6,"turns":8},{"damage":26,"enemies":"Exordium Thugs","floor":7,"turns":7},{"damage":30,"enemies":"Gremlin Gang","floor":10,"turns":5},{"damage":0,"enemies":"Blue Slaver","floor":14,"turns":3},{"damage":53,"enemies":"Slime Boss","floor":16,"turns":10}],"seed_played":"7355419849939444402","potions_obtained":[{"floor":3,"key":"SkillPotion"},{"floor":6,"key":"GamblersBrew"},{"floor":7,"key":"FearPotion"}],"is_trial":false,"path_per_floor":["M","?","M","$","M","E","M","R","T","M","?","$","R","M","R","B"],"character_chosen":"IRONCLAD","items_purchased":["Clash","Block Potion","LiquidBronze"],"campfire_rested":0,"item_purchase_floors":[4,12,12],"current_hp_per_floor":[78,78,80,80,80,56,40,40,40,36,36,36,36,42,42,0],"gold":49,"neow_bonus":"THREE_ENEMY_KILL","is_prod":false,"is_daily":false,"chose_seed":false,"campfire_upgraded":3,"win_rate":0,"timestamp":1562757003,"path_taken":["M","?","?","$","M","E","M","R","T","M","?","?","R","M","R","BOSS"],"build_version":"2019-07-05","purchased_purges":0,"victory":false,"max_hp_per_floor":[80,80,80,80,80,80,80,80,80,80,80,80,80,80,80,80],"card_choices":[{"not_picked":["Clash","Second Wind","Clothesline"],"picked":"SKIP","floor":1},{"not_picked":["Twin Strike","Shrug It Off"],"picked":"Whirlwind","floor":3},{"not_picked":["Hemokinesis","Rupture"],"picked":"Fire Breathing","floor":5},{"not_picked":["Sword Boomerang","Berserk"],"picked":"Armaments","floor":6},{"not_picked":["Twin Strike","Perfected Strike"],"picked":"Flame Barrier","floor":7},{"not_picked":["Entrench","Sword Boomerang"],"picked":"Anger","floor":10},{"not_picked":["Clothesline","Havoc","Second Wind"],"picked":"SKIP","floor":14}],"player_experience":1034672,"relics_obtained":[{"floor":6,"key":"Dream Catcher"},{"floor":9,"key":"Blue Candle"}],"event_choices":[{"damage_healed":0,"gold_gain":0,"cards_transformed":["Strike_R"],"player_choice":"Transformed","damage_taken":0,"max_hp_gain":0,"max_hp_loss":0,"event_name":"Transmorgrifier","floor":2,"gold_loss":0,"cards_obtained":["Reaper"]},{"damage_healed":0,"gold_gain":0,"player_choice":"Grow","damage_taken":0,"max_hp_gain":0,"max_hp_loss":0,"event_name":"Living Wall","floor":11,"gold_loss":0,"cards_upgraded":["Fire Breathing"]}],"is_beta":false,"boss_relics":[],"items_purged_floors":[],"is_endless":false,"potions_floor_spawned":[3,6,7],"killed_by":"Slime Boss","ascension_level":9}