{"gold_per_floor":[114,124,199,199,122,157,157,191,214,231,231,259,225,241,241,345,345,345],"floor_reached":18,"playtime":623,"items_purged":[],"score":231,"play_id":"24652ed1-f526-4301-aa96-4639f76adb97","local_time":"20180811115901","is_ascension_mode":true,"campfire_choices":[{"data":"Crippling Poison","floor":7,"key":"SMITH"},{"floor":11,"key":"REST"},{"data":"Caltrops","floor":15,"key":"SMITH"}],"neow_cost":"NONE","seed_source_timestamp":2992571548817218,"circlet_count":0,"master_deck":["Defend_G","Defend_G","Defend_G","Defend_G","Defend_G","Strike_G","Strike_G","Strike_G+1","Strike_G+1","Strike_G","Survivor","Neutralize+1","Crippling Poison+1","Dagger Throw","Dash","Dodge and Roll","Quick Slash","Crippling Poison","Caltrops+1","Blade Dance","Riddle With Holes","Heel Hook","Malaise"],"relics":["Ring of the Snake","Dream Catcher","Whetstone","Happy Flower","Art of War","Ectoplasm"],"potions_floor_usage":[6,8,16],"damage_taken":[{"damage":4,"enemies":"Small Slimes","floor":1,"turns":4},{"damage":0,"enemies":"2 Louse","floor":2,"turns":3},{"damage":16,"enemies":"Gremlin Nob","floor":6,"turns":5},{"damage":11,"enemies":"Lagavulin","floor":8,"turns":6},{"damage":0,"enemies":"Cultist","floor":10,"turns":3},{"damage":14,"enemies":"3 Sentries","floor":12,"turns":9},{"damage":0,"enemies":"Blue Slaver","floor":14,"turns":4},{"damage":24,"enemies":"The Guardian","floor":16,"turns":13},{"damage":54,"enemies":"Spheric Guardian","floor":18,"turns":7}],"seed_played":"2722836463957660710","potions_obtained":[{"floor":1,"key":"Weak Potion"},{"floor":2,"key":"Strength Potion"},{"floor":12,"key":"AttackPotion"},{"floor":14,"key":"EssenceOfSteel"},{"floor":16,"key":"Dexterity Potion"}],"is_trial":false,"path_per_floor":["M","M","?","?","$","E","R","E","T","M","R","E","$","M","R","B",null],"character_chosen":"THE_SILENT","items_purchased":["Dash","Riddle With Holes"],"campfire_rested":1,"item_purchase_floors":[5,13],"current_hp_per_floor":[59,59,48,48,48,32,32,21,21,21,42,28,28,28,28,4,54,0],"gold":345,"neow_bonus":"UPGRADE_CARD","is_prod":false,"is_daily":false,"chose_seed":false,"campfire_upgraded":2,"win_rate":0,"timestamp":1534003141,"path_taken":["M","M","?","?","$","E","R","E","T","M","R","E","$","M","R","BOSS","M"],"build_version":"2018-08-09","purchased_purges":0,"victory":false,"max_hp_per_floor":[70,70,70,70,70,70,70,70,70,70,70,70,70,70,70,70,70,70],"card_choices":[{"not_picked":["Blade Dance","Well Laid Plans"],"picked":"Crippling Poison","floor":1},{"not_picked":["Acrobatics","Prepared"],"picked":"Dagger Throw","floor":2},{"not_picked":["Concentrate","Sucker Punch"],"picked":"Dodge and Roll","floor":6},{"not_picked":["Prepared","A Thousand Cuts"],"picked":"Quick Slash","floor":8},{"not_picked":["Poisoned Stab","Choke"],"picked":"Crippling Poison","floor":10},{"not_picked":["Sucker Punch","Reflex"],"picked":"Caltrops","floor":11},{"not_picked":["Skewer","Tactician"],"picked":"Blade Dance","floor":12},{"not_picked":["Dagger Throw","Endless Agony"],"picked":"Heel Hook","floor":14},{"not_picked":["Unload","Envenom"],"picked":"Malaise","floor":16}],"player_experience":248386,"relics_obtained":[{"floor":6,"key":"Dream Catcher"},{"floor":8,"key":"Whetstone"},{"floor":9,"key":"Happy Flower"},{"floor":12,"key":"Art of War"}],"event_choices":[{"event_name":"World of Goop","player_choice":"Gather Gold","floor":3,"damage_taken":0},{"event_name":"Liars Game","player_choice":"disagreed","floor":4,"damage_taken":0}],"is_beta":false,"boss_relics":[{"not_picked":["Orrery","Ring of the Serpent"],"picked":"Ectoplasm"}],"items_purged_floors":[],"is_endless":false,"potions_floor_spawned":[1,2,12,14,16],"killed_by":"Spheric Guardian","ascension_level":6}