{"gold_per_floor":[112,132,132,145,162,191,191,203,228,248,248,248,274,290,290,290],"floor_reached":16,"playtime":1703,"items_purged":[],"score":114,"play_id":"1dd6b3ea-e929-4f08-96ac-b4934db9e288","local_time":"20190710124026","is_ascension_mode":false,"campfire_choices":[{"floor":7.0,"key":"REST"},{"data":"Crippling Poison","floor":12,"key":"SMITH"},{"floor":15,"key":"REST"}],"neow_cost":"NONE","seed_source_timestamp":0,"circlet_count":0,"master_deck":["Strike_G","Strike_G","Strike_G","Strike_G","Defend_G","Defend_G","Defend_G","Defend_G","Survivor","Neutralize","Crippling Poison+1","Backflip","Flechettes","Backstab","Acrobatics","Reflex","PiercingWail"],"special_seed":0,"relics":["Ring of the Snake","Ornamental Fan","Regal Pillow","Blood Vial"],"potions_floor_usage":[13,16,16],"damage_taken":[{"damage":0.0,"enemies":"Jaw Worm","floor":1.0,"turns":4.0},{"damage":0.0,"enemies":"Small Slimes","floor":2.0,"turns":3.0},{"damage":0.0,"enemies":"Cultist","floor":4.0,"turns":4.0},{"damage":2.0,"enemies":"Looter","floor":5.0,"turns":5.0},{"damage":50.0,"enemies":"3 Sentries","floor":6.0,"turns":16.0},{"damage":0,"enemies":"Large Slime","floor":8,"turns":5},{"damage":0,"enemies":"Exordium Wildlife","floor":10,"turns":3},{"damage":27,"enemies":"Gremlin Nob","floor":13,"turns":5},{"damage":2,"enemies":"Looter","floor":14,"turns":3},{"damage":73,"enemies":"The Guardian","floor":16,"turns":12}],"seed_played":"6029889293339788349","potions_obtained":[{"floor":1.0,"key":"Swift Potion"},{"floor":4.0,"key":"Energy Potion"},{"floor":5.0,"key":"Ancient Potion"}],"is_trial":false,"path_per_floor":["M","M","?","M","M","E","R","M","T","M","?","R","E","M","R","B"],"character_chosen":"THE_SILENT","items_purchased":[],"campfire_rested":2,"item_purchase_floors":[],"current_hp_per_floor":[70,70,70,70,68,18,39,39,39,39,39,39,12,12,48,0],"gold":290,"neow_bonus":"REMOVE_CARD","is_prod":false,"is_daily":false,"chose_seed":false,"campfire_upgraded":1,"win_rate":0.0,"timestamp":1562730026,"path_taken":["M","M","?","M","M","E","R","M","T","M","?","R","E","M","R","BOSS"],"build_version":"2019-07-05","purchased_purges":0,"victory":false,"max_hp_per_floor":[70,70,70,70,70,70,70,70,70,70,70,70,70,70,70,70],"card_choices":[{"not_picked":["Heel Hook","Skewer"],"picked":"Crippling Poison","floor":1.0},{"not_picked":["Footwork","Blur"],"picked":"Backflip","floor":2.0},{"not_picked":["Eviscerate","Slice","All Out Attack"],"picked":"SKIP","floor":4.0},{"not_picked":["Sucker Punch","Dagger Spray"],"picked":"Flechettes","floor":5.0},{"not_picked":["Riddle With Holes","Deflect"],"picked":"Backstab","floor":6.0},{"not_picked":["Quick Slash","Dodge and Roll"],"picked":"Acrobatics","floor":8},{"not_picked":["Dagger Throw","Infinite Blades"],"picked":"Reflex","floor":10},{"not_picked":["Predator","Slice","Flechettes"],"picked":"SKIP","floor":13},{"not_picked":["Dagger Spray","Deflect"],"picked":"PiercingWail","floor":14}],"player_experience":20626,"relics_obtained":[{"floor":6.0,"key":"Ornamental Fan"},{"floor":9,"key":"Regal Pillow"},{"floor":13,"key":"Blood Vial"}],"event_choices":[{"damage_healed":0.0,"max_hp_gain":0.0,"max_hp_loss":0.0,"gold_gain":0.0,"event_name":"Liars Game","player_choice":"Ignored","floor":3.0,"gold_loss":0.0,"damage_taken":0.0},{"cards_removed":["Strike_G"],"damage_healed":0,"gold_gain":0,"player_choice":"Forget","damage_taken":0,"max_hp_gain":0,"max_hp_loss":0,"event_name":"Living Wall","floor":11,"gold_loss":0}],"is_beta":false,"boss_relics":[],"items_purged_floors":[],"is_endless":false,"potions_floor_spawned":[1,4,5,6,8],"killed_by":"The Guardian","ascension_level":0}