{"gold_per_floor":[15,34,34,49,49,82,82,111,111,111,111,131,131,41,41,136,136,155,125,125,149,15,15,25,25,25,25,45,45,61,39,39,135,135,149,166,177,177,196,196,222,222,222,222,222,222,232,0,0,0],"floor_reached":51,"playtime":2290,"items_purged":[],"score":1106,"play_id":"7a0708f9-c046-4aa6-a96c-a4e4e6601435","local_time":"20180908184132","is_ascension_mode":true,"campfire_choices":[{"data":"Neutralize","floor":10.0,"key":"SMITH"},{"data":"Footwork","floor":11.0,"key":"SMITH"},{"data":"Cloak And Dagger","floor":13.0,"key":"SMITH"},{"floor":15.0,"key":"REST"},{"data":"After Image","floor":23,"key":"SMITH"},{"data":"Cloak And Dagger","floor":25,"key":"SMITH"},{"data":"Infinite Blades","floor":27,"key":"SMITH"},{"data":"Dodge and Roll","floor":32,"key":"SMITH"},{"floor":40,"key":"DIG"},{"floor":42,"key":"DIG"},{"floor":45,"key":"DIG"},{"floor":49,"key":"REST"}],"neow_cost":"NO_GOLD","seed_source_timestamp":163681038697142,"circlet_count":0,"master_deck":["Defend_G+1","Defend_G+1","Defend_G+1","Strike_G+1","Strike_G+1","Strike_G+1","Survivor","Neutralize+1","AscendersBane","Flying Knee","Predator+1","Footwork+1","Blade Dance","Cloak And Dagger+1","Infinite Blades+1","Cloak And Dagger+1","After Image+1","Terror","Dodge and Roll+1","Adrenaline","Blade Dance+1","Bane+1","Terror+1","Finisher+1","Backflip+1","Leg Sweep","Deadly Poison","Dodge and Roll+1"],"special_seed":0,"relics":["Ring of the Snake","Ice Cream","Thread and Needle","Vajra","WingedGreaves","Bottled Lightning","Busted Crown","MawBank","Oddly Smooth Stone","Bottled Flame","Astrolabe","Shovel","Incense Burner","Whetstone","Happy Flower","Mercury Hourglass","Toxic Egg 2","Red Mask"],"potions_floor_usage":[28,33,33,50,50],"damage_taken":[{"damage":0.0,"enemies":"Cultist","floor":1.0,"turns":6.0},{"damage":4.0,"enemies":"Small Slimes","floor":2.0,"turns":5.0},{"damage":0.0,"enemies":"Jaw Worm","floor":4.0,"turns":4.0},{"damage":0.0,"enemies":"Exordium Thugs","floor":5.0,"turns":3.0},{"damage":24.0,"enemies":"Lagavulin","floor":6.0,"turns":8.0},{"damage":13.0,"enemies":"3 Sentries","floor":8.0,"turns":11.0},{"damage":6.0,"enemies":"Gremlin Gang","floor":12.0,"turns":5.0},{"damage":18.0,"enemies":"Slime Boss","floor":16.0,"turns":10.0},{"damage":1.0,"enemies":"Shell Parasite","floor":18.0,"turns":7.0},{"damage":4.0,"enemies":"Spheric Guardian","floor":21.0,"turns":6.0},{"damage":0,"enemies":"Cultist and Chosen","floor":24,"turns":8},{"damage":0,"enemies":"Snake Plant","floor":28,"turns":7},{"damage":0,"enemies":"3 Cultists","floor":30,"turns":6},{"damage":55,"enemies":"Champ","floor":33,"turns":13},{"damage":0,"enemies":"3 Shapes","floor":35,"turns":5},{"damage":0,"enemies":"Orb Walker","floor":36,"turns":2},{"damage":2,"enemies":"Spire Growth","floor":37,"turns":5},{"damage":0,"enemies":"Mind Bloom Boss Battle","floor":38,"turns":7},{"damage":2,"enemies":"4 Shapes","floor":39,"turns":7},{"damage":0,"enemies":"Nemesis","floor":41,"turns":9},{"damage":0,"enemies":"Transient","floor":47,"turns":5},{"damage":36,"enemies":"Awakened One","floor":50,"turns":16}],"seed_played":"5806149348754154080","potions_obtained":[{"floor":2.0,"key":"LiquidBronze"},{"floor":4.0,"key":"SmokeBomb"},{"floor":19.0,"key":"GhostInAJar"},{"floor":19.0,"key":"Fruit Juice"},{"floor":24,"key":"Weak Potion"},{"floor":28,"key":"LiquidBronze"},{"floor":33,"key":"GhostInAJar"},{"floor":38,"key":"Block Potion"}],"is_trial":false,"path_per_floor":["M","M","?","M","M","E","?","E","T","R","R","M","R","$","R","B",null,"M","?","T","M","$","R","M","R","T","R","M","?","M","$","R","B",null,"M","M","M","?","M","R","E","R","T","?","R","$","M","?","R","B"],"character_chosen":"THE_SILENT","items_purchased":["Infinite Blades","Cloak And Dagger","Oddly Smooth Stone","Dodge and Roll"],"campfire_rested":2,"item_purchase_floors":[14,14,22,31],"current_hp_per_floor":[63,59,64,64,64,40,33,20,20,20,20,14,14,14,36,18,61,60,65,65,61,61,61,61,61,61,61,61,61,61,61,61,6,62,62,62,60,60,58,58,58,58,58,58,58,58,58,58,80,44],"gold":0,"neow_bonus":"ONE_RARE_RELIC","is_prod":false,"is_daily":false,"chose_seed":false,"campfire_upgraded":7,"win_rate":0,"timestamp":1536446492,"path_taken":["M","?","?","M","?","E","?","E","T","R","R","M","R","$","R","BOSS","M","?","?","M","$","R","M","R","T","R","M","?","M","?","R","BOSS","M","M","M","?","M","R","E","R","T","?","R","$","M","?","R","BOSS"],"build_version":"2018-09-06","purchased_purges":0,"victory":true,"max_hp_per_floor":[70,70,75,75,75,75,75,75,75,75,75,75,75,75,75,75,75,75,80,80,80,80,80,80,80,80,80,80,80,80,80,80,80,80,80,80,80,80,80,80,80,80,80,80,80,80,80,80,80,80],"card_choices":[{"not_picked":["Underhanded Strike","Well Laid Plans"],"picked":"Flying Knee","floor":1.0},{"not_picked":["PiercingWail","Sucker Punch"],"picked":"Predator","floor":2.0},{"not_picked":["Endless Agony","Distraction"],"picked":"Footwork","floor":4.0},{"not_picked":["Slice","Bane","Endless Agony"],"picked":"SKIP","floor":6.0},{"not_picked":["Setup","Acrobatics"],"picked":"Blade Dance","floor":8.0},{"not_picked":["Dagger Throw","Flying Knee"],"picked":"Cloak And Dagger","floor":12.0},{"not_picked":["Wraith Form v2","Tools of the Trade"],"picked":"After Image","floor":16.0},{"not_picked":["Poisoned Stab"],"picked":"SKIP","floor":18.0},{"not_picked":["Setup"],"picked":"SKIP","floor":21.0},{"not_picked":["Dagger Spray"],"picked":"SKIP","floor":24},{"not_picked":[],"picked":"Terror","floor":28},{"not_picked":["Underhanded Strike"],"picked":"SKIP","floor":30},{"not_picked":[],"picked":"Adrenaline","floor":33},{"not_picked":[],"picked":"Finisher","floor":35},{"not_picked":[],"picked":"Backflip+1","floor":36},{"not_picked":[],"picked":"Leg Sweep","floor":37},{"not_picked":[],"picked":"Deadly Poison","floor":39},{"not_picked":["Concentrate+1"],"picked":"SKIP","floor":41},{"not_picked":[],"picked":"Dodge and Roll+1","floor":47}],"player_experience":334589,"relics_obtained":[{"floor":6.0,"key":"Thread and Needle"},{"floor":8.0,"key":"WingedGreaves"},{"floor":9.0,"key":"Bottled Lightning"},{"floor":20.0,"key":"MawBank"},{"floor":26,"key":"Bottled Flame"},{"floor":38,"key":"Shovel"},{"floor":40,"key":"Incense Burner"},{"floor":41,"key":"Whetstone"},{"floor":42,"key":"Happy Flower"},{"floor":43,"key":"Mercury Hourglass"},{"floor":45,"key":"Toxic Egg 2"}],"event_choices":[{"event_name":"Big Fish","player_choice":"Donut","floor":3.0,"damage_taken":0.0},{"event_name":"Scrap Ooze","player_choice":"success","floor":7.0,"damage_taken":7.0},{"event_name":"The Woman in Blue","player_choice":"Bought 2 Potions","floor":19.0,"damage_taken":0.0},{"event_name":"Back to Basics","player_choice":"Simplicity","floor":29,"damage_taken":0},{"event_name":"MindBloom","player_choice":"Fight","floor":38,"damage_taken":0},{"event_name":"Falling","player_choice":"Removed Attack","floor":44,"damage_taken":0},{"event_name":"Tomb of Lord Red Mask","player_choice":"Paid","floor":48,"damage_taken":0}],"is_beta":false,"boss_relics":[{"not_picked":["Pandora\u0027s Box","Runic Pyramid"],"picked":"Busted Crown"},{"not_picked":["Calling Bell","Coffee Dripper"],"picked":"Astrolabe"}],"items_purged_floors":[],"is_endless":false,"potions_floor_spawned":[2,4,5,24,28,33,38,39,47],"ascension_level":12}