{"gold_per_floor":[364,72,91,105,105,105,24,57,57,69,86,150,150,168,168,247,247,247,0,0,0,0,0,0,0,0,0,0,0,0,0,0,0],"floor_reached":33,"playtime":1180,"items_purged":["Strike_G"],"score":628,"play_id":"da2494d9-cf27-4c09-9d09-12211096608b","local_time":"20190414200838","is_ascension_mode":true,"campfire_choices":[{"data":"Neutralize","floor":6.0,"key":"SMITH"},{"floor":13.0,"key":"REST"},{"data":"Noxious Fumes","floor":15.0,"key":"SMITH"},{"floor":25.0,"key":"REST"},{"data":"Sucker Punch","floor":28.0,"key":"SMITH"},{"floor":32,"key":"REST"}],"neow_cost":"TEN_PERCENT_HP_LOSS","seed_source_timestamp":0,"circlet_count":0,"master_deck":["AscendersBane","Defend_G","Defend_G","Defend_G","Defend_G","Defend_G","Strike_G","Strike_G","Strike_G","Strike_G","Survivor","Neutralize+1","Noxious Fumes+1","Poisoned Stab","Noxious Fumes+1","Cloak And Dagger","Glass Knife","Dodge and Roll","Cloak And Dagger","Sucker Punch+1","PiercingWail","Dagger Spray","Riddle With Holes","Sucker Punch","Predator","Footwork","Flying Knee","Caltrops"],"special_seed":0,"relics":["Ring of the Snake","ClockworkSouvenir","Dream Catcher","Ninja Scroll","Gremlin Horn","Ectoplasm","Bag of Marbles","Strawberry","Pantograph","PreservedInsect"],"potions_floor_usage":[29,29,31,33],"damage_taken":[{"damage":4.0,"enemies":"Cultist","floor":1.0,"turns":4.0},{"damage":1.0,"enemies":"2 Louse","floor":3.0,"turns":3.0},{"damage":9.0,"enemies":"Jaw Worm","floor":4.0,"turns":4.0},{"damage":22.0,"enemies":"3 Sentries","floor":8.0,"turns":7.0},{"damage":2.0,"enemies":"2 Fungi Beasts","floor":10.0,"turns":4.0},{"damage":10.0,"enemies":"Exordium Thugs","floor":11.0,"turns":5.0},{"damage":5.0,"enemies":"3 Sentries","floor":12.0,"turns":5.0},{"damage":3.0,"enemies":"Red Slaver","floor":14.0,"turns":4.0},{"damage":1.0,"enemies":"Hexaghost","floor":16.0,"turns":9.0},{"damage":18.0,"enemies":"Shell Parasite","floor":18.0,"turns":8.0},{"damage":0.0,"enemies":"Chosen","floor":20.0,"turns":4.0},{"damage":6.0,"enemies":"Centurion and Healer","floor":22.0,"turns":6.0},{"damage":0.0,"enemies":"Gremlin Leader","floor":23.0,"turns":4.0},{"damage":3.0,"enemies":"Chosen and Byrds","floor":27.0,"turns":5.0},{"damage":18,"enemies":"Book of Stabbing","floor":29,"turns":5},{"damage":9,"enemies":"Shelled Parasite and Fungi","floor":30,"turns":6},{"damage":22,"enemies":"Snake Plant","floor":31,"turns":6},{"damage":66,"enemies":"Champ","floor":33,"turns":11}],"seed_played":"-6699737192330314502","potions_obtained":[{"floor":3.0,"key":"SpeedPotion"},{"floor":10.0,"key":"Swift Potion"},{"floor":12.0,"key":"FearPotion"},{"floor":16.0,"key":"SteroidPotion"},{"floor":23.0,"key":"Dexterity Potion"},{"floor":27.0,"key":"AttackPotion"},{"floor":29,"key":"GamblersBrew"},{"floor":30,"key":"GhostInAJar"}],"is_trial":false,"path_per_floor":["M","$","M","M","?","R","$","E","T","M","M","?","R","M","R","B",null,"M","$","M","?","M","E","?","R","T","M","R","E","M","M","R","B"],"character_chosen":"THE_SILENT","items_purchased":["ClockworkSouvenir","Noxious Fumes","Noxious Fumes","Bag of Marbles"],"campfire_rested":3,"item_purchase_floors":[2,2,7,19],"current_hp_per_floor":[55,55,54,45,45,45,45,23,23,21,11,6,24,21,21,20,50,32,32,32,32,26,33,33,53,53,50,50,32,23,1,21,0],"gold":0,"neow_bonus":"TWO_FIFTY_GOLD","is_prod":false,"is_daily":false,"chose_seed":false,"campfire_upgraded":3,"win_rate":0,"timestamp":1555286918,"path_taken":["M","$","?","M","?","R","?","E","T","M","M","?","R","M","R","BOSS","M","$","M","?","M","E","?","R","T","M","R","E","?","M","R","BOSS"],"build_version":"2019-01-23","purchased_purges":1,"victory":false,"max_hp_per_floor":[60,60,60,60,60,60,60,60,60,60,60,60,60,60,60,60,60,60,60,60,60,60,67,67,67,67,67,67,67,67,67,67,67],"card_choices":[{"not_picked":["Prepared","Acrobatics","Slice"],"picked":"SKIP","floor":1.0},{"not_picked":["PiercingWail","Deflect","Slice"],"picked":"SKIP","floor":3.0},{"not_picked":["Tactician","Outmaneuver"],"picked":"Poisoned Stab","floor":4.0},{"not_picked":["Doppelganger","Deadly Poison"],"picked":"Cloak And Dagger","floor":8.0},{"not_picked":["Poisoned Stab","Deadly Poison"],"picked":"Glass Knife","floor":10.0},{"not_picked":["Outmaneuver","Backflip"],"picked":"Dodge and Roll","floor":11.0},{"not_picked":["Terror","Backflip"],"picked":"Cloak And Dagger","floor":12.0},{"not_picked":["Slice","Skewer"],"picked":"Sucker Punch","floor":13.0},{"not_picked":["Setup","All Out Attack","Blade Dance"],"picked":"SKIP","floor":14.0},{"not_picked":["Cloak And Dagger","Crippling Poison"],"picked":"PiercingWail","floor":18.0},{"not_picked":["Eviscerate+1","Reflex","Underhanded Strike"],"picked":"SKIP","floor":20.0},{"not_picked":["Slice","Setup"],"picked":"Dagger Spray","floor":22.0},{"not_picked":["PiercingWail","Deflect"],"picked":"Riddle With Holes","floor":23.0},{"not_picked":["Bane","Reflex"],"picked":"Sucker Punch","floor":25.0},{"not_picked":["Cloak And Dagger","Bane+1","Prepared"],"picked":"SKIP","floor":27.0},{"not_picked":["Unload","Cloak And Dagger"],"picked":"Predator","floor":29},{"not_picked":["Poisoned Stab","Deadly Poison"],"picked":"Footwork","floor":30},{"not_picked":["Slice+1","Dagger Throw"],"picked":"Flying Knee","floor":31},{"not_picked":["Prepared","Noxious Fumes"],"picked":"Caltrops","floor":32}],"player_experience":639502,"relics_obtained":[{"floor":8.0,"key":"Dream Catcher"},{"floor":9.0,"key":"Ninja Scroll"},{"floor":23.0,"key":"Strawberry"},{"floor":26.0,"key":"Pantograph"},{"floor":29,"key":"PreservedInsect"}],"event_choices":[{"damage_healed":0.0,"max_hp_gain":0.0,"max_hp_loss":0.0,"gold_gain":0.0,"event_name":"Upgrade Shrine","player_choice":"Upgraded","floor":5.0,"gold_loss":0.0,"damage_taken":0.0,"cards_upgraded":["Noxious Fumes"]},{"damage_healed":0.0,"max_hp_gain":0.0,"max_hp_loss":0.0,"gold_gain":0.0,"event_name":"Dead Adventurer","player_choice":"Searched \u00272\u0027 times","floor":12.0,"gold_loss":0.0,"damage_taken":0.0,"relics_obtained":["Gremlin Horn"]},{"damage_healed":0.0,"max_hp_gain":0.0,"max_hp_loss":0.0,"gold_gain":0.0,"event_name":"The Mausoleum","player_choice":"Ignored","floor":21.0,"gold_loss":0.0,"damage_taken":0.0}],"is_beta":false,"boss_relics":[{"not_picked":["Runic Pyramid","Philosopher\u0027s Stone"],"picked":"Ectoplasm"}],"items_purged_floors":[19],"is_endless":false,"potions_floor_spawned":[3,10,12,16,23,27,29,30],"killed_by":"Champ","ascension_level":20}