{"gold_per_floor":[117,133,133,151,151,151,181,200,252,317,335,335,367,384,384,484,484,498,498,40,65,82,82,101,130,154,154,165,197,197,197,197,197],"floor_reached":33,"playtime":1003,"items_purged":[],"score":528,"play_id":"e60c887e-6052-481f-8604-a41f992f817f","local_time":"20181230195728","is_ascension_mode":true,"campfire_choices":[{"data":"Pommel Strike","floor":6.0,"key":"SMITH"},{"data":"Spot Weakness","floor":15.0,"key":"SMITH"},{"data":"Double Tap","floor":23.0,"key":"SMITH"},{"data":"Flex","floor":27.0,"key":"SMITH"},{"data":"Heavy Blade","floor":32.0,"key":"SMITH"}],"neow_cost":"NONE","seed_source_timestamp":0,"circlet_count":0,"master_deck":["AscendersBane","Strike_R+1","Strike_R+1","Strike_R","Strike_R","Strike_R","Defend_R","Defend_R+1","Defend_R","Defend_R","Bash+1","Iron Wave","Pommel Strike+1","Heavy Blade+1","Whirlwind+1","Shrug It Off","Flame Barrier+1","Uppercut+1","Clothesline+1","Spot Weakness+1","Double Tap+1","Flex+1","Spot Weakness","Pommel Strike+1","Iron Wave+1","Dropkick+1"],"special_seed":0,"relics":["Burning Blood","Molten Egg 2","Vajra","Tiny Chest","Magic Flower","Sozu","Torii","Chemical X","Matryoshka","Boot","Whetstone","Bottled Lightning","Frozen Egg 2","War Paint","Toxic Egg 2"],"potions_floor_usage":[33,33],"damage_taken":[{"damage":7.0,"enemies":"2 Louse","floor":1.0,"turns":3.0},{"damage":0.0,"enemies":"Cultist","floor":2.0,"turns":3.0},{"damage":3.0,"enemies":"Jaw Worm","floor":4.0,"turns":3.0},{"damage":59.0,"enemies":"3 Sentries","floor":7.0,"turns":10.0},{"damage":12.0,"enemies":"Red Slaver","floor":8.0,"turns":4.0},{"damage":17.0,"enemies":"Lagavulin","floor":10.0,"turns":7.0},{"damage":21.0,"enemies":"Exordium Thugs","floor":11.0,"turns":4.0},{"damage":8.0,"enemies":"Gremlin Nob","floor":13.0,"turns":3.0},{"damage":0.0,"enemies":"Large Slime","floor":14.0,"turns":5.0},{"damage":67.0,"enemies":"The Guardian","floor":16.0,"turns":13.0},{"damage":2.0,"enemies":"Chosen","floor":18.0,"turns":4.0},{"damage":0.0,"enemies":"Spheric Guardian","floor":22.0,"turns":2.0},{"damage":0.0,"enemies":"3 Cultists","floor":24.0,"turns":2.0},{"damage":35.0,"enemies":"Book of Stabbing","floor":25.0,"turns":3.0},{"damage":13.0,"enemies":"Snecko","floor":28.0,"turns":4.0},{"damage":0.0,"enemies":"Gremlin Leader","floor":29.0,"turns":2.0},{"damage":79,"enemies":"Champ","floor":33,"turns":11}],"seed_played":"7577183275996401431","potions_obtained":[{"floor":1.0,"key":"Regen Potion"},{"floor":8.0,"key":"Weak Potion"},{"floor":11.0,"key":"SpeedPotion"},{"floor":16.0,"key":"LiquidBronze"}],"is_trial":false,"path_per_floor":["M","M","?","M","?","R","E","M","T","E","M","?","E","M","R","B",null,"M","T","$","T","M","R","M","E","T","R","M","E","?","?","R","B"],"character_chosen":"IRONCLAD","items_purchased":["Chemical X","Matryoshka"],"campfire_rested":0,"item_purchase_floors":[20,20],"current_hp_per_floor":[71,77,77,80,80,80,42,36,36,25,10,90,88,90,90,32,76,83,83,83,83,90,90,90,64,64,64,60,69,69,69,69,0],"gold":197,"neow_bonus":"ONE_RANDOM_RARE_CARD","is_prod":false,"is_daily":false,"chose_seed":false,"campfire_upgraded":5,"win_rate":0,"timestamp":1546217848,"path_taken":["M","M","?","M","?","R","E","?","T","E","M","?","E","M","R","BOSS","M","?","$","?","M","R","M","E","T","R","M","E","?","?","R","BOSS"],"build_version":"2018-12-20","purchased_purges":0,"victory":false,"max_hp_per_floor":[80,80,80,80,80,80,80,80,80,80,80,90,90,90,90,90,90,90,90,90,90,90,90,90,90,90,90,90,90,90,90,90,90],"card_choices":[{"not_picked":["Seeing Red","Sword Boomerang"],"picked":"Iron Wave","floor":1.0},{"not_picked":["Body Slam","Anger"],"picked":"Pommel Strike","floor":2.0},{"not_picked":["Dual Wield","Heavy Blade","Burning Pact"],"picked":"SKIP","floor":4.0},{"not_picked":["Dual Wield","Burning Pact"],"picked":"Heavy Blade","floor":4.0},{"not_picked":["Body Slam","Armaments"],"picked":"Whirlwind","floor":7.0},{"not_picked":["Anger+1","Exhume"],"picked":"Shrug It Off","floor":8.0},{"not_picked":["Reckless Charge+1","Clash+1"],"picked":"Flame Barrier","floor":10.0},{"not_picked":["Body Slam+1","Clash+1"],"picked":"Uppercut+1","floor":11.0},{"not_picked":["Cleave+1","Second Wind"],"picked":"Clothesline+1","floor":13.0},{"not_picked":["Ghostly Armor","Perfected Strike+1"],"picked":"Spot Weakness","floor":14.0},{"not_picked":["Juggernaut","Dark Embrace"],"picked":"Double Tap","floor":16.0},{"not_picked":["Entrench","Havoc"],"picked":"Flex","floor":18.0},{"not_picked":["Clash+1","Seeing Red"],"picked":"Spot Weakness","floor":22.0},{"not_picked":["Body Slam+1","Anger+1","True Grit"],"picked":"SKIP","floor":24.0},{"not_picked":["Body Slam+1","Warcry"],"picked":"Pommel Strike+1","floor":25.0},{"not_picked":["True Grit","Sentinel"],"picked":"Iron Wave+1","floor":28.0},{"not_picked":["Sentinel","Wild Strike+1","Clash+1"],"picked":"SKIP","floor":29.0}],"player_experience":545777,"relics_obtained":[{"floor":7.0,"key":"Molten Egg 2"},{"floor":9.0,"key":"Vajra"},{"floor":10.0,"key":"Tiny Chest"},{"floor":13.0,"key":"Magic Flower"},{"floor":19.0,"key":"Torii"},{"floor":21.0,"key":"Boot"},{"floor":21.0,"key":"Whetstone"},{"floor":25.0,"key":"Bottled Lightning"},{"floor":26.0,"key":"Frozen Egg 2"},{"floor":26.0,"key":"War Paint"},{"floor":29.0,"key":"Toxic Egg 2"}],"event_choices":[{"damage_healed":0.0,"max_hp_gain":0.0,"max_hp_loss":0.0,"gold_gain":0.0,"event_name":"Living Wall","player_choice":"Grow","floor":3.0,"gold_loss":0.0,"damage_taken":0.0,"cards_upgraded":["Bash"]},{"damage_healed":0.0,"max_hp_gain":0.0,"max_hp_loss":0.0,"gold_gain":0.0,"event_name":"Upgrade Shrine","player_choice":"Upgraded","floor":5.0,"gold_loss":0.0,"damage_taken":0.0,"cards_upgraded":["Berserk"]},{"cards_removed":["Berserk"],"damage_healed":70.0,"max_hp_gain":10.0,"max_hp_loss":0.0,"gold_gain":0.0,"event_name":"Bonfire Elementals","player_choice":"Offered Rare","floor":12.0,"gold_loss":0.0,"damage_taken":0.0},{"damage_healed":0.0,"max_hp_gain":0.0,"max_hp_loss":0.0,"gold_gain":0.0,"event_name":"The Library","player_choice":"Read","floor":30.0,"gold_loss":0.0,"damage_taken":0.0,"cards_obtained":["Dropkick"]},{"damage_healed":0.0,"max_hp_gain":0.0,"max_hp_loss":0.0,"gold_gain":0.0,"event_name":"Ghosts","player_choice":"Ignored","floor":31.0,"gold_loss":0.0,"damage_taken":0.0}],"is_beta":false,"boss_relics":[{"not_picked":["Tiny House","Calling Bell"],"picked":"Sozu"}],"items_purged_floors":[],"is_endless":false,"potions_floor_spawned":[1,8,11,16,18,24],"killed_by":"Champ","ascension_level":12}