{"gold_per_floor":[116,116,116,126,201,227,227,152,206,206,235,235,62,62,62,135,135,154,127,127,137,137,137,157,157,157,182,182],"floor_reached":28,"playtime":689,"items_purged":["Pain"],"score":534,"play_id":"8a50a309-42c6-421b-886a-f1abe5ca3681","local_time":"20190621173846","is_ascension_mode":true,"campfire_choices":[{"data":"Cleave","floor":7.0,"key":"SMITH"},{"data":"Clothesline","floor":10.0,"key":"SMITH"},{"floor":12.0,"key":"RECALL"},{"floor":15.0,"key":"REST"},{"floor":23.0,"key":"REST"},{"floor":25.0,"key":"REST"}],"neow_cost":"NONE","seed_source_timestamp":4770784243911766,"circlet_count":0,"master_deck":["AscendersBane","Strike_R+1","Strike_R+1","Strike_R","Defend_R","Defend_R","Defend_R","Defend_R","Bash+1","Infernal Blade+1","Clothesline+1","Cleave+1","Shrug It Off","Fire Breathing","Double Tap","Flame Barrier","Cleave+1","Rampage","Whirlwind","Disarm"],"special_seed":0,"relics":["Burning Blood","NeowsBlessing","WarpedTongs","Bag of Marbles","Whetstone","Ginger","Happy Flower","Black Star","Darkstone Periapt","The Courier"],"potions_floor_usage":[27],"damage_taken":[{"damage":0.0,"enemies":"2 Louse","floor":1.0,"turns":2.0},{"damage":1.0,"enemies":"Cultist","floor":4.0,"turns":1.0},{"damage":0.0,"enemies":"Lagavulin","floor":6.0,"turns":1.0},{"damage":24.0,"enemies":"Gremlin Nob","floor":11.0,"turns":4.0},{"damage":27.0,"enemies":"The Guardian","floor":16.0,"turns":17.0},{"damage":21.0,"enemies":"3 Byrds","floor":18.0,"turns":6.0},{"damage":17.0,"enemies":"2 Thieves","floor":19.0,"turns":4.0},{"damage":23.0,"enemies":"Cultist and Chosen","floor":21.0,"turns":6.0},{"damage":21.0,"enemies":"Snake Plant","floor":24.0,"turns":4.0},{"damage":38,"enemies":"Gremlin Leader","floor":27,"turns":5},{"damage":28,"enemies":"Centurion and Healer","floor":28,"turns":5}],"seed_played":"7867150388595324923","potions_obtained":[{"floor":1.0,"key":"Weak Potion"},{"floor":6.0,"key":"Weak Potion"}],"is_trial":false,"path_per_floor":["M","?","?","M","?","E","R","$","T","R","E","R","$","?","R","B",null,"M","M","?","M","?","R","M","R","T","E","M"],"character_chosen":"IRONCLAD","items_purchased":["Happy Flower"],"campfire_rested":3,"item_purchase_floors":[13],"current_hp_per_floor":[74,51,51,56,45,51,51,51,51,51,33,33,33,33,55,34,65,50,39,39,22,22,44,29,51,51,19,0],"gold":182,"neow_bonus":"THREE_ENEMY_KILL","is_prod":false,"is_daily":false,"chose_seed":false,"campfire_upgraded":2,"win_rate":0,"timestamp":1561153126,"path_taken":["M","?","?","?","?","E","R","$","T","R","E","R","?","?","R","BOSS","M","M","?","M","?","R","?","R","T","E","M"],"build_version":"2019-01-23","purchased_purges":1,"victory":false,"max_hp_per_floor":[75,75,75,75,75,75,75,75,75,75,75,75,75,75,75,75,75,75,75,75,75,75,75,75,75,75,75,75],"card_choices":[{"not_picked":["Hemokinesis","Carnage"],"picked":"Infernal Blade","floor":1.0},{"not_picked":["Sword Boomerang","Heavy Blade"],"picked":"Clothesline","floor":4.0},{"not_picked":["Warcry","Infernal Blade"],"picked":"Cleave","floor":6.0},{"not_picked":["Feel No Pain","Brutality"],"picked":"Shrug It Off","floor":11.0},{"not_picked":["Bludgeon","Exhume"],"picked":"Double Tap","floor":16.0},{"not_picked":["Clash","Pommel Strike"],"picked":"Flame Barrier","floor":18.0},{"not_picked":["Twin Strike","Iron Wave"],"picked":"Cleave+1","floor":19.0},{"not_picked":["Power Through","Anger"],"picked":"Rampage","floor":21.0},{"not_picked":["Headbutt","Flex"],"picked":"Whirlwind","floor":24.0},{"not_picked":["Anger","Pommel Strike"],"picked":"Disarm","floor":27}],"player_experience":770006,"relics_obtained":[{"floor":6.0,"key":"Bag of Marbles"},{"floor":9.0,"key":"Whetstone"},{"floor":11.0,"key":"Ginger"},{"floor":27,"key":"Darkstone Periapt"},{"floor":27,"key":"The Courier"}],"event_choices":[{"damage_healed":0.0,"max_hp_gain":0.0,"max_hp_loss":0.0,"gold_gain":0.0,"event_name":"Shining Light","player_choice":"Entered Light","floor":2.0,"gold_loss":0.0,"damage_taken":23.0,"cards_upgraded":["Infernal Blade","Strike_R"]},{"damage_healed":0.0,"max_hp_gain":0.0,"max_hp_loss":0.0,"gold_gain":0.0,"event_name":"Accursed Blacksmith","player_choice":"Rummage","floor":3.0,"gold_loss":0.0,"damage_taken":0.0,"relics_obtained":["WarpedTongs"],"cards_obtained":["Pain"]},{"damage_healed":0.0,"max_hp_gain":0.0,"max_hp_loss":0.0,"gold_gain":75.0,"event_name":"World of Goop","player_choice":"Gather Gold","floor":5.0,"gold_loss":0.0,"damage_taken":11.0},{"damage_healed":0.0,"max_hp_gain":0.0,"max_hp_loss":0.0,"gold_gain":0.0,"cards_transformed":["Strike_R"],"event_name":"Living Wall","player_choice":"Change","floor":14.0,"gold_loss":0.0,"damage_taken":0.0,"cards_obtained":["Fire Breathing"]},{"damage_healed":0.0,"max_hp_gain":0.0,"max_hp_loss":0.0,"gold_gain":0.0,"event_name":"The Mausoleum","player_choice":"Ignored","floor":20.0,"gold_loss":0.0,"damage_taken":0.0},{"cards_removed":["Strike_R"],"damage_healed":0.0,"max_hp_gain":0.0,"max_hp_loss":0.0,"gold_gain":0.0,"event_name":"Wheel of Change","player_choice":"Card Removal","floor":22.0,"gold_loss":0.0,"damage_taken":0.0}],"is_beta":false,"boss_relics":[{"not_picked":["Orrery","Eternal Feather"],"picked":"Black Star"}],"items_purged_floors":[8],"is_endless":false,"potions_floor_spawned":[1,6,18,19],"killed_by":"Centurion and Healer","ascension_level":20}