{"path_per_floor":["M","?","$","?","M","R","$","E","T","?","M","R","M","E","R","B",null,"M","M","M","?","M","R","?","R","T","M","$","M","M","$","R"],"character_chosen":"IRONCLAD","items_purchased":["Madness","Thunderclap","Shrug It Off","Dramatic Entrance","Sadistic Nature"],"gold_per_floor":[115,115,17,92,111,111,63,107,130,80,98,98,117,153,153,276,276,290,308,329,329,344,344,269,269,293,311,163,176,192,5,5],"floor_reached":33,"campfire_rested":5,"playtime":1430,"current_hp_per_floor":[80,60,60,49,55,79,79,80,80,80,80,80,80,61,80,56,80,67,61,43,69,26,50,50,74,74,60,60,41,35,35,59],"items_purged":[],"gold":5,"score":282,"play_id":"026cedd5-2716-433b-8395-c2ca1862bd35","is_prod":false,"is_daily":false,"is_ascension_mode":false,"campfire_upgraded":1,"path_taken":["M","?","$","?","M","R","$","E","T","?","M","R","?","E","R","BOSS","M","?","M","?","M","R","?","R","T","M","$","M","M","?","R","BOSS"],"build_version":"2018-02-15-PROD1","purchased_purges":1,"victory":false,"master_deck":["Strike_R","Strike_R","Strike_R","Strike_R","Strike_R","Defend_R","Defend_R","Bash","Perfected Strike","Madness+1","Thunderclap","Perfected Strike","Uppercut","Whirlwind","Limit Break","Offering","Normality","Pain","Writhe","Pommel Strike+1","Inflame","Flame Barrier+1","Burning Pact+1","Corruption","Shrug It Off","Dramatic Entrance","Dark Embrace","Wild Strike+1","Sadistic Nature","Feel No Pain"],"max_hp_per_floor":[80,80,80,80,80,80,80,80,80,80,80,80,80,80,80,80,80,80,80,80,80,80,80,80,80,80,80,80,80,80,80,80],"relics":["Burning Blood","NeowsBlessing","Golden Idol","Paper Frog","Orichalcum","Blue Candle","Calling Bell","Dead Branch","Dream Catcher","Prayer Wheel","Anchor"],"card_choices":[{"not_picked":["Hemokinesis","Bloodletting"],"picked":"Perfected Strike"},{"not_picked":["Pommel Strike","Anger"],"picked":"Perfected Strike"},{"not_picked":["Evolve","Warcry"],"picked":"Uppercut"},{"not_picked":["Cleave","Searing Blow"],"picked":"Whirlwind"},{"not_picked":["Havoc","Perfected Strike"],"picked":"Limit Break"},{"not_picked":["Brutality","Reaper"],"picked":"Offering"},{"not_picked":["Headbutt","Evolve"],"picked":"Pommel Strike"},{"not_picked":["Flex","Heavy Blade"],"picked":"Inflame"},{"not_picked":["Body Slam","Spot Weakness"],"picked":"Flame Barrier"},{"not_picked":["Clothesline","Warcry"],"picked":"Burning Pact"},{"not_picked":["Shrug It Off","Warcry"],"picked":"Corruption"},{"not_picked":["Iron Wave","Warcry"],"picked":"Dark Embrace"},{"not_picked":["Warcry","Headbutt"],"picked":"Wild Strike"},{"not_picked":["Searing Blow","Fire Breathing"],"picked":"Feel No Pain"}],"player_experience":88496,"potions_floor_usage":[16,22,22,22,30,30],"damage_taken":[{"damage":0,"enemies":"Jaw Worm","floor":1,"turns":1},{"damage":0,"enemies":"2 Louse","floor":5,"turns":1},{"damage":0,"enemies":"Lagavulin","floor":8,"turns":1},{"damage":0,"enemies":"Small Slimes","floor":11,"turns":2},{"damage":6,"enemies":"Exordium Wildlife","floor":13,"turns":3},{"damage":25,"enemies":"3 Sentries","floor":14,"turns":7},{"damage":30,"enemies":"The Guardian","floor":16,"turns":7},{"damage":19,"enemies":"Chosen","floor":18,"turns":3},{"damage":12,"enemies":"2 Thieves","floor":19,"turns":2},{"damage":28,"enemies":"Snake Plant","floor":20,"turns":5},{"damage":55,"enemies":"3 Cultists","floor":22,"turns":6},{"damage":20,"enemies":"Snecko","floor":27,"turns":5},{"damage":25,"enemies":"Snake Plant","floor":29,"turns":5},{"damage":24,"enemies":"Slaver and Parasite","floor":30,"turns":5},{"damage":71,"enemies":"Automaton","floor":33,"turns":6}],"event_choices":[{"event_name":"Golden Idol","player_choice":"Take Damage","floor":2,"damage_taken":0},{"event_name":"World of Goop","player_choice":"Gather Gold","floor":4,"damage_taken":0},{"event_name":"The Cleric","player_choice":"Card Removal","floor":10,"damage_taken":0},{"event_name":"The Library","player_choice":"Heal","floor":21,"damage_taken":0},{"event_name":"Beggar","player_choice":"Gave Gold","floor":24,"damage_taken":0}],"boss_relics":[{"not_picked":["Cursed Key","Runic Cube"],"picked":"Calling Bell"}],"potions_floor_spawned":[1,11,14,20,27,29],"seed_played":"-2508457208107033251","killed_by":"Automaton","ascension_level":0,"is_trial":false}