{"gold_per_floor":[10,10,22,22,38,38,69,69,95,126,171,197,224,263,275,287],"floor_reached":16,"playtime":1457,"items_purged":[],"score":244,"play_id":"fbe97785-b848-453c-971b-b40dbae894e5","local_time":"20190611131307","is_ascension_mode":true,"campfire_choices":[{"data":"Skewer","floor":6,"key":"SMITH"},{"data":"Dagger Spray","floor":8,"key":"SMITH"},{"data":"Corpse Explosion","floor":15,"key":"SMITH"}],"neow_cost":"NO_GOLD","seed_source_timestamp":188715154619900,"circlet_count":0,"master_deck":["AscendersBane","Defend_G","Defend_G","Defend_G","Defend_G","Defend_G","Strike_G","Strike_G","Strike_G","Survivor","Neutralize","Deflect","Venomology","Sucker Punch","Dagger Throw","Pain","Skewer+1","Dagger Spray+1","Corpse Explosion+1","Predator","Crippling Poison"],"relics":["Ring of the Snake","WarpedTongs","Snake Skull","MawBank","Art of War","Bronze Scales"],"potions_floor_usage":[5,7,7,7,11,13,14,14,16,16],"damage_taken":[{"damage":4,"enemies":"Small Slimes","floor":1,"turns":6},{"damage":0,"enemies":"Jaw Worm","floor":3,"turns":6},{"damage":3,"enemies":"Cultist","floor":5,"turns":4},{"damage":9,"enemies":"Lagavulin","floor":7,"turns":7},{"damage":6,"enemies":"Gremlin Gang","floor":10,"turns":6},{"damage":13,"enemies":"3 Sentries","floor":11,"turns":4},{"damage":5,"enemies":"Large Slime","floor":12,"turns":5},{"damage":6,"enemies":"Blue Slaver","floor":13,"turns":4},{"damage":15,"enemies":"Lagavulin","floor":14,"turns":5},{"damage":18,"enemies":"Hexaghost","floor":16,"turns":8}],"seed_played":"-2391574892167031259","potions_obtained":[{"floor":5,"key":"Regen Potion"},{"floor":7,"key":"FearPotion"},{"floor":12,"key":"Swift Potion"}],"is_trial":false,"path_per_floor":["M","?","M","?","M","R","E","R","T","M","E","M","M","E","R","B"],"character_chosen":"THE_SILENT","items_purchased":[],"campfire_rested":0,"item_purchase_floors":[],"current_hp_per_floor":[55,60,60,60,57,57,63,63,63,57,44,39,33,18,18,0],"gold":287,"neow_bonus":"TRANSFORM_TWO_CARDS","is_prod":false,"is_daily":false,"chose_seed":false,"campfire_upgraded":3,"win_rate":0,"timestamp":1560273187,"path_taken":["M","?","M","?","M","R","E","R","T","M","E","?","?","E","R","BOSS"],"build_version":"2019-01-23","purchased_purges":0,"victory":false,"max_hp_per_floor":[66,71,71,71,71,71,71,71,71,71,71,71,71,71,71,71],"card_choices":[{"not_picked":["Slice","Blade Dance"],"picked":"Sucker Punch","floor":1},{"not_picked":["Terror","Acrobatics"],"picked":"Dagger Throw","floor":3},{"not_picked":["Slice","Backflip"],"picked":"Skewer","floor":5},{"not_picked":["Bane","Finisher"],"picked":"Dagger Spray","floor":7},{"not_picked":["Quick Slash","Concentrate"],"picked":"Corpse Explosion","floor":10},{"not_picked":["Deflect","Bane","Quick Slash"],"picked":"SKIP","floor":11},{"not_picked":["Deflect","Bane","Quick Slash"],"picked":"SKIP","floor":11},{"not_picked":["Deflect","Infinite Blades"],"picked":"Predator","floor":12},{"not_picked":["Slice","Dodge and Roll"],"picked":"Crippling Poison","floor":13},{"not_picked":["Backstab","Masterful Stab","Dagger Throw"],"picked":"SKIP","floor":14}],"player_experience":2094775,"relics_obtained":[{"floor":7,"key":"Snake Skull"},{"floor":9,"key":"MawBank"},{"floor":11,"key":"Art of War"},{"floor":14,"key":"Bronze Scales"}],"event_choices":[{"damage_healed":0,"gold_gain":0,"player_choice":"Donut","damage_taken":0,"max_hp_gain":5,"max_hp_loss":0,"event_name":"Big Fish","floor":2,"gold_loss":0},{"damage_healed":0,"gold_gain":0,"player_choice":"Rummage","damage_taken":0,"relics_obtained":["WarpedTongs"],"max_hp_gain":0,"max_hp_loss":0,"event_name":"Accursed Blacksmith","floor":4,"gold_loss":0,"cards_obtained":["Pain"]}],"is_beta":false,"boss_relics":[],"items_purged_floors":[],"is_endless":false,"potions_floor_spawned":[5,7,10,12],"killed_by":"Hexaghost","ascension_level":20}