{"gold_per_floor":[114,114,33,33,48,89,114,114,114,114,134,157,178,178,178,178],"floor_reached":16,"playtime":227,"items_purged":[],"score":250,"play_id":"6acb1520-5c8c-437b-9b26-8e3280798f49","local_time":"20190419193844","is_ascension_mode":true,"campfire_choices":[{"data":"Neutralize","floor":8.0,"key":"SMITH"},{"data":"Noxious Fumes","floor":10.0,"key":"SMITH"},{"data":"Envenom","floor":15,"key":"SMITH"}],"neow_cost":"NONE","seed_source_timestamp":10300952923749166,"circlet_count":0,"master_deck":["AscendersBane","Defend_G","Defend_G","Defend_G","Defend_G","Defend_G","Strike_G","Strike_G","Strike_G","Strike_G","Strike_G","Survivor","Neutralize+1","Dagger Spray","Noxious Fumes+1","Footwork","Poisoned Stab","Dagger Spray","Envenom+1"],"special_seed":0,"relics":["Ring of the Snake","NeowsBlessing","Golden Idol","Singing Bowl","Ancient Tea Set","Ornamental Fan","Pen Nib"],"potions_floor_usage":[16],"damage_taken":[{"damage":0.0,"enemies":"Jaw Worm","floor":1.0,"turns":1.0},{"damage":0.0,"enemies":"Small Slimes","floor":5.0,"turns":1.0},{"damage":0.0,"enemies":"Gremlin Nob","floor":6.0,"turns":1.0},{"damage":1.0,"enemies":"Cultist","floor":7.0,"turns":5.0},{"damage":3.0,"enemies":"Exordium Wildlife","floor":11.0,"turns":5.0},{"damage":13.0,"enemies":"Blue Slaver","floor":13.0,"turns":4.0},{"damage":21,"enemies":"Slime Boss","floor":16,"turns":5}],"seed_played":"-1313515073393437478","potions_obtained":[{"floor":1.0,"key":"Block Potion"},{"floor":6.0,"key":"GhostInAJar"}],"is_trial":false,"path_per_floor":["M","?","$","?","M","E","M","R","T","R","M","T","M","?","R","B"],"character_chosen":"THE_SILENT","items_purchased":["Noxious Fumes"],"campfire_rested":0,"item_purchase_floors":[3],"current_hp_per_floor":[59,36,36,36,36,38,37,37,37,37,34,34,21,21,21,0],"gold":178,"neow_bonus":"THREE_ENEMY_KILL","is_prod":false,"is_daily":false,"chose_seed":false,"campfire_upgraded":3,"win_rate":0,"timestamp":1555717124,"path_taken":["M","?","$","?","M","E","M","R","T","R","?","?","M","?","R","BOSS"],"build_version":"2019-01-23","purchased_purges":0,"victory":false,"max_hp_per_floor":[66,66,66,66,66,68,68,68,68,68,68,68,68,68,68,68],"card_choices":[{"not_picked":["Catalyst","Eviscerate"],"picked":"Dagger Spray","floor":1.0},{"not_picked":["Acrobatics","Choke"],"picked":"Footwork","floor":5.0},{"not_picked":["Catalyst","Blade Dance","Endless Agony"],"picked":"Singing Bowl","floor":6.0},{"not_picked":["Deadly Poison","Blur"],"picked":"Poisoned Stab","floor":7.0},{"not_picked":["Slice","Dagger Throw"],"picked":"Dagger Spray","floor":11.0},{"not_picked":["Backstab","Calculated Gamble"],"picked":"Envenom","floor":13.0}],"player_experience":649560,"relics_obtained":[{"floor":6.0,"key":"Ancient Tea Set"},{"floor":9.0,"key":"Ornamental Fan"},{"floor":12.0,"key":"Pen Nib"}],"event_choices":[{"damage_healed":0.0,"max_hp_gain":0.0,"max_hp_loss":0.0,"gold_gain":0.0,"event_name":"Golden Idol","player_choice":"Take Damage","floor":2.0,"gold_loss":0.0,"damage_taken":23.0,"relics_obtained":["Golden Idol"]},{"damage_healed":0.0,"max_hp_gain":0.0,"max_hp_loss":0.0,"gold_gain":0.0,"event_name":"WeMeetAgain","player_choice":"Gave Potion","floor":4.0,"gold_loss":0.0,"damage_taken":0.0,"relics_obtained":["Singing Bowl"]},{"damage_healed":0,"gold_gain":0,"player_choice":"Ignored","damage_taken":0,"max_hp_gain":0,"max_hp_loss":0,"event_name":"Shining Light","floor":14,"gold_loss":0}],"is_beta":false,"boss_relics":[],"items_purged_floors":[],"is_endless":false,"potions_floor_spawned":[1,6],"killed_by":"Slime Boss","ascension_level":20}