{"gold_per_floor":[112,112,112,262,187,230,230,244,244,244,263,297,322,347,347,347],"floor_reached":16,"playtime":377,"items_purged":["Doubt"],"score":270,"play_id":"da8449ca-c393-4769-a939-97a137b98554","local_time":"20190228093343","is_ascension_mode":true,"campfire_choices":[{"data":"Unload","floor":7,"key":"SMITH"},{"data":"Blade Dance","floor":10,"key":"SMITH"},{"floor":15,"key":"REST"}],"neow_cost":"NONE","seed_source_timestamp":204140375445800,"circlet_count":0,"master_deck":["AscendersBane","Defend_G","Defend_G","Defend_G","Defend_G","Defend_G","Strike_G","Strike_G","Strike_G","Strike_G","Survivor","Neutralize","Blade Dance+1","Unload+1","Backflip","Cloak And Dagger","Predator"],"relics":["Ring of the Snake","NeowsBlessing","Golden Idol","Gremlin Horn","Ornamental Fan"],"potions_floor_usage":[12,13],"damage_taken":[{"damage":0,"enemies":"Small Slimes","floor":1,"turns":1},{"damage":0,"enemies":"Lagavulin","floor":6,"turns":1},{"damage":0,"enemies":"Jaw Worm","floor":8,"turns":1},{"damage":3,"enemies":"2 Louse","floor":11,"turns":2},{"damage":29,"enemies":"Gremlin Nob","floor":12,"turns":4},{"damage":3,"enemies":"Large Slime","floor":13,"turns":5},{"damage":2,"enemies":"Blue Slaver","floor":14,"turns":4},{"damage":38,"enemies":"Hexaghost","floor":16,"turns":9}],"seed_played":"-2341777081726575760","potions_obtained":[{"floor":6,"key":"Energy Potion"},{"floor":8,"key":"Explosive Potion"},{"floor":13,"key":"Dexterity Potion"},{"floor":14,"key":"Poison Potion"}],"is_trial":false,"path_per_floor":["M","?","?","?","$","E","R","M","T","R","M","E","M","M","R","B"],"character_chosen":"THE_SILENT","items_purchased":[],"campfire_rested":1,"item_purchase_floors":[],"current_hp_per_floor":[59,59,52,52,52,52,52,52,52,52,49,20,17,15,33,0],"gold":347,"neow_bonus":"THREE_ENEMY_KILL","is_prod":false,"is_daily":false,"chose_seed":false,"campfire_upgraded":2,"win_rate":0,"timestamp":1551375223,"path_taken":["M","?","?","?","$","E","R","M","T","R","M","E","M","M","R","BOSS"],"build_version":"2019-01-23","purchased_purges":1,"victory":false,"max_hp_per_floor":[66,60,60,60,60,60,60,60,60,60,60,60,60,60,60,60],"card_choices":[{"not_picked":["PiercingWail","Backflip"],"picked":"Blade Dance","floor":1},{"not_picked":["Well Laid Plans","Deflect"],"picked":"Unload","floor":6},{"not_picked":["Flying Knee","Eviscerate"],"picked":"Backflip","floor":8},{"not_picked":["Slice","Concentrate","Prepared"],"picked":"SKIP","floor":11},{"not_picked":["Distraction","Flechettes"],"picked":"Cloak And Dagger","floor":12},{"not_picked":["Dodge and Roll","PiercingWail"],"picked":"Predator","floor":13},{"not_picked":["Underhanded Strike","Deflect","PiercingWail"],"picked":"SKIP","floor":14}],"player_experience":1216852,"relics_obtained":[{"floor":6,"key":"Gremlin Horn"},{"floor":12,"key":"Ornamental Fan"}],"event_choices":[{"damage_healed":0,"gold_gain":0,"player_choice":"Lose Max HP","damage_taken":0,"relics_obtained":["Golden Idol"],"max_hp_gain":0,"max_hp_loss":6,"event_name":"Golden Idol","floor":2,"gold_loss":0},{"cards_removed":["Strike_G"],"damage_healed":0,"gold_gain":0,"player_choice":"Card Removal","damage_taken":7,"max_hp_gain":0,"max_hp_loss":0,"event_name":"Golden Wing","floor":3,"gold_loss":0},{"damage_healed":0,"gold_gain":150,"player_choice":"AGREE","damage_taken":0,"max_hp_gain":0,"max_hp_loss":0,"event_name":"Liars Game","floor":4,"gold_loss":0,"cards_obtained":["Doubt"]}],"is_beta":false,"boss_relics":[],"items_purged_floors":[5],"is_endless":false,"potions_floor_spawned":[6,8,11,13,14],"killed_by":"Hexaghost","ascension_level":20}