{"gold_per_floor":[115,115,125,125,300,334,346,358,394,406,431,393,405,441,453,589,664,695,722,749,53,53],"floor_reached":22,"playtime":606,"items_purged":[],"score":193,"play_id":"c8d2e04e-3a90-497a-b88d-c138d221fcd8","local_time":"20190223105255","is_ascension_mode":true,"campfire_choices":[{"floor":7,"key":"REST"},{"floor":10,"key":"REST"},{"floor":15,"key":"REST"}],"neow_cost":"TEN_PERCENT_HP_LOSS","seed_source_timestamp":811701613132905,"circlet_count":0,"master_deck":["Strike_R","Strike_R","Strike_R","Strike_R","Strike_R","Defend_R","Defend_R","Defend_R","Defend_R","Bash+1","Whirlwind","Iron Wave","Offering","Havoc","Dropkick","Barricade+1","Shrug It Off","Combust+1","Blood for Blood","Uppercut","Pummel","Shrug It Off","Flame Barrier"],"relics":["Burning Blood","Nunchaku","Golden Idol","MawBank","Centennial Puzzle","Bronze Scales","Tiny House","Darkstone Periapt","Prayer Wheel"],"potions_floor_usage":[16],"damage_taken":[{"damage":10,"enemies":"Small Slimes","floor":1,"turns":4},{"damage":0,"enemies":"Cultist","floor":3,"turns":3},{"damage":58,"enemies":"3 Sentries","floor":6,"turns":9},{"damage":2,"enemies":"2 Louse","floor":11,"turns":4},{"damage":12,"enemies":"2 Fungi Beasts","floor":14,"turns":2},{"damage":35,"enemies":"Hexaghost","floor":16,"turns":7},{"damage":17,"enemies":"Shell Parasite","floor":18,"turns":6},{"damage":37,"enemies":"2 Thieves","floor":19,"turns":5},{"damage":33,"enemies":"Snake Plant","floor":20,"turns":5},{"damage":10,"enemies":"Shelled Parasite and Fungi","floor":22,"turns":2}],"seed_played":"6237746996460138926","potions_obtained":[{"floor":11,"key":"FearPotion"},{"floor":14,"key":"AttackPotion"},{"floor":17,"key":"Block Potion"},{"floor":20,"key":"Explosive Potion"}],"is_trial":false,"path_per_floor":["M","?","M","?","?","E","R","?","T","R","M","?","?","M","R","B",null,"M","M","M","$","M"],"character_chosen":"IRONCLAD","items_purchased":["Pummel","Shrug It Off","Flame Barrier","Darkstone Periapt","Prayer Wheel"],"campfire_rested":3,"item_purchase_floors":[21,21,21,21,21],"current_hp_per_floor":[68,68,72,72,72,20,41,34,34,55,59,59,59,53,72,43,77,66,35,8,8,0],"gold":53,"neow_bonus":"ONE_RARE_RELIC","is_prod":false,"is_daily":false,"chose_seed":false,"campfire_upgraded":0,"win_rate":0,"timestamp":1550947975,"path_taken":["M","?","?","?","?","E","R","?","T","R","?","?","?","M","R","BOSS","M","?","M","$","M"],"build_version":"2019-01-23","purchased_purges":0,"victory":false,"max_hp_per_floor":[72,72,72,72,72,72,72,72,72,72,72,72,72,72,72,72,77,77,77,77,77,77],"card_choices":[{"not_picked":["Sword Boomerang","Thunderclap"],"picked":"Whirlwind","floor":1},{"not_picked":["Body Slam","Twin Strike"],"picked":"Iron Wave","floor":3},{"not_picked":["Hemokinesis","Perfected Strike"],"picked":"Offering","floor":6},{"not_picked":["Reckless Charge","Iron Wave"],"picked":"Havoc","floor":11},{"not_picked":["Inflame","Feel No Pain"],"picked":"Dropkick","floor":14},{"not_picked":["Berserk","Demon Form"],"picked":"Barricade","floor":16},{"not_picked":["Uppercut","Heavy Blade"],"picked":"Shrug It Off","floor":17},{"not_picked":["Anger","Blood for Blood"],"picked":"Combust+1","floor":18},{"not_picked":["Hemokinesis","Iron Wave+1"],"picked":"Blood for Blood","floor":19},{"not_picked":["Cleave","Intimidate"],"picked":"Uppercut","floor":20}],"player_experience":224524,"relics_obtained":[{"floor":6,"key":"MawBank"},{"floor":9,"key":"Centennial Puzzle"}],"event_choices":[{"damage_healed":0,"gold_gain":0,"player_choice":"Upgraded","damage_taken":0,"max_hp_gain":0,"max_hp_loss":0,"event_name":"Upgrade Shrine","floor":2,"gold_loss":0,"cards_upgraded":["Bash"]},{"damage_healed":0,"gold_gain":0,"player_choice":"Take Wound","damage_taken":0,"relics_obtained":["Golden Idol"],"max_hp_gain":0,"max_hp_loss":0,"event_name":"Golden Idol","floor":4,"gold_loss":0,"cards_obtained":["Injury"]},{"damage_healed":0,"gold_gain":175,"player_choice":"AGREE","damage_taken":0,"max_hp_gain":0,"max_hp_loss":0,"event_name":"Liars Game","floor":5,"gold_loss":0,"cards_obtained":["Doubt"]},{"cards_removed":["Doubt"],"damage_healed":0,"gold_gain":0,"player_choice":"Card Removal","damage_taken":7,"max_hp_gain":0,"max_hp_loss":0,"event_name":"Golden Wing","floor":8,"gold_loss":0},{"cards_removed":["Injury"],"damage_healed":0,"gold_gain":0,"player_choice":"Card Removal","damage_taken":0,"max_hp_gain":0,"max_hp_loss":0,"event_name":"The Cleric","floor":12,"gold_loss":50},{"damage_healed":0,"gold_gain":0,"player_choice":"Gave Potion","damage_taken":0,"relics_obtained":["Bronze Scales"],"max_hp_gain":0,"max_hp_loss":0,"event_name":"WeMeetAgain","floor":13,"gold_loss":0}],"is_beta":false,"boss_relics":[{"not_picked":["Calling Bell","Eternal Feather"],"picked":"Tiny House"}],"items_purged_floors":[],"is_endless":false,"potions_floor_spawned":[11,14,20],"killed_by":"Shelled Parasite and Fungi","ascension_level":1}