{"gold_per_floor":[114,39,39,49,68,68,96,96,96,128,50,66,80,80],"floor_reached":14,"playtime":265,"items_purged":[],"score":200,"play_id":"37e019ad-4133-4342-9ab7-a7cc9ea43471","local_time":"20190619212414","is_ascension_mode":true,"campfire_choices":[{"data":"Neutralize","floor":6.0,"key":"SMITH"},{"data":"All Out Attack","floor":8.0,"key":"SMITH"}],"neow_cost":"NONE","seed_source_timestamp":478235584085600,"circlet_count":0,"master_deck":["AscendersBane","Defend_G","Defend_G","Defend_G","Defend_G","Strike_G","Strike_G","Strike_G","Strike_G","Survivor","Neutralize+1","Quick Slash","Bane","Dagger Throw","All Out Attack+1","Deadly Poison","Footwork","Poisoned Stab","Riddle With Holes"],"special_seed":0,"relics":["Ring of the Snake","NeowsBlessing","Pantograph","Darkstone Periapt","Mercury Hourglass"],"potions_floor_usage":[],"damage_taken":[{"damage":0.0,"enemies":"2 Louse","floor":1.0,"turns":1.0},{"damage":0.0,"enemies":"Small Slimes","floor":4.0,"turns":1.0},{"damage":0.0,"enemies":"Cultist","floor":5.0,"turns":1.0},{"damage":22.0,"enemies":"Gremlin Nob","floor":7.0,"turns":4.0},{"damage":7.0,"enemies":"Lagavulin","floor":10.0,"turns":5.0},{"damage":9.0,"enemies":"Large Slime","floor":12.0,"turns":6.0},{"damage":6.0,"enemies":"Exordium Thugs","floor":13.0,"turns":3.0},{"damage":22,"enemies":"Gremlin Nob","floor":14,"turns":3}],"seed_played":"-3619200004309932574","potions_obtained":[{"floor":1.0,"key":"Fire Potion"},{"floor":4.0,"key":"SkillPotion"},{"floor":7.0,"key":"Block Potion"}],"is_trial":false,"path_per_floor":["M","?","?","M","M","R","E","R","T","E","$","M","M","E"],"character_chosen":"THE_SILENT","items_purchased":["Footwork"],"campfire_rested":0,"item_purchase_floors":[11],"current_hp_per_floor":[59,59,59,59,59,59,37,37,37,30,30,21,15,0],"gold":80,"neow_bonus":"THREE_ENEMY_KILL","is_prod":false,"is_daily":false,"chose_seed":false,"campfire_upgraded":2,"win_rate":0,"timestamp":1560975854,"path_taken":["M","?","?","M","?","R","E","R","T","E","$","M","M","E"],"build_version":"2019-01-23","purchased_purges":0,"victory":false,"max_hp_per_floor":[66,66,66,66,66,66,66,66,66,66,66,66,66,66],"card_choices":[{"not_picked":["Crippling Poison","Dodge and Roll"],"picked":"Quick Slash","floor":1.0},{"not_picked":["PiercingWail","Terror"],"picked":"Bane","floor":4.0},{"not_picked":["Dodge and Roll","Well Laid Plans"],"picked":"Dagger Throw","floor":5.0},{"not_picked":["PiercingWail","Crippling Poison"],"picked":"All Out Attack","floor":7.0},{"not_picked":["Sucker Punch","Accuracy"],"picked":"Deadly Poison","floor":10.0},{"not_picked":["All Out Attack","Expertise"],"picked":"Poisoned Stab","floor":12.0},{"not_picked":["Setup","Accuracy"],"picked":"Riddle With Holes","floor":13.0}],"player_experience":1480662,"relics_obtained":[{"floor":7.0,"key":"Pantograph"},{"floor":9.0,"key":"Darkstone Periapt"},{"floor":10.0,"key":"Mercury Hourglass"}],"event_choices":[{"cards_removed":["Strike_G"],"damage_healed":0.0,"max_hp_gain":0.0,"max_hp_loss":0.0,"gold_gain":0.0,"event_name":"The Cleric","player_choice":"Card Removal","floor":2.0,"gold_loss":75.0,"damage_taken":0.0},{"cards_removed":["Defend_G"],"damage_healed":0.0,"max_hp_gain":0.0,"max_hp_loss":0.0,"gold_gain":0.0,"event_name":"Purifier","player_choice":"Purged","floor":3.0,"gold_loss":0.0,"damage_taken":0.0}],"is_beta":false,"boss_relics":[],"items_purged_floors":[],"is_endless":false,"potions_floor_spawned":[1,4,7],"killed_by":"Gremlin Nob","ascension_level":20}