{"gold_per_floor":[111,111,126,138,138,138,157,182,228,240,251,251,8,34,34,34],"floor_reached":16,"playtime":417,"items_purged":[],"score":224,"play_id":"567b2970-d79b-4689-b506-dc8d5421edf5","local_time":"20190708195201","is_ascension_mode":true,"campfire_choices":[{"data":"All Out Attack","floor":6,"key":"SMITH"},{"data":"Neutralize","floor":12,"key":"SMITH"},{"data":"Bouncing Flask","floor":15,"key":"SMITH"}],"neow_cost":"NONE","seed_source_timestamp":6247686592358740,"circlet_count":0,"master_deck":["AscendersBane","Strike_G","Strike_G","Strike_G","Strike_G","Defend_G","Defend_G","Defend_G","Defend_G","Defend_G","Survivor","Neutralize+1","Sucker Punch","All Out Attack+1","PiercingWail","Poisoned Stab","Dagger Throw","HandOfGreed","Bouncing Flask+1","Choke"],"relics":["Ring of the Snake","NeowsBlessing","Sundial","Happy Flower","Bag of Marbles"],"potions_floor_usage":[7,8,14,16],"damage_taken":[{"damage":0,"enemies":"Cultist","floor":1,"turns":1},{"damage":0,"enemies":"Jaw Worm","floor":3,"turns":1},{"damage":0,"enemies":"2 Louse","floor":4,"turns":1},{"damage":8,"enemies":"Lots of Slimes","floor":7,"turns":2},{"damage":28,"enemies":"3 Sentries","floor":8,"turns":9},{"damage":3,"enemies":"Looter","floor":10,"turns":4},{"damage":0,"enemies":"Blue Slaver","floor":11,"turns":4},{"damage":10,"enemies":"Lagavulin","floor":14,"turns":7},{"damage":36,"enemies":"Slime Boss","floor":16,"turns":5}],"seed_played":"732333229526595996","potions_obtained":[{"floor":3,"key":"Regen Potion"},{"floor":4,"key":"Fire Potion"},{"floor":8,"key":"Block Potion"},{"floor":14,"key":"LiquidBronze"}],"is_trial":false,"path_per_floor":["M","?","M","M","?","R","M","E","T","M","M","R","$","E","R","B"],"character_chosen":"THE_SILENT","items_purchased":["HandOfGreed","Bouncing Flask"],"campfire_rested":0,"item_purchase_floors":[13,13],"current_hp_per_floor":[59,59,59,59,59,59,51,38,38,35,35,35,35,25,25,0],"gold":34,"neow_bonus":"THREE_ENEMY_KILL","is_prod":false,"is_daily":false,"chose_seed":false,"campfire_upgraded":3,"win_rate":0,"timestamp":1562629921,"path_taken":["M","?","M","?","?","R","M","E","T","M","M","R","?","E","R","BOSS"],"build_version":"2019-07-05","purchased_purges":0,"victory":false,"max_hp_per_floor":[66,66,66,66,66,66,66,66,66,66,66,66,66,66,66,66],"card_choices":[{"not_picked":["Deflect","Outmaneuver"],"picked":"Sucker Punch","floor":1},{"not_picked":["Deadly Poison","Bane"],"picked":"All Out Attack","floor":3},{"not_picked":["Underhanded Strike","Bane"],"picked":"PiercingWail","floor":4},{"not_picked":["Quick Slash","Prepared"],"picked":"Poisoned Stab","floor":7},{"not_picked":["Bane","Reflex","Outmaneuver"],"picked":"SKIP","floor":8},{"not_picked":["Underhanded Strike","PiercingWail"],"picked":"Dagger Throw","floor":10},{"not_picked":["Blade Dance","Deflect","Quick Slash"],"picked":"SKIP","floor":11},{"not_picked":["Phantasmal Killer","Bane"],"picked":"Choke","floor":14}],"player_experience":922582,"relics_obtained":[{"floor":8,"key":"Sundial"},{"floor":9,"key":"Happy Flower"},{"floor":14,"key":"Bag of Marbles"}],"event_choices":[{"cards_removed":["Strike_G"],"damage_healed":0,"gold_gain":0,"player_choice":"Purged","damage_taken":0,"max_hp_gain":0,"max_hp_loss":0,"event_name":"Purifier","floor":2,"gold_loss":0},{"damage_healed":0,"gold_gain":0,"player_choice":"Ignored","damage_taken":0,"max_hp_gain":0,"max_hp_loss":0,"event_name":"Liars Game","floor":5,"gold_loss":0}],"is_beta":false,"boss_relics":[],"items_purged_floors":[],"is_endless":false,"potions_floor_spawned":[3,4,8,14],"killed_by":"Slime Boss","ascension_level":20}