{"gold_per_floor":[212,228,228,33,0,26,26,66,66,114,114,114,140,178,178,255,255,275,275,291,291,324,324,353,353,353,353,386,486,376,405,405,484,484,495,1,35,46,61,71,103,103,103,53,53,53,53,80,80,80],"floor_reached":50,"playtime":2457,"items_purged":["Parasite","Parasite"],"score":1277,"play_id":"6c19d377-36f5-4b08-b9c6-ec7ee78162e8","local_time":"20190701194404","is_ascension_mode":true,"campfire_choices":[{"data":"Neutralize","floor":7.0,"key":"SMITH"},{"floor":15.0,"key":"REST"},{"floor":23.0,"key":"REST"},{"data":"Glass Knife","floor":25.0,"key":"SMITH"},{"floor":32.0,"key":"REST"},{"floor":42.0,"key":"REST"},{"floor":45.0,"key":"RECALL"},{"floor":47.0,"key":"REST"},{"floor":49.0,"key":"REST"}],"neow_cost":"NONE","seed_source_timestamp":0,"circlet_count":0,"master_deck":["AscendersBane","Strike_G+1","Strike_G+1","Strike_G+1","Strike_G+1","Defend_G+1","Defend_G+1","Defend_G+1","Defend_G+1","Defend_G+1","Survivor+1","Neutralize+1","Predator","Infinite Blades","HandOfGreed","Glass Knife+1","Noxious Fumes+1","Prepared+1","Cloak And Dagger+1","Dagger Throw","Corpse Explosion+1","Cloak And Dagger+1","PiercingWail+1","Infinite Blades","Noxious Fumes+1","Footwork+1","Adrenaline+1","Cloak And Dagger+1","Cloak And Dagger+1","Storm of Steel+1","Dodge and Roll+1","Bane","Backflip+1","Accuracy+1","Cloak And Dagger+1","Leg Sweep+1","Adrenaline+1","Heel Hook"],"special_seed":0,"relics":["Ring of the Snake","Tingsha","Toxic Egg 2","Kunai","Mango","Cursed Key","MutagenicStrength","Frozen Egg 2","Pear","Dream Catcher","Tough Bandages","Matryoshka","Smiling Mask","Fusion Hammer","Gremlin Horn","Blood Vial","Snake Skull","Juzu Bracelet","Strawberry"],"potions_floor_usage":[50],"damage_taken":[{"damage":0.0,"enemies":"2 Louse","floor":1.0,"turns":3.0},{"damage":2.0,"enemies":"Jaw Worm","floor":2.0,"turns":4.0},{"damage":24.0,"enemies":"Gremlin Nob","floor":6.0,"turns":4.0},{"damage":3.0,"enemies":"Small Slimes","floor":8.0,"turns":4.0},{"damage":19.0,"enemies":"3 Sentries","floor":10.0,"turns":6.0},{"damage":6.0,"enemies":"Gremlin Nob","floor":13.0,"turns":3.0},{"damage":5.0,"enemies":"Gremlin Gang","floor":14.0,"turns":4.0},{"damage":18.0,"enemies":"The Guardian","floor":16.0,"turns":13.0},{"damage":12.0,"enemies":"Shell Parasite","floor":18.0,"turns":6.0},{"damage":0.0,"enemies":"2 Thieves","floor":19.0,"turns":1.0},{"damage":0.0,"enemies":"3 Cultists","floor":20.0,"turns":2.0},{"damage":19.0,"enemies":"Snake Plant","floor":22.0,"turns":5.0},{"damage":0.0,"enemies":"Slavers","floor":24.0,"turns":3.0},{"damage":19.0,"enemies":"Gremlin Leader","floor":28.0,"turns":6.0},{"damage":0.0,"enemies":"Colosseum Slavers","floor":29.0,"turns":3.0},{"damage":11.0,"enemies":"Colosseum Nobs","floor":29.0,"turns":3.0},{"damage":9.0,"enemies":"Slavers","floor":31.0,"turns":4.0},{"damage":4.0,"enemies":"Champ","floor":33.0,"turns":18.0},{"damage":5.0,"enemies":"3 Darklings","floor":35.0,"turns":2.0},{"damage":0.0,"enemies":"Orb Walker","floor":37.0,"turns":3.0},{"damage":0.0,"enemies":"Sphere and 2 Shapes","floor":38.0,"turns":5.0},{"damage":0.0,"enemies":"Transient","floor":39.0,"turns":6.0},{"damage":0.0,"enemies":"3 Darklings","floor":40.0,"turns":2.0},{"damage":31.0,"enemies":"Reptomancer","floor":41.0,"turns":6.0},{"damage":19.0,"enemies":"Giant Head","floor":48.0,"turns":7.0},{"damage":99,"enemies":"Time Eater","floor":50,"turns":13}],"seed_played":"-5382596825380598198","potions_obtained":[{"floor":2.0,"key":"SkillPotion"},{"floor":6.0,"key":"Poison Potion"},{"floor":8.0,"key":"LiquidBronze"},{"floor":14.0,"key":"SmokeBomb"},{"floor":16.0,"key":"SneckoOil"},{"floor":20.0,"key":"SteroidPotion"},{"floor":29.0,"key":"Regen Potion"},{"floor":37.0,"key":"GhostInAJar"}],"is_trial":false,"path_per_floor":["M","M","?","$","?","E","R","M","T","E","?","?","E","M","R","B",null,"M","M","M","?","M","R","E","R","T","?","E","?","?","E","R","B",null,"M","$","M","M","M","M","E","R","T","$","R","?","R","E","R","B"],"character_chosen":"THE_SILENT","items_purchased":["HandOfGreed","Gremlin Horn","Blood Vial"],"campfire_rested":6,"item_purchase_floors":[4,36,36],"current_hp_per_floor":[59,57,62,62,62,38,38,35,35,16,16,16,24,19,44,26,70,58,58,58,58,39,64,64,64,74,74,55,44,44,49,77,73,90,85,85,87,89,91,92,61,88,88,88,88,88,89,77,96,0],"gold":80,"neow_bonus":"HUNDRED_GOLD","is_prod":false,"is_daily":false,"chose_seed":false,"campfire_upgraded":2,"win_rate":0,"timestamp":1562024644,"path_taken":["M","M","?","$","?","E","R","?","T","E","?","?","E","M","R","BOSS","M","M","?","?","M","R","E","R","T","?","E","?","?","E","R","BOSS","M","$","M","M","M","?","E","R","T","$","R","?","R","E","R","BOSS"],"build_version":"2019-07-01","purchased_purges":2,"victory":false,"max_hp_per_floor":[66,66,71,71,71,71,71,71,71,71,71,71,85,85,85,85,85,85,85,85,85,85,85,85,85,95,95,95,95,95,95,95,95,95,95,92,92,92,92,92,92,92,92,89,89,89,89,96,96,96],"card_choices":[{"not_picked":["Flying Knee","Backflip"],"picked":"Predator","floor":1.0},{"not_picked":["Escape Plan","Tactician"],"picked":"Infinite Blades","floor":2.0},{"not_picked":["Deflect","Escape Plan"],"picked":"Glass Knife","floor":6.0},{"not_picked":["Deflect","Sucker Punch"],"picked":"Noxious Fumes","floor":8.0},{"not_picked":["Well Laid Plans","Acrobatics+1"],"picked":"Prepared+1","floor":10.0},{"not_picked":["Underhanded Strike","Dagger Spray"],"picked":"Cloak And Dagger+1","floor":13.0},{"not_picked":["Underhanded Strike","Quick Slash"],"picked":"Dagger Throw","floor":14.0},{"not_picked":["Bullet Time+1","Storm of Steel+1"],"picked":"Corpse Explosion+1","floor":16.0},{"not_picked":["Accuracy","Tactician+1"],"picked":"Cloak And Dagger+1","floor":18.0},{"not_picked":["Backstab","Dagger Spray+1"],"picked":"PiercingWail+1","floor":20.0},{"not_picked":["Outmaneuver+1","Tactician+1"],"picked":"Infinite Blades","floor":22.0},{"not_picked":["Backflip+1","Outmaneuver+1"],"picked":"Noxious Fumes","floor":24.0},{"not_picked":["Poisoned Stab","Flying Knee"],"picked":"Footwork+1","floor":28.0},{"not_picked":["Crippling Poison+1","Quick Slash"],"picked":"Adrenaline+1","floor":29.0},{"not_picked":["Choke","Tactician+1"],"picked":"Cloak And Dagger+1","floor":31.0},{"not_picked":["Acrobatics+1","Dagger Throw"],"picked":"Cloak And Dagger+1","floor":32.0},{"not_picked":["Phantasmal Killer+1","Glass Knife"],"picked":"Storm of Steel+1","floor":33.0},{"not_picked":["Deadly Poison+1","Backflip+1"],"picked":"Dodge and Roll+1","floor":35.0},{"not_picked":["Backstab","Crippling Poison+1"],"picked":"Bane","floor":37.0},{"not_picked":["Tactician+1","Slice"],"picked":"Backflip+1","floor":38.0},{"not_picked":["Predator+1","Finisher"],"picked":"Accuracy+1","floor":39.0},{"not_picked":["Flechettes","Dodge and Roll+1"],"picked":"Cloak And Dagger+1","floor":40.0},{"not_picked":["Crippling Poison+1","Sucker Punch"],"picked":"Leg Sweep+1","floor":41.0},{"not_picked":["Deflect+1","Endless Agony"],"picked":"Adrenaline+1","floor":48.0},{"not_picked":["Dagger Throw+1","Acrobatics+1"],"picked":"Heel Hook","floor":49.0}],"player_experience":829661,"relics_obtained":[{"floor":6.0,"key":"Tingsha"},{"floor":9.0,"key":"Toxic Egg 2"},{"floor":10.0,"key":"Kunai"},{"floor":13.0,"key":"Mango"},{"floor":24.0,"key":"Frozen Egg 2"},{"floor":26.0,"key":"Pear"},{"floor":28.0,"key":"Dream Catcher"},{"floor":29.0,"key":"Tough Bandages"},{"floor":29.0,"key":"Matryoshka"},{"floor":31.0,"key":"Smiling Mask"},{"floor":41.0,"key":"Snake Skull"},{"floor":43.0,"key":"Juzu Bracelet"},{"floor":48.0,"key":"Strawberry"}],"event_choices":[{"damage_healed":0.0,"max_hp_gain":5.0,"max_hp_loss":0.0,"gold_gain":0.0,"event_name":"Big Fish","player_choice":"Donut","floor":3.0,"gold_loss":0.0,"damage_taken":0.0},{"damage_healed":0.0,"max_hp_gain":0.0,"max_hp_loss":0.0,"gold_gain":0.0,"event_name":"World of Goop","player_choice":"Left Gold","floor":5.0,"gold_loss":33.0,"damage_taken":0.0},{"damage_healed":0.0,"max_hp_gain":0.0,"max_hp_loss":0.0,"gold_gain":0.0,"event_name":"Shining Light","player_choice":"Ignored","floor":11.0,"gold_loss":0.0,"damage_taken":0.0},{"damage_healed":0.0,"max_hp_gain":0.0,"max_hp_loss":0.0,"gold_gain":0.0,"event_name":"Upgrade Shrine","player_choice":"Upgraded","floor":12.0,"gold_loss":0.0,"damage_taken":0.0,"cards_upgraded":["Noxious Fumes"]},{"damage_healed":0.0,"max_hp_gain":0.0,"max_hp_loss":0.0,"gold_gain":0.0,"event_name":"Drug Dealer","player_choice":"Inject Mutagens","floor":21.0,"gold_loss":0.0,"damage_taken":0.0,"relics_obtained":["MutagenicStrength"]},{"damage_healed":0.0,"max_hp_gain":0.0,"max_hp_loss":0.0,"gold_gain":0.0,"event_name":"Back to Basics","player_choice":"Simplicity","floor":27.0,"gold_loss":0.0,"damage_taken":0.0,"cards_upgraded":["Strike_G","Strike_G","Strike_G","Strike_G","Strike_G","Defend_G","Defend_G","Defend_G","Defend_G","Defend_G"]},{"damage_healed":0.0,"max_hp_gain":0.0,"max_hp_loss":0.0,"gold_gain":0.0,"event_name":"Colosseum","player_choice":"Fight","floor":29.0,"gold_loss":0.0,"damage_taken":0.0},{"damage_healed":0.0,"max_hp_gain":0.0,"max_hp_loss":0.0,"gold_gain":0.0,"event_name":"Colosseum","player_choice":"Fought Nobs","floor":29.0,"gold_loss":0.0,"damage_taken":0.0},{"cards_removed":["Strike_G"],"damage_healed":0.0,"max_hp_gain":0.0,"max_hp_loss":0.0,"gold_gain":0.0,"event_name":"Designer","player_choice":"Upgrade and Remove","floor":30.0,"gold_loss":110.0,"damage_taken":0.0,"cards_upgraded":["Survivor"]},{"damage_healed":0.0,"max_hp_gain":0.0,"max_hp_loss":0.0,"gold_gain":0.0,"event_name":"Lab","player_choice":"Got Potions","floor":46.0,"gold_loss":0.0,"damage_taken":0.0}],"is_beta":false,"boss_relics":[{"not_picked":["Empty Cage","Tiny House"],"picked":"Cursed Key"},{"not_picked":["Coffee Dripper","Runic Dome"],"picked":"Fusion Hammer"}],"items_purged_floors":[36,44],"is_endless":false,"potions_floor_spawned":[2,6,8,14,16,20,24,28,29,29,37,38,40],"killed_by":"Time Eater","ascension_level":20}