{"gold_per_floor":[113,113,113,129,129,129,162,162,162,162,187,33,33,57,57,153,153,174,208,208,208,50,84,102,125,125,125,140,140,163,163,163,259,259,277,402,416,143,143,143,164,164,188,188,201,232,232,297,297,297],"floor_reached":50,"playtime":1525,"items_purged":["Strike_G","Strike_G"],"score":1118,"play_id":"c074219f-3a69-4050-8446-2bc05a0f648c","local_time":"20190411203435","is_ascension_mode":true,"campfire_choices":[{"floor":6.0,"key":"REST"},{"data":"Sucker Punch","floor":8.0,"key":"SMITH"},{"data":"Accuracy","floor":10.0,"key":"SMITH"},{"data":"Blade Dance","floor":13.0,"key":"SMITH"},{"data":"Footwork","floor":15.0,"key":"SMITH"},{"floor":27,"key":"REST"},{"floor":29,"key":"REST"},{"floor":32,"key":"REST"},{"floor":40,"key":"REST"},{"floor":42,"key":"REST"},{"floor":44,"key":"RECALL"},{"floor":47,"key":"REST"},{"floor":49,"key":"REST"}],"neow_cost":"NONE","seed_source_timestamp":9612032197711444,"circlet_count":0,"master_deck":["AscendersBane","Defend_G","Defend_G","Defend_G","Defend_G+1","Defend_G","Strike_G+1","Strike_G+1","Strike_G+1","Survivor+1","Neutralize+1","Accuracy+1","Flying Knee","Sucker Punch+1","Blade Dance+1","Quick Slash+1","Footwork+1","Corpse Explosion","Cloak And Dagger+1","Cloak And Dagger+1","Envenom","Quick Slash","Blade Dance+1","Envenom","Wraith Form v2","Venomology","Violence","Riddle With Holes","Quick Slash","Catalyst","Backflip"],"special_seed":0,"relics":["Ring of the Snake","NeowsBlessing","Golden Idol","Potion Belt","War Paint","Fusion Hammer","Red Mask","MutagenicStrength","Lantern","Whetstone","Mummified Hand","Pantograph","WristBlade","Torii","Juzu Bracelet","PreservedInsect","Orichalcum","Prayer Wheel"],"potions_floor_usage":[23,25,33,46,48,48],"damage_taken":[{"damage":0.0,"enemies":"Small Slimes","floor":1.0,"turns":1.0},{"damage":0.0,"enemies":"2 Louse","floor":4.0,"turns":1.0},{"damage":0.0,"enemies":"3 Sentries","floor":7.0,"turns":2.0},{"damage":0.0,"enemies":"Cultist","floor":14.0,"turns":3.0},{"damage":49.0,"enemies":"Slime Boss","floor":16.0,"turns":17.0},{"damage":8.0,"enemies":"2 Thieves","floor":18.0,"turns":3.0},{"damage":12.0,"enemies":"Masked Bandits","floor":19.0,"turns":2.0},{"damage":0,"enemies":"Slavers","floor":23,"turns":2},{"damage":0,"enemies":"Spheric Guardian","floor":24,"turns":2},{"damage":3,"enemies":"Snake Plant","floor":25,"turns":4},{"damage":5,"enemies":"Snecko","floor":28,"turns":5},{"damage":22,"enemies":"Shelled Parasite and Fungi","floor":30,"turns":3},{"damage":37,"enemies":"Champ","floor":33,"turns":9},{"damage":4,"enemies":"Orb Walker","floor":35,"turns":3},{"damage":17,"enemies":"Mind Bloom Boss Battle","floor":36,"turns":8},{"damage":1,"enemies":"3 Shapes","floor":37,"turns":3},{"damage":7,"enemies":"Sphere and 2 Shapes","floor":41,"turns":5},{"damage":27,"enemies":"Maw","floor":45,"turns":6},{"damage":23,"enemies":"Nemesis","floor":46,"turns":5},{"damage":14,"enemies":"2 Orb Walkers","floor":48,"turns":2},{"damage":66,"enemies":"Time Eater","floor":50,"turns":5}],"seed_played":"-1978265561804567903","potions_obtained":[{"floor":1.0,"key":"Regen Potion"},{"floor":4.0,"key":"GhostInAJar"},{"floor":16.0,"key":"AttackPotion"},{"floor":18.0,"key":"Poison Potion"},{"floor":28,"key":"SteroidPotion"},{"floor":33,"key":"Explosive Potion"},{"floor":41,"key":"Regen Potion"},{"floor":48,"key":"Block Potion"}],"is_trial":false,"path_per_floor":["M","?","?","M","?","R","E","R","T","R","T","$","R","M","R","B",null,"M","?","?","?","$","E","M","M","T","R","M","R","M","T","R","B",null,"M","?","M","$","?","R","M","R","T","R","M","E","R","?","R","B"],"character_chosen":"THE_SILENT","items_purchased":["Blade Dance","Quick Slash","Lantern","Juzu Bracelet"],"campfire_rested":8,"item_purchase_floors":[12,12,22,38],"current_hp_per_floor":[59,39,39,39,16,35,35,35,35,35,35,35,35,35,35,1,50,42,30,30,30,30,30,30,27,27,46,41,60,38,38,57,29,57,53,49,48,48,48,66,59,66,66,66,39,16,35,31,50,0],"gold":297,"neow_bonus":"THREE_ENEMY_KILL","is_prod":false,"is_daily":false,"chose_seed":false,"campfire_upgraded":4,"win_rate":0,"timestamp":1555029275,"path_taken":["M","?","?","?","?","R","E","R","T","R","?","$","R","?","R","BOSS","M","?","?","?","$","E","M","M","T","R","M","R","?","?","R","BOSS","M","?","M","$","?","R","M","R","T","R","M","E","R","?","R","BOSS"],"build_version":"2019-01-23","purchased_purges":2,"victory":false,"max_hp_per_floor":[66,66,66,66,66,66,66,66,66,66,66,66,66,66,66,66,66,66,66,66,66,66,66,66,66,66,66,66,66,66,66,66,66,66,66,66,66,66,66,66,66,66,66,66,66,66,66,66,66,66],"card_choices":[{"not_picked":["Backflip","Bane"],"picked":"Accuracy","floor":1.0},{"not_picked":["Acrobatics","Dodge and Roll"],"picked":"Flying Knee","floor":4.0},{"not_picked":["Bane","Unload"],"picked":"Sucker Punch","floor":7.0},{"not_picked":["Tactician","Outmaneuver"],"picked":"Footwork","floor":14.0},{"not_picked":["A Thousand Cuts","Phantasmal Killer"],"picked":"Corpse Explosion","floor":16.0},{"not_picked":["Dagger Spray","Accuracy"],"picked":"Cloak And Dagger+1","floor":18.0},{"not_picked":["Deadly Poison","Slice+1"],"picked":"Cloak And Dagger","floor":19.0},{"not_picked":["Slice","Backflip"],"picked":"Envenom","floor":23},{"not_picked":["Underhanded Strike","Slice"],"picked":"Quick Slash","floor":24},{"not_picked":["Reflex","Eviscerate","Deflect"],"picked":"SKIP","floor":25},{"not_picked":["Bane","Accuracy"],"picked":"Blade Dance+1","floor":28},{"not_picked":["Dagger Throw","Choke"],"picked":"Envenom","floor":30},{"not_picked":["Die Die Die","Phantasmal Killer"],"picked":"Wraith Form v2","floor":33},{"not_picked":["Expertise+1","Deadly Poison","Poisoned Stab"],"picked":"SKIP","floor":35},{"not_picked":["Expertise","Slice+1"],"picked":"Venomology","floor":37},{"not_picked":["Good Instincts","Enlightenment"],"picked":"Violence","floor":39},{"not_picked":["Outmaneuver","Bane"],"picked":"Riddle With Holes","floor":41},{"not_picked":["Acrobatics+1","Bane"],"picked":"Quick Slash","floor":45},{"not_picked":["Glass Knife","Bane"],"picked":"Catalyst","floor":46},{"not_picked":["Outmaneuver+1","Slice+1"],"picked":"Backflip","floor":48}],"player_experience":630638,"relics_obtained":[{"floor":7.0,"key":"Potion Belt"},{"floor":11.0,"key":"War Paint"},{"floor":19.0,"key":"Red Mask"},{"floor":23,"key":"Whetstone"},{"floor":26,"key":"Mummified Hand"},{"floor":31,"key":"Pantograph"},{"floor":36,"key":"Torii"},{"floor":43,"key":"PreservedInsect"},{"floor":46,"key":"Orichalcum"},{"floor":48,"key":"Prayer Wheel"}],"event_choices":[{"damage_healed":0.0,"max_hp_gain":0.0,"max_hp_loss":0.0,"gold_gain":0.0,"event_name":"Shining Light","player_choice":"Entered Light","floor":2.0,"gold_loss":0.0,"damage_taken":20.0,"cards_upgraded":["Strike_G","Strike_G"]},{"damage_healed":0.0,"max_hp_gain":0.0,"max_hp_loss":0.0,"gold_gain":0.0,"event_name":"Upgrade Shrine","player_choice":"Upgraded","floor":3.0,"gold_loss":0.0,"damage_taken":0.0,"cards_upgraded":["Neutralize"]},{"damage_healed":0.0,"max_hp_gain":0.0,"max_hp_loss":0.0,"gold_gain":0.0,"event_name":"Golden Idol","player_choice":"Take Damage","floor":5.0,"gold_loss":0.0,"damage_taken":23.0,"relics_obtained":["Golden Idol"]},{"damage_healed":0.0,"max_hp_gain":0.0,"max_hp_loss":0.0,"gold_gain":0.0,"event_name":"Masked Bandits","player_choice":"Fought Bandits","floor":19.0,"gold_loss":0.0,"damage_taken":0.0},{"damage_healed":0,"gold_gain":0,"player_choice":"Inject Mutagens","damage_taken":0,"relics_obtained":["MutagenicStrength"],"max_hp_gain":0,"max_hp_loss":0,"event_name":"Drug Dealer","floor":20,"gold_loss":0},{"damage_healed":0,"gold_gain":0,"player_choice":"Upgraded","damage_taken":0,"max_hp_gain":0,"max_hp_loss":0,"event_name":"Upgrade Shrine","floor":21,"gold_loss":0,"cards_upgraded":["Cloak And Dagger"]},{"damage_healed":0,"gold_gain":0,"player_choice":"Fight","damage_taken":0,"max_hp_gain":0,"max_hp_loss":0,"event_name":"MindBloom","floor":36,"gold_loss":0},{"damage_healed":0,"gold_gain":0,"player_choice":"Memory 1","damage_taken":0,"max_hp_gain":0,"max_hp_loss":0,"event_name":"SensoryStone","floor":39,"gold_loss":0},{"damage_healed":0,"gold_gain":0,"player_choice":"Fight","damage_taken":0,"max_hp_gain":0,"max_hp_loss":0,"event_name":"Mysterious Sphere","floor":48,"gold_loss":0}],"is_beta":false,"boss_relics":[{"not_picked":["Coffee Dripper","Runic Dome"],"picked":"Fusion Hammer"},{"not_picked":["HoveringKite","Eternal Feather"],"picked":"WristBlade"}],"items_purged_floors":[12,38],"is_endless":false,"potions_floor_spawned":[1,4,16,18,28,33,41,45,48],"killed_by":"Time Eater","ascension_level":20}