{"gold_per_floor":[117,217,236,9,19,19,44,44,44,44,56,120,138,138,138,138],"floor_reached":16,"playtime":417,"items_purged":[],"score":220,"play_id":"72ba1476-1a86-4873-bd8a-7dcf542f82b6","local_time":"20190616214236","is_ascension_mode":true,"campfire_choices":[{"data":"Neutralize","floor":6.0,"key":"SMITH"},{"floor":15.0,"key":"REST"}],"neow_cost":"NONE","seed_source_timestamp":4353854544327554,"circlet_count":0,"master_deck":["AscendersBane","Defend_G","Defend_G","Defend_G","Defend_G","Defend_G","Strike_G","Strike_G","Strike_G","Strike_G","Strike_G+1","Survivor","Neutralize+1","Dash+1","Leg Sweep+1","Quick Slash","Caltrops","Storm of Steel","All Out Attack"],"special_seed":0,"relics":["Ring of the Snake","NeowsBlessing","TwistedFunnel","Dead Branch","Du-Vu Doll","Tiny Chest","Whetstone"],"potions_floor_usage":[16],"damage_taken":[{"damage":0.0,"enemies":"Small Slimes","floor":1.0,"turns":1.0},{"damage":0.0,"enemies":"Cultist","floor":3.0,"turns":1.0},{"damage":0.0,"enemies":"2 Louse","floor":5.0,"turns":1.0},{"damage":14.0,"enemies":"Gremlin Nob","floor":7.0,"turns":4.0},{"damage":0.0,"enemies":"Blue Slaver","floor":11.0,"turns":3.0},{"damage":22.0,"enemies":"3 Sentries","floor":12.0,"turns":10.0},{"damage":0.0,"enemies":"2 Fungi Beasts","floor":13.0,"turns":3.0},{"damage":44,"enemies":"Slime Boss","floor":16,"turns":7}],"seed_played":"4040632696978147484","potions_obtained":[{"floor":1.0,"key":"Strength Potion"},{"floor":3.0,"key":"Poison Potion"},{"floor":11.0,"key":"Ancient Potion"},{"floor":12.0,"key":"EssenceOfSteel"}],"is_trial":false,"path_per_floor":["M","?","M","$","M","R","E","$","T","?","M","E","M","T","R","B"],"character_chosen":"THE_SILENT","items_purchased":["TwistedFunnel"],"campfire_rested":1,"item_purchase_floors":[4],"current_hp_per_floor":[59,59,59,59,59,59,45,45,45,45,45,23,23,23,42,0],"gold":138,"neow_bonus":"THREE_ENEMY_KILL","is_prod":false,"is_daily":false,"chose_seed":false,"campfire_upgraded":1,"win_rate":0,"timestamp":1560735756,"path_taken":["M","?","M","$","?","R","E","?","T","?","M","E","M","?","R","BOSS"],"build_version":"2019-01-23","purchased_purges":0,"victory":false,"max_hp_per_floor":[66,66,66,66,66,66,66,66,66,66,66,66,66,66,66,66],"card_choices":[{"not_picked":["Endless Agony","Dagger Spray"],"picked":"Dash","floor":1.0},{"not_picked":["Endless Agony","Distraction"],"picked":"Leg Sweep","floor":3.0},{"not_picked":["Blur","Slice","Prepared"],"picked":"SKIP","floor":5.0},{"not_picked":["PiercingWail","Prepared"],"picked":"Quick Slash","floor":7.0},{"not_picked":["Reflex","Acrobatics"],"picked":"Caltrops","floor":11.0},{"not_picked":["PiercingWail","Blade Dance"],"picked":"Storm of Steel","floor":12.0},{"not_picked":["Leg Sweep","Caltrops"],"picked":"All Out Attack","floor":13.0}],"player_experience":748023,"relics_obtained":[{"floor":7.0,"key":"Dead Branch"},{"floor":9.0,"key":"Du-Vu Doll"},{"floor":12.0,"key":"Tiny Chest"},{"floor":14.0,"key":"Whetstone"}],"event_choices":[{"damage_healed":0.0,"max_hp_gain":0.0,"max_hp_loss":0.0,"gold_gain":100.0,"event_name":"Wheel of Change","player_choice":"Gold","floor":2.0,"gold_loss":0.0,"damage_taken":0.0},{"damage_healed":0.0,"max_hp_gain":0.0,"max_hp_loss":0.0,"gold_gain":0.0,"event_name":"Living Wall","player_choice":"Grow","floor":10.0,"gold_loss":0.0,"damage_taken":0.0,"cards_upgraded":["Leg Sweep"]}],"is_beta":false,"boss_relics":[],"items_purged_floors":[],"is_endless":false,"potions_floor_spawned":[1,3,11,12],"killed_by":"Slime Boss","ascension_level":20}