{"gold_per_floor":[111,130,130,143,153,178,178,178,225,225,257,271,281,299,299,397,397,410,359,342,342,361,389,389,389,415,415,431,431,531,561,561,658,688,705,268,283,283,296,296,313,328,328,328,122,137,155,173,173,173],"floor_reached":51,"playtime":3095,"items_purged":["Strike_B"],"score":753,"play_id":"3d295a71-e66d-4d9f-8f26-511fa6f0bc67","local_time":"20180709204645","is_ascension_mode":false,"campfire_choices":[{"floor":8.0,"key":"REST"},{"data":"Defragment","floor":10.0,"key":"SMITH"},{"floor":15,"key":"REST"},{"floor":24,"key":"REST"},{"data":"Zap","floor":27,"key":"SMITH"},{"data":"Conserve Battery","floor":29,"key":"SMITH"},{"floor":32,"key":"REST"},{"data":"Defragment","floor":40,"key":"SMITH"},{"floor":49,"key":"REST"}],"neow_cost":"","seed_source_timestamp":171290696119806,"circlet_count":0,"master_deck":["Strike_B","Defend_B+1","Defend_B","Defend_B","Defend_B","Zap+1","Dualcast","Conserve Battery+1","Auto Shields","Turbo","Defragment+1","Electrodynamics","Reinforced Body","Stack","Cold Snap","Cold Snap","Buffer","Conserve Battery","Reinforced Body+1","Sunder","FTL","Cold Snap+1","Heatsinks","Seek","Barrage+1","Leap+1","Defragment+1","Conserve Battery+1","Defragment+1","Cold Snap+1","Ball Lightning","Cold Snap","Apotheosis","Conserve Battery","Stack"],"special_seed":0,"relics":["Cracked Core","Cables","Bag of Preparation","Art of War","Inserter","Shuriken","DataDisk","Happy Flower","Tiny House","Ice Cream","Bottled Tornado"],"potions_floor_usage":[50,50,50],"damage_taken":[{"damage":3.0,"enemies":"2 Louse","floor":1.0,"turns":3.0},{"damage":0.0,"enemies":"Jaw Worm","floor":2.0,"turns":2.0},{"damage":0.0,"enemies":"Cultist","floor":4.0,"turns":4.0},{"damage":18.0,"enemies":"Exordium Thugs","floor":5.0,"turns":6.0},{"damage":19.0,"enemies":"3 Sentries","floor":6.0,"turns":11.0},{"damage":10.0,"enemies":"Gremlin Nob","floor":11.0,"turns":4.0},{"damage":0,"enemies":"2 Fungi Beasts","floor":12,"turns":2},{"damage":23,"enemies":"Gremlin Gang","floor":13,"turns":3},{"damage":0,"enemies":"Blue Slaver","floor":14,"turns":3},{"damage":32,"enemies":"Hexaghost","floor":16,"turns":17},{"damage":0,"enemies":"Spheric Guardian","floor":18,"turns":4},{"damage":9,"enemies":"2 Thieves","floor":20,"turns":5},{"damage":12,"enemies":"Slaver and Parasite","floor":22,"turns":9},{"damage":14,"enemies":"Gremlin Leader","floor":23,"turns":6},{"damage":0,"enemies":"Centurion and Healer","floor":28,"turns":5},{"damage":24,"enemies":"Slavers","floor":31,"turns":5},{"damage":38,"enemies":"Champ","floor":33,"turns":21},{"damage":21,"enemies":"3 Darklings","floor":35,"turns":3},{"damage":0,"enemies":"3 Shapes","floor":37,"turns":4},{"damage":0,"enemies":"Maw","floor":39,"turns":9},{"damage":12,"enemies":"4 Shapes","floor":41,"turns":4},{"damage":0,"enemies":"Sphere and 2 Shapes","floor":42,"turns":4},{"damage":13,"enemies":"3 Darklings","floor":46,"turns":3},{"damage":0,"enemies":"Maw","floor":47,"turns":7},{"damage":8,"enemies":"4 Shapes","floor":48,"turns":3},{"damage":26,"enemies":"Awakened One","floor":50,"turns":13}],"seed_played":"-3256137611729504537","potions_obtained":[{"floor":6.0,"key":"EssenceOfSteel"},{"floor":12,"key":"Strength Potion"},{"floor":13,"key":"Regen Potion"}],"is_trial":false,"path_per_floor":["M","M","?","M","M","E","?","R","T","R","E","M","M","M","R","B",null,"M","$","M","?","M","E","R","?","T","R","M","R","?","E","R","B",null,"M","$","M","?","M","R","M","M","T","?","$","M","M","M","R","B"],"character_chosen":"DEFECT","items_purchased":["Conserve Battery","Defragment","Ice Cream","Apotheosis"],"campfire_rested":5,"item_purchase_floors":[19,36,36,45],"current_hp_per_floor":[72,72,72,72,54,35,35,57,57,57,47,47,24,24,46,14,75,75,75,66,66,54,40,62,62,62,62,62,62,62,38,60,22,80,59,59,59,59,59,59,47,47,47,47,47,34,34,26,50,39],"gold":173,"neow_bonus":"","is_prod":false,"is_daily":false,"chose_seed":false,"campfire_upgraded":4,"win_rate":0,"timestamp":1531183605,"path_taken":["M","M","?","M","M","E","?","R","T","R","E","M","M","?","R","BOSS","M","$","M","?","M","E","R","?","T","R","M","R","?","E","R","BOSS","M","$","M","?","?","R","M","M","T","?","$","M","?","M","R","BOSS"],"build_version":"2018-07-05","purchased_purges":1,"victory":true,"max_hp_per_floor":[75,75,75,75,75,75,75,75,75,75,75,75,75,75,75,75,75,75,75,75,75,75,75,75,75,75,75,75,75,75,75,75,75,80,80,80,80,80,80,80,80,80,80,80,80,80,80,80,80,80],"card_choices":[{"not_picked":["Coolheaded","Steam"],"picked":"Conserve Battery","floor":1.0},{"not_picked":["Blizzard","Compile Driver"],"picked":"Auto Shields","floor":2.0},{"not_picked":["Fusion","Turbo","Heatsinks"],"picked":"SKIP","floor":4.0},{"not_picked":["Barrage","Beam Cell"],"picked":"Defragment","floor":5.0},{"not_picked":["Leap","Hyperbeam"],"picked":"Electrodynamics","floor":6.0},{"not_picked":["Steam","Beam Cell"],"picked":"Reinforced Body","floor":11.0},{"not_picked":["Hello World","Barrage"],"picked":"Stack","floor":12},{"not_picked":["Conserve Battery","Redo"],"picked":"Cold Snap","floor":13},{"not_picked":["Scrape","Turbo"],"picked":"Cold Snap","floor":14},{"not_picked":["Rainbow","Hyperbeam"],"picked":"Buffer","floor":16},{"not_picked":["Gash","Force Field+1","Turbo+1"],"picked":"SKIP","floor":18},{"not_picked":["Skim","Streamline"],"picked":"Reinforced Body+1","floor":20},{"not_picked":["Compile Driver","Sweeping Beam"],"picked":"FTL","floor":22},{"not_picked":["Redo","Tempest","Auto Shields"],"picked":"SKIP","floor":23},{"not_picked":["Sweeping Beam","Hologram"],"picked":"Cold Snap+1","floor":28},{"not_picked":["Barrage","Multi-Cast"],"picked":"Heatsinks","floor":31},{"not_picked":["Amplify","Reboot"],"picked":"Seek","floor":33},{"not_picked":["Streamline","Melter"],"picked":"Barrage+1","floor":34},{"not_picked":["Rebound+1","Sweeping Beam+1"],"picked":"Leap+1","floor":35},{"not_picked":["Go for the Eyes+1","Blizzard"],"picked":"Conserve Battery+1","floor":37},{"not_picked":["Go for the Eyes+1","Steam+1"],"picked":"Cold Snap+1","floor":39},{"not_picked":["Steam","Machine Learning"],"picked":"Ball Lightning","floor":41},{"not_picked":["Go for the Eyes","Sweeping Beam"],"picked":"Cold Snap","floor":42},{"not_picked":["Rebound+1","Scrape+1"],"picked":"Conserve Battery","floor":46},{"not_picked":["Electrodynamics","Self Repair"],"picked":"Stack","floor":47},{"not_picked":["Lockon+1","Genetic Algorithm+1","Compile Driver"],"picked":"SKIP","floor":48}],"player_experience":100414,"relics_obtained":[{"floor":6.0,"key":"Cables"},{"floor":9.0,"key":"Bag of Preparation"},{"floor":11.0,"key":"Art of War"},{"floor":23,"key":"Shuriken"},{"floor":26,"key":"DataDisk"},{"floor":31,"key":"Happy Flower"},{"floor":43,"key":"Bottled Tornado"}],"event_choices":[{"event_name":"Living Wall","player_choice":"Change","floor":3.0,"damage_taken":0.0},{"event_name":"Liars Game","player_choice":"disagreed","floor":7.0,"damage_taken":0.0},{"event_name":"The Library","player_choice":"Read","floor":21,"damage_taken":0},{"event_name":"Cursed Tome","player_choice":"Ignored","floor":25,"damage_taken":0},{"event_name":"Golden Shrine","player_choice":"Pray","floor":30,"damage_taken":0},{"event_name":"Duplicator","player_choice":"One dupe","floor":38,"damage_taken":0},{"event_name":"Bonfire Elementals","player_choice":"BASIC","floor":44,"damage_taken":0}],"boss_relics":[{"not_picked":["Eternal Feather","Pandora\u0027s Box"],"picked":"Inserter"},{"not_picked":["Calling Bell","Snecko Eye"],"picked":"Tiny House"}],"items_purged_floors":[36],"is_endless":false,"potions_floor_spawned":[6,12,13,14,16,18,23,33,35,37,46],"ascension_level":0}