{"gold_per_floor":[361,286,361,374,16,48,64,84,110,110,110,144,294,109,109,184,184,203,25,44,44,44],"floor_reached":22,"playtime":602,"items_purged":["Defend_B","Doubt","Strike_B"],"score":384,"play_id":"72bafc28-b798-4d0e-a22a-d7d86ab5b660","local_time":"20190526215344","is_ascension_mode":true,"campfire_choices":[{"floor":10.0,"key":"REST"},{"data":"Defragment","floor":15.0,"key":"SMITH"}],"neow_cost":"TEN_PERCENT_HP_LOSS","seed_source_timestamp":98542092795300,"circlet_count":0,"master_deck":["AscendersBane","Strike_B","Strike_B","Defend_B","Defend_B","Defend_B","Zap","Dualcast","Cold Snap","Ball Lightning","Darkness+1","White Noise+1","Darkness+1","Reprogram+1","Defragment+1","Multi-Cast+1","Conserve Battery+1","Leap+1","Defragment+1"],"special_seed":0,"relics":["Cracked Core","Question Card","Cables","Toxic Egg 2","Vajra","Art of War","Philosopher\u0027s Stone"],"potions_floor_usage":[],"damage_taken":[{"damage":8.0,"enemies":"Small Slimes","floor":1.0,"turns":4.0},{"damage":2.0,"enemies":"Jaw Worm","floor":4.0,"turns":4.0},{"damage":23.0,"enemies":"Lagavulin","floor":6.0,"turns":5.0},{"damage":0.0,"enemies":"Cultist","floor":7.0,"turns":3.0},{"damage":3.0,"enemies":"Blue Slaver","floor":8.0,"turns":2.0},{"damage":6.0,"enemies":"Gremlin Nob","floor":12.0,"turns":3.0},{"damage":26.0,"enemies":"The Guardian","floor":16.0,"turns":6.0},{"damage":14.0,"enemies":"Spheric Guardian","floor":18.0,"turns":4.0},{"damage":18.0,"enemies":"Shell Parasite","floor":20.0,"turns":4.0},{"damage":4.0,"enemies":"Colosseum Slavers","floor":21.0,"turns":5.0},{"damage":26,"enemies":"Chosen and Byrds","floor":22,"turns":3}],"seed_played":"4597582957631454191","potions_obtained":[{"floor":1.0,"key":"EssenceOfSteel"},{"floor":8.0,"key":"AttackPotion"},{"floor":12.0,"key":"GamblersBrew"}],"is_trial":false,"path_per_floor":["M","?","T","M","$","E","M","M","T","R","?","E","?","$","R","B",null,"M","$","M","?","M"],"character_chosen":"DEFECT","items_purchased":["Cables","Defragment","Leap+1"],"campfire_rested":1,"item_purchase_floors":[5,14,19],"current_hp_per_floor":[56,56,56,54,54,31,31,28,28,47,52,46,46,46,46,20,57,43,43,25,21,0],"gold":44,"neow_bonus":"TWO_FIFTY_GOLD","is_prod":false,"is_daily":false,"chose_seed":false,"campfire_upgraded":1,"win_rate":0,"timestamp":1558904024,"path_taken":["M","?","?","M","$","E","?","M","T","R","?","E","?","$","R","BOSS","M","$","M","?","M"],"build_version":"2019-01-23","purchased_purges":3,"victory":false,"max_hp_per_floor":[64,64,64,64,64,64,64,64,64,64,69,69,69,69,69,69,69,69,69,69,69,69],"card_choices":[{"not_picked":["Tempest","Turbo"],"picked":"Cold Snap","floor":1.0},{"not_picked":["Loop","Leap","Reprogram"],"picked":"Ball Lightning","floor":4.0},{"not_picked":["FTL","Scrape","Sunder"],"picked":"Darkness","floor":6.0},{"not_picked":["Force Field+1","Ball Lightning","Static Discharge"],"picked":"White Noise+1","floor":7.0},{"not_picked":["Chill+1","Leap+1","Static Discharge"],"picked":"Darkness+1","floor":8.0},{"not_picked":["Compile Driver","Turbo+1","Heatsinks"],"picked":"Reprogram+1","floor":12.0},{"not_picked":["Machine Learning","Amplify+1","Hyperbeam"],"picked":"Multi-Cast+1","floor":16.0},{"not_picked":["Rebound","Streamline","Barrage"],"picked":"Conserve Battery+1","floor":18.0},{"not_picked":["White Noise+1","Stack+1","Melter"],"picked":"Defragment+1","floor":20.0}],"player_experience":1406025,"relics_obtained":[{"floor":3.0,"key":"Question Card"},{"floor":6.0,"key":"Toxic Egg 2"},{"floor":9.0,"key":"Vajra"},{"floor":12.0,"key":"Art of War"}],"event_choices":[{"cards_removed":["Strike_B"],"damage_healed":0.0,"max_hp_gain":0.0,"max_hp_loss":0.0,"gold_gain":0.0,"event_name":"The Cleric","player_choice":"Card Removal","floor":2.0,"gold_loss":75.0,"damage_taken":0.0},{"damage_healed":0.0,"max_hp_gain":5.0,"max_hp_loss":0.0,"gold_gain":0.0,"event_name":"Big Fish","player_choice":"Donut","floor":11.0,"gold_loss":0.0,"damage_taken":0.0},{"damage_healed":0.0,"max_hp_gain":0.0,"max_hp_loss":0.0,"gold_gain":150.0,"event_name":"Liars Game","player_choice":"AGREE","floor":13.0,"gold_loss":0.0,"damage_taken":0.0,"cards_obtained":["Doubt"]},{"damage_healed":0.0,"max_hp_gain":0.0,"max_hp_loss":0.0,"gold_gain":0.0,"event_name":"Colosseum","player_choice":"Fight","floor":21.0,"gold_loss":0.0,"damage_taken":0.0},{"damage_healed":0.0,"max_hp_gain":0.0,"max_hp_loss":0.0,"gold_gain":0.0,"event_name":"Colosseum","player_choice":"Fled From Nobs","floor":21.0,"gold_loss":0.0,"damage_taken":0.0}],"is_beta":false,"boss_relics":[{"not_picked":["Calling Bell","Busted Crown"],"picked":"Philosopher\u0027s Stone"}],"items_purged_floors":[5,14,19],"is_endless":false,"potions_floor_spawned":[1,8,12,21],"killed_by":"Chosen and Byrds","ascension_level":20}