{"gold_per_floor":[369,444,518,0,10,35,35,92,92,124,124,72,72,72,72,149,149,163,178,178,178,64,64,82,82,82,82,109,109,141,241,241,318,318,338,338,355,367,382,417,428,428,483,495,495,895,910,44,44,44],"floor_reached":50,"playtime":2624,"items_purged":["Strike_R+1","Clumsy"],"score":1078,"play_id":"71f17c77-2b6e-4bd1-86f6-1adac18e680a","local_time":"20190626165831","is_ascension_mode":true,"campfire_choices":[{"floor":7.0,"key":"REST"},{"data":"Metallicize","floor":11.0,"key":"SMITH"},{"data":"Bash","floor":15.0,"key":"SMITH"},{"floor":23.0,"key":"REST"},{"data":"Rampage","floor":25.0,"key":"SMITH"},{"data":"Fiend Fire","floor":27.0,"key":"SMITH"},{"floor":32.0,"key":"RECALL"},{"data":"Corruption","floor":42.0,"key":"SMITH"},{"data":"Heavy Blade","floor":49.0,"key":"SMITH"}],"neow_cost":"PERCENT_DAMAGE","seed_source_timestamp":0,"circlet_count":0,"master_deck":["AscendersBane","Strike_R+1","Strike_R+1","Strike_R+1","Defend_R+1","Defend_R+1","Defend_R+1","Defend_R+1","Bash+1","Metallicize+1","True Grit+1","Dropkick","Rampage+1","Shrug It Off+1","Spot Weakness+1","Flame Barrier+1","Sword Boomerang","Shrug It Off+1","Fiend Fire+1","Body Slam+1","Feel No Pain","Cleave","Dropkick+1","Heavy Blade+1","Corruption+1","Limit Break+1","Burning Pact+1","Madness+1","Madness+1","True Grit+1","Whirlwind","Entrench+1","Dropkick+1","Secret Weapon+1","Sword Boomerang+1","Twin Strike+1","Chrysalis+1","Double Tap+1","Flame Barrier+1"],"special_seed":0,"relics":["Burning Blood","Toxic Egg 2","Bag of Marbles","Bronze Scales","Potion Belt","Centennial Puzzle","Juzu Bracelet","Ornamental Fan","Philosopher\u0027s Stone","Enchiridion","Sundial","FossilizedHelix","Anchor","Bird Faced Urn","Self Forming Clay","Cursed Key","Dream Catcher","Old Coin","Art of War","Happy Flower"],"potions_floor_usage":[50],"damage_taken":[{"damage":26.0,"enemies":"Jaw Worm","floor":1.0,"turns":7.0},{"damage":0.0,"enemies":"Cultist","floor":5.0,"turns":3.0},{"damage":27.0,"enemies":"Lagavulin","floor":6.0,"turns":8.0},{"damage":20.0,"enemies":"3 Sentries","floor":8.0,"turns":10.0},{"damage":18.0,"enemies":"3 Sentries","floor":10.0,"turns":9.0},{"damage":5.0,"enemies":"Hexaghost","floor":16.0,"turns":9.0},{"damage":11.0,"enemies":"3 Byrds","floor":18.0,"turns":3.0},{"damage":14.0,"enemies":"Spheric Guardian","floor":19.0,"turns":4.0},{"damage":0.0,"enemies":"Snecko","floor":24.0,"turns":5.0},{"damage":9.0,"enemies":"Book of Stabbing","floor":28.0,"turns":4.0},{"damage":10.0,"enemies":"Slavers","floor":30.0,"turns":5.0},{"damage":0.0,"enemies":"Colosseum Slavers","floor":31.0,"turns":2.0},{"damage":0.0,"enemies":"Colosseum Nobs","floor":31.0,"turns":3.0},{"damage":47.0,"enemies":"Collector","floor":33.0,"turns":11.0},{"damage":0.0,"enemies":"3 Shapes","floor":35.0,"turns":4.0},{"damage":14.0,"enemies":"3 Darklings","floor":37.0,"turns":3.0},{"damage":10.0,"enemies":"Jaw Worm Horde","floor":38.0,"turns":5.0},{"damage":0.0,"enemies":"Sphere and 2 Shapes","floor":39.0,"turns":7.0},{"damage":12.0,"enemies":"Nemesis","floor":40.0,"turns":7.0},{"damage":0.0,"enemies":"Transient","floor":41.0,"turns":6.0},{"damage":0.0,"enemies":"4 Shapes","floor":44.0,"turns":6.0},{"damage":0.0,"enemies":"Mind Bloom Boss Battle","floor":46.0,"turns":7.0},{"damage":8.0,"enemies":"Sphere and 2 Shapes","floor":47.0,"turns":5.0},{"damage":94,"enemies":"Time Eater","floor":50,"turns":7}],"seed_played":"6245704351698855567","potions_obtained":[{"floor":1.0,"key":"Regen Potion"},{"floor":5.0,"key":"BloodPotion"},{"floor":6.0,"key":"Energy Potion"},{"floor":16.0,"key":"Swift Potion"},{"floor":19.0,"key":"SteroidPotion"},{"floor":24.0,"key":"Strength Potion"},{"floor":30.0,"key":"FearPotion"},{"floor":33.0,"key":"Fire Potion"},{"floor":39.0,"key":"Regen Potion"},{"floor":40.0,"key":"SkillPotion"},{"floor":46.0,"key":"Fire Potion"},{"floor":47.0,"key":"Fruit Juice"}],"is_trial":false,"path_per_floor":["M","?","T","$","M","E","R","?","T","E","R","$","?","$","R","B",null,"M","M","?","?","$","R","M","R","T","R","E","?","E","?","R","B",null,"M","?","M","M","M","E","M","R","T","M","?","?","M","$","R","B"],"character_chosen":"IRONCLAD","items_purchased":["Bag of Marbles","Bronze Scales","True Grit+1","Dropkick","Rampage","Sword Boomerang","Feel No Pain","Chrysalis+1","Double Tap+1","Flame Barrier+1","Art of War","Happy Flower"],"campfire_rested":2,"item_purchase_floors":[4,4,4,4,4,12,22,48,48,48,48,48],"current_hp_per_floor":[30,19,19,19,25,26,48,34,34,22,22,22,22,22,22,23,62,57,49,28,28,28,50,56,56,56,56,53,53,49,61,61,28,63,75,61,53,57,69,69,75,75,75,75,75,75,78,78,78,0],"gold":44,"neow_bonus":"TWO_FIFTY_GOLD","is_prod":false,"is_daily":false,"chose_seed":false,"campfire_upgraded":6,"win_rate":0,"timestamp":1561582711,"path_taken":["M","?","?","$","M","E","R","?","T","E","R","?","?","?","R","BOSS","M","M","?","?","$","R","M","R","T","R","E","?","E","?","R","BOSS","M","?","M","M","M","E","M","R","T","M","?","?","M","$","R","BOSS"],"build_version":"2019-01-23","purchased_purges":2,"victory":false,"max_hp_per_floor":[75,75,75,75,75,75,75,75,75,75,75,75,75,75,75,75,75,75,75,75,75,75,75,75,75,75,75,75,75,75,75,75,75,75,75,75,75,75,75,75,75,75,75,75,75,75,80,80,80,80],"card_choices":[{"not_picked":["Ghostly Armor","Shrug It Off"],"picked":"Metallicize","floor":1.0},{"not_picked":["Carnage","Hemokinesis","Burning Pact+1"],"picked":"SKIP","floor":5.0},{"not_picked":["Warcry+1","Uppercut"],"picked":"Shrug It Off+1","floor":6.0},{"not_picked":["Warcry+1","Shrug It Off+1"],"picked":"Spot Weakness+1","floor":8.0},{"not_picked":["Heavy Blade","Disarm+1"],"picked":"Flame Barrier+1","floor":10.0},{"not_picked":["Impervious+1","Offering+1"],"picked":"Fiend Fire","floor":16.0},{"not_picked":["Clash","Body Slam","Sever Soul+1"],"picked":"SKIP","floor":18.0},{"not_picked":["Clash","Body Slam","Sever Soul+1"],"picked":"SKIP","floor":18.0},{"not_picked":["Inflame","Pommel Strike"],"picked":"Body Slam+1","floor":19.0},{"not_picked":["True Grit+1","Pommel Strike"],"picked":"Cleave","floor":24.0},{"not_picked":["Perfected Strike","Clothesline+1"],"picked":"Dropkick+1","floor":28.0},{"not_picked":["True Grit+1","Exhume+1"],"picked":"Heavy Blade","floor":30.0},{"not_picked":["Heavy Blade","Iron Wave"],"picked":"Corruption","floor":31.0},{"not_picked":["Exhume+1","Berserk"],"picked":"Limit Break+1","floor":33.0},{"not_picked":["Anger","Carnage"],"picked":"Burning Pact+1","floor":35.0},{"not_picked":["Perfected Strike+1","Sever Soul"],"picked":"True Grit+1","floor":37.0},{"not_picked":["Thunderclap","Hemokinesis","Armaments+1"],"picked":"SKIP","floor":38.0},{"not_picked":["Warcry+1","Spot Weakness+1"],"picked":"Whirlwind","floor":39.0},{"not_picked":["Cleave","Combust+1"],"picked":"Entrench+1","floor":40.0},{"not_picked":["Reckless Charge","Havoc+1"],"picked":"Dropkick+1","floor":41.0},{"not_picked":["Infernal Blade+1","Armaments+1","Rampage"],"picked":"SKIP","floor":44.0},{"not_picked":["Mind Blast","Dark Shackles+1"],"picked":"Secret Weapon+1","floor":45.0},{"not_picked":["Anger","Havoc+1"],"picked":"Sword Boomerang+1","floor":46.0},{"not_picked":["Dual Wield+1","Infernal Blade+1"],"picked":"Twin Strike+1","floor":47.0}],"player_experience":782966,"relics_obtained":[{"floor":3.0,"key":"Toxic Egg 2"},{"floor":6.0,"key":"Potion Belt"},{"floor":9.0,"key":"Juzu Bracelet"},{"floor":10.0,"key":"Ornamental Fan"},{"floor":20.0,"key":"Enchiridion"},{"floor":26.0,"key":"Sundial"},{"floor":28.0,"key":"FossilizedHelix"},{"floor":30.0,"key":"Anchor"},{"floor":31.0,"key":"Bird Faced Urn"},{"floor":31.0,"key":"Self Forming Clay"},{"floor":40.0,"key":"Dream Catcher"},{"floor":46.0,"key":"Old Coin"}],"event_choices":[{"damage_healed":0.0,"max_hp_gain":0.0,"max_hp_loss":0.0,"gold_gain":75.0,"event_name":"World of Goop","player_choice":"Gather Gold","floor":2.0,"gold_loss":0.0,"damage_taken":11.0},{"damage_healed":0.0,"max_hp_gain":0.0,"max_hp_loss":0.0,"gold_gain":30.0,"event_name":"Dead Adventurer","player_choice":"Searched \u00273\u0027 times","floor":8.0,"gold_loss":0.0,"damage_taken":0.0,"relics_obtained":["Centennial Puzzle"]},{"damage_healed":0.0,"max_hp_gain":0.0,"max_hp_loss":0.0,"gold_gain":0.0,"cards_transformed":["Strike_R"],"event_name":"Transmorgrifier","player_choice":"Transformed","floor":13.0,"gold_loss":0.0,"damage_taken":0.0,"cards_obtained":["Shrug It Off"]},{"damage_healed":0.0,"max_hp_gain":0.0,"max_hp_loss":0.0,"gold_gain":0.0,"event_name":"Cursed Tome","player_choice":"Obtained Book","floor":20.0,"gold_loss":0.0,"damage_taken":21.0},{"damage_healed":0.0,"max_hp_gain":0.0,"max_hp_loss":0.0,"gold_gain":0.0,"event_name":"Back to Basics","player_choice":"Simplicity","floor":21.0,"gold_loss":0.0,"damage_taken":0.0,"cards_upgraded":["Strike_R","Strike_R","Strike_R","Strike_R","Defend_R","Defend_R","Defend_R","Defend_R"]},{"damage_healed":0.0,"max_hp_gain":0.0,"max_hp_loss":0.0,"gold_gain":0.0,"event_name":"Ghosts","player_choice":"Ignored","floor":29.0,"gold_loss":0.0,"damage_taken":0.0},{"damage_healed":0.0,"max_hp_gain":0.0,"max_hp_loss":0.0,"gold_gain":0.0,"event_name":"Colosseum","player_choice":"Fight","floor":31.0,"gold_loss":0.0,"damage_taken":0.0},{"damage_healed":0.0,"max_hp_gain":0.0,"max_hp_loss":0.0,"gold_gain":0.0,"event_name":"Colosseum","player_choice":"Fought Nobs","floor":31.0,"gold_loss":0.0,"damage_taken":0.0},{"damage_healed":0.0,"max_hp_gain":0.0,"max_hp_loss":0.0,"gold_gain":0.0,"event_name":"Winding Halls","player_choice":"Embrace Madness","floor":36.0,"gold_loss":0.0,"damage_taken":14.0,"cards_obtained":["Madness","Madness"]},{"damage_healed":0.0,"max_hp_gain":0.0,"max_hp_loss":0.0,"gold_gain":0.0,"event_name":"SensoryStone","player_choice":"Memory 1","floor":45.0,"gold_loss":0.0,"damage_taken":0.0},{"damage_healed":0.0,"max_hp_gain":0.0,"max_hp_loss":0.0,"gold_gain":0.0,"event_name":"MindBloom","player_choice":"Fight","floor":46.0,"gold_loss":0.0,"damage_taken":0.0}],"is_beta":false,"boss_relics":[{"not_picked":["Calling Bell","Runic Dome"],"picked":"Philosopher\u0027s Stone"},{"not_picked":["Black Blood","Empty Cage"],"picked":"Cursed Key"}],"items_purged_floors":[22,48],"is_endless":false,"potions_floor_spawned":[1,5,6,16,19,24,30,33,39,40,46,47],"killed_by":"Time Eater","ascension_level":20}