{"gold_per_floor":[117,127,19,0,10,10,40,40,93,93,122,122,134,169,169,244,244,244,7,7,7,7,7,7,7,7,7,7,7,7,7,7,7,7,7,7,7,7,7,7,7,7,7,7,7,7],"floor_reached":46,"playtime":1410,"items_purged":["Strike_G"],"score":941,"play_id":"76dc1e7b-159c-44a6-aa7d-2825df4ea450","local_time":"20190617190740","is_ascension_mode":true,"campfire_choices":[{"data":"Noxious Fumes","floor":6.0,"key":"SMITH"},{"floor":10.0,"key":"REST"},{"floor":12.0,"key":"REST"},{"data":"Neutralize","floor":15.0,"key":"SMITH"},{"floor":23.0,"key":"REST"},{"floor":27.0,"key":"REST"},{"floor":32,"key":"REST"},{"data":"A Thousand Cuts","floor":40,"key":"SMITH"},{"floor":44,"key":"REST"}],"neow_cost":"NONE","seed_source_timestamp":4429869193200133,"circlet_count":0,"master_deck":["AscendersBane","Defend_G","Defend_G","Defend_G","Defend_G","Defend_G","Strike_G","Strike_G","Strike_G","Strike_G","Survivor","Neutralize+1","Die Die Die","Dagger Spray","Noxious Fumes+1","Deflect","Cloak And Dagger","Sucker Punch","Terror+1","Backflip+1","Glass Knife","Corpse Explosion+1","Flying Knee","Cloak And Dagger+1","Cloak And Dagger+1","Blur+1","A Thousand Cuts+1","Dash+1","Footwork","Cloak And Dagger+1","Dodge and Roll+1","Leg Sweep+1"],"special_seed":0,"relics":["Ring of the Snake","Toxic Egg 2","Vajra","Pen Nib","Question Card","Ectoplasm","Bronze Scales","Tingsha","Ornamental Fan","Snecko Eye","Girya","SsserpentHead"],"potions_floor_usage":[33],"damage_taken":[{"damage":0.0,"enemies":"2 Louse","floor":1.0,"turns":1.0},{"damage":7.0,"enemies":"Jaw Worm","floor":2.0,"turns":5.0},{"damage":0.0,"enemies":"Small Slimes","floor":5.0,"turns":2.0},{"damage":20.0,"enemies":"Lagavulin","floor":7.0,"turns":8.0},{"damage":0.0,"enemies":"Gremlin Gang","floor":8.0,"turns":1.0},{"damage":25.0,"enemies":"3 Sentries","floor":11.0,"turns":7.0},{"damage":8.0,"enemies":"Blue Slaver","floor":13.0,"turns":4.0},{"damage":8.0,"enemies":"Gremlin Nob","floor":14.0,"turns":3.0},{"damage":7.0,"enemies":"Hexaghost","floor":16.0,"turns":9.0},{"damage":16.0,"enemies":"Spheric Guardian","floor":18.0,"turns":4.0},{"damage":4.0,"enemies":"Chosen","floor":22.0,"turns":4.0},{"damage":22,"enemies":"Slavers","floor":28,"turns":2},{"damage":0,"enemies":"Snecko","floor":29,"turns":3},{"damage":1,"enemies":"Snake Plant","floor":30,"turns":2},{"damage":54,"enemies":"Collector","floor":33,"turns":10},{"damage":0,"enemies":"Orb Walker","floor":35,"turns":2},{"damage":22,"enemies":"2 Orb Walkers","floor":36,"turns":2},{"damage":0,"enemies":"3 Shapes","floor":37,"turns":6},{"damage":14,"enemies":"3 Darklings","floor":39,"turns":3},{"damage":29,"enemies":"Writhing Mass","floor":41,"turns":7},{"damage":19,"enemies":"Sphere and 2 Shapes","floor":45,"turns":4},{"damage":24,"enemies":"Spire Growth","floor":46,"turns":4}],"seed_played":"5066959656671557668","potions_obtained":[{"floor":2.0,"key":"SmokeBomb"},{"floor":7.0,"key":"Weak Potion"},{"floor":13.0,"key":"AttackPotion"},{"floor":14.0,"key":"Ancient Potion"},{"floor":18.0,"key":"FairyPotion"},{"floor":41,"key":"Dexterity Potion"}],"is_trial":false,"path_per_floor":["M","M","$","?","M","R","E","M","T","R","E","R","M","E","R","B",null,"M","$","?","?","M","R","?","$","T","R","E","M","M","$","R","B",null,"M","?","M","?","M","R","M","?","T","R","M","M"],"character_chosen":"THE_SILENT","items_purchased":["Noxious Fumes","Deflect","Bronze Scales"],"campfire_rested":6,"item_purchase_floors":[3,3,19],"current_hp_per_floor":[59,52,52,52,52,52,32,32,32,51,26,45,37,29,29,22,55,39,39,21,21,17,38,38,38,38,59,37,37,36,36,57,3,54,54,32,32,58,44,44,15,15,15,32,13,0],"gold":7,"neow_bonus":"ONE_RANDOM_RARE_CARD","is_prod":false,"is_daily":false,"chose_seed":false,"campfire_upgraded":3,"win_rate":0,"timestamp":1560812860,"path_taken":["M","M","$","?","M","R","E","M","T","R","E","R","M","E","R","BOSS","M","$","?","?","M","R","?","?","T","R","E","M","M","$","R","BOSS","M","?","M","?","M","R","M","?","T","R","M","M"],"build_version":"2019-01-23","purchased_purges":1,"victory":false,"max_hp_per_floor":[66,66,66,66,66,66,66,66,66,66,66,66,66,66,66,66,66,66,66,71,71,71,71,71,71,71,71,71,71,71,71,71,71,71,71,71,71,58,58,58,58,58,58,58,58,58],"card_choices":[{"not_picked":["Deadly Poison","PiercingWail","Choke"],"picked":"SKIP","floor":1.0},{"not_picked":["Deflect","Quick Slash"],"picked":"Dagger Spray","floor":2.0},{"not_picked":["Setup","Eviscerate"],"picked":"Cloak And Dagger","floor":5.0},{"not_picked":["Reflex","Dagger Spray"],"picked":"Sucker Punch","floor":7.0},{"not_picked":["Escape Plan+1","Blade Dance+1"],"picked":"Terror+1","floor":11.0},{"not_picked":["Prepared+1","Dagger Throw"],"picked":"Backflip+1","floor":13.0},{"not_picked":["Accuracy","Dagger Spray"],"picked":"Glass Knife","floor":14.0},{"not_picked":["Envenom","Tools of the Trade","Malaise+1"],"picked":"Corpse Explosion+1","floor":16.0},{"not_picked":["Sucker Punch","Riddle With Holes","Poisoned Stab"],"picked":"Flying Knee","floor":18.0},{"not_picked":["Masterful Stab","Backflip+1","Terror+1"],"picked":"Cloak And Dagger+1","floor":22.0},{"not_picked":["Backstab","Outmaneuver+1","Riddle With Holes","Bane"],"picked":"SKIP","floor":28},{"not_picked":["Concentrate+1","Quick Slash","Slice"],"picked":"Cloak And Dagger+1","floor":29},{"not_picked":["Heel Hook+1","Expertise+1","Cloak And Dagger+1"],"picked":"Blur+1","floor":30},{"not_picked":["Venomology+1","Doppelganger+1","Storm of Steel+1"],"picked":"A Thousand Cuts","floor":33},{"not_picked":["Distraction+1","Masterful Stab","Prepared+1"],"picked":"Dash+1","floor":35},{"not_picked":["Poisoned Stab","Endless Agony","Underhanded Strike"],"picked":"Footwork","floor":36},{"not_picked":["Dagger Throw","Outmaneuver+1","Backstab"],"picked":"Cloak And Dagger+1","floor":37},{"not_picked":["Finisher","Bane","PiercingWail+1"],"picked":"Dodge and Roll+1","floor":39},{"not_picked":["Calculated Gamble+1","Blade Dance+1","Deadly Poison+1"],"picked":"Leg Sweep+1","floor":45}],"player_experience":750183,"relics_obtained":[{"floor":7.0,"key":"Toxic Egg 2"},{"floor":9.0,"key":"Vajra"},{"floor":11.0,"key":"Pen Nib"},{"floor":14.0,"key":"Question Card"},{"floor":26.0,"key":"Tingsha"},{"floor":28,"key":"Ornamental Fan"},{"floor":36,"key":"Girya"}],"event_choices":[{"damage_healed":0.0,"max_hp_gain":0.0,"max_hp_loss":0.0,"gold_gain":0.0,"event_name":"World of Goop","player_choice":"Left Gold","floor":4.0,"gold_loss":19.0,"damage_taken":0.0},{"damage_healed":0.0,"max_hp_gain":5.0,"max_hp_loss":0.0,"gold_gain":0.0,"event_name":"Forgotten Altar","player_choice":"Shed Blood","floor":20.0,"gold_loss":0.0,"damage_taken":23.0},{"damage_healed":0.0,"max_hp_gain":0.0,"max_hp_loss":0.0,"gold_gain":0.0,"event_name":"Cursed Tome","player_choice":"Ignored","floor":21.0,"gold_loss":0.0,"damage_taken":0.0},{"damage_healed":0.0,"max_hp_gain":0.0,"max_hp_loss":0.0,"gold_gain":0.0,"event_name":"Ghosts","player_choice":"Ignored","floor":24.0,"gold_loss":0.0,"damage_taken":0.0},{"damage_healed":0,"gold_gain":0,"player_choice":"Fight","damage_taken":0,"max_hp_gain":0,"max_hp_loss":0,"event_name":"Mysterious Sphere","floor":36,"gold_loss":0},{"damage_healed":58,"gold_gain":0,"player_choice":"Heal","damage_taken":0,"max_hp_gain":0,"max_hp_loss":13,"event_name":"The Moai Head","floor":38,"gold_loss":0},{"damage_healed":0,"gold_gain":0,"player_choice":"Trade","damage_taken":0,"relics_obtained":["SsserpentHead"],"max_hp_gain":0,"max_hp_loss":0,"event_name":"FaceTrader","floor":42,"gold_loss":0}],"is_beta":false,"boss_relics":[{"not_picked":["Black Star","Velvet Choker"],"picked":"Ectoplasm"},{"not_picked":["Tiny House","HoveringKite"],"picked":"Snecko Eye"}],"items_purged_floors":[19],"is_endless":false,"potions_floor_spawned":[2,7,13,14,18,22,28,41,45],"killed_by":"Spire Growth","ascension_level":20}