{"gold_per_floor":[112,131,141,141,141,141,171,171,171,202,213,240,257,10,10,89,89,105,116,116,116,134,159,178,197,224,224,237,237],"floor_reached":29,"playtime":906,"items_purged":[],"score":534,"play_id":"b68faae6-69e6-4e57-b03c-6b6267472ab4","local_time":"20190601144246","is_ascension_mode":true,"campfire_choices":[{"data":"Cleave","floor":6.0,"key":"SMITH"},{"data":"Spot Weakness","floor":8.0,"key":"SMITH"},{"data":"Heavy Blade","floor":15.0,"key":"SMITH"},{"floor":27.0,"key":"REST"}],"neow_cost":"NONE","seed_source_timestamp":25939863191500,"circlet_count":0,"master_deck":["AscendersBane","Strike_R","Strike_R+1","Strike_R","Strike_R","Defend_R","Defend_R","Defend_R","Defend_R","Bash+1","Cleave+1","Clothesline+1","Spot Weakness+1","Shrug It Off","Hemokinesis","Flex","Heavy Blade+1","Pummel","Rupture+1","Reaper","Armaments","J.A.X.","Flex","Thunderclap+1","Impervious","Flame Barrier","Bloodletting"],"special_seed":0,"relics":["Burning Blood","Centennial Puzzle","Whetstone","Mercury Hourglass","Meat on the Bone","Frozen Egg 2","Oddly Smooth Stone","Black Star","Vajra","Bird Faced Urn","Potion Belt"],"potions_floor_usage":[],"damage_taken":[{"damage":14.0,"enemies":"Jaw Worm","floor":1.0,"turns":6.0},{"damage":0.0,"enemies":"2 Louse","floor":2.0,"turns":2.0},{"damage":4.0,"enemies":"Cultist","floor":3.0,"turns":3.0},{"damage":25.0,"enemies":"3 Sentries","floor":7.0,"turns":5.0},{"damage":27.0,"enemies":"Lagavulin","floor":10.0,"turns":4.0},{"damage":1.0,"enemies":"Exordium Thugs","floor":11.0,"turns":3.0},{"damage":15.0,"enemies":"3 Sentries","floor":12.0,"turns":4.0},{"damage":0.0,"enemies":"3 Louse","floor":13.0,"turns":2.0},{"damage":37.0,"enemies":"The Guardian","floor":16.0,"turns":8.0},{"damage":12.0,"enemies":"Chosen","floor":18.0,"turns":5.0},{"damage":9.0,"enemies":"Spheric Guardian","floor":19.0,"turns":3.0},{"damage":24.0,"enemies":"Snake Plant","floor":22.0,"turns":4.0},{"damage":60.0,"enemies":"Slavers","floor":23.0,"turns":5.0},{"damage":34.0,"enemies":"Shelled Parasite and Fungi","floor":24.0,"turns":4.0},{"damage":27.0,"enemies":"Chosen and Byrds","floor":25.0,"turns":4.0},{"damage":41.0,"enemies":"Snake Plant","floor":28.0,"turns":5.0},{"damage":46,"enemies":"Book of Stabbing","floor":29,"turns":4}],"seed_played":"-8251088782662327933","potions_obtained":[{"floor":3.0,"key":"Strength Potion"},{"floor":7.0,"key":"GamblersBrew"},{"floor":11.0,"key":"Explosive Potion"},{"floor":13.0,"key":"PowerPotion"},{"floor":18.0,"key":"Strength Potion"},{"floor":22.0,"key":"SpeedPotion"},{"floor":25.0,"key":"Strength Potion"}],"is_trial":false,"path_per_floor":["M","M","M","?","?","R","E","R","T","E","M","E","M","$","R","B",null,"M","M","?","?","M","E","M","M","T","R","M","E"],"character_chosen":"IRONCLAD","items_purchased":["Rupture+1","Oddly Smooth Stone"],"campfire_rested":1,"item_purchase_floors":[14,14],"current_hp_per_floor":[60,66,68,73,73,73,54,54,54,33,50,53,59,59,59,40,70,64,61,61,61,55,33,25,31,31,55,39,0],"gold":237,"neow_bonus":"RANDOM_COMMON_RELIC","is_prod":false,"is_daily":false,"chose_seed":false,"campfire_upgraded":3,"win_rate":0,"timestamp":1559396566,"path_taken":["M","M","M","?","?","R","E","R","T","E","?","E","M","$","R","BOSS","M","M","?","?","M","E","M","M","T","R","?","E"],"build_version":"2019-01-23","purchased_purges":0,"victory":false,"max_hp_per_floor":[75,75,75,80,80,80,80,80,80,80,80,80,80,80,80,80,80,80,80,80,80,80,80,80,80,80,80,80,80],"card_choices":[{"not_picked":["Rupture","Flex"],"picked":"Cleave","floor":1.0},{"not_picked":["True Grit","Blood for Blood"],"picked":"Clothesline","floor":2.0},{"not_picked":["Evolve","Havoc"],"picked":"Spot Weakness","floor":3.0},{"not_picked":["Feel No Pain","Barricade"],"picked":"Shrug It Off","floor":7.0},{"not_picked":["Rage","Body Slam"],"picked":"Hemokinesis","floor":10.0},{"not_picked":["Burning Pact","Fire Breathing"],"picked":"Flex","floor":11.0},{"not_picked":["Entrench","Havoc"],"picked":"Heavy Blade","floor":12.0},{"not_picked":["Iron Wave","Wild Strike"],"picked":"Pummel","floor":13.0},{"not_picked":["Exhume","Juggernaut+1"],"picked":"Reaper","floor":16.0},{"not_picked":["Havoc","Dual Wield","Clash+1"],"picked":"SKIP","floor":18.0},{"not_picked":["Perfected Strike","Heavy Blade"],"picked":"Armaments","floor":19.0},{"not_picked":["Warcry","Heavy Blade"],"picked":"Flex","floor":22.0},{"not_picked":["Cleave","Wild Strike"],"picked":"Thunderclap+1","floor":23.0},{"not_picked":["Sentinel","Intimidate"],"picked":"Impervious","floor":24.0},{"not_picked":["Ghostly Armor","Pummel"],"picked":"Flame Barrier","floor":25.0},{"not_picked":["True Grit","Hemokinesis"],"picked":"Bloodletting","floor":28.0}],"player_experience":1417552,"relics_obtained":[{"floor":7.0,"key":"Whetstone"},{"floor":9.0,"key":"Mercury Hourglass"},{"floor":10.0,"key":"Meat on the Bone"},{"floor":12.0,"key":"Frozen Egg 2"},{"floor":23.0,"key":"Vajra"},{"floor":23.0,"key":"Bird Faced Urn"},{"floor":26.0,"key":"Potion Belt"}],"event_choices":[{"damage_healed":0.0,"max_hp_gain":5.0,"max_hp_loss":0.0,"gold_gain":0.0,"event_name":"Big Fish","player_choice":"Donut","floor":4.0,"gold_loss":0.0,"damage_taken":0.0},{"damage_healed":0.0,"max_hp_gain":0.0,"max_hp_loss":0.0,"gold_gain":0.0,"event_name":"Upgrade Shrine","player_choice":"Upgraded","floor":5.0,"gold_loss":0.0,"damage_taken":0.0,"cards_upgraded":["Bash"]},{"damage_healed":0.0,"max_hp_gain":0.0,"max_hp_loss":0.0,"gold_gain":0.0,"event_name":"Drug Dealer","player_choice":"Obtain J.A.X.","floor":20.0,"gold_loss":0.0,"damage_taken":0.0,"cards_obtained":["J.A.X."]},{"cards_removed":["Strike_R"],"damage_healed":0.0,"max_hp_gain":0.0,"max_hp_loss":0.0,"gold_gain":0.0,"event_name":"Wheel of Change","player_choice":"Card Removal","floor":21.0,"gold_loss":0.0,"damage_taken":0.0}],"is_beta":false,"boss_relics":[{"not_picked":["Calling Bell","Eternal Feather"],"picked":"Black Star"}],"items_purged_floors":[],"is_endless":false,"potions_floor_spawned":[3,7,11,13,18,22,25],"killed_by":"Book of Stabbing","ascension_level":20}