{"gold_per_floor":[144,189,234,279,279,279,324,324,399,574,619,159,159,204,204,504,504,549,549,594,639,639],"floor_reached":22,"playtime":974,"items_purged":[],"score":455,"play_id":"58aa0bd3-3e1c-4621-9c08-877e047a3a5f","local_time":"20190201110954","daily_mods":["Insanity","Hoarder","Midas"],"is_ascension_mode":false,"campfire_choices":[{"floor":6,"key":"REST"},{"floor":8,"key":"REST"},{"floor":13,"key":"REST"},{"floor":15,"key":"REST"}],"neow_cost":"","seed_source_timestamp":0,"circlet_count":0,"master_deck":["Dagger Spray","Outmaneuver","Poisoned Stab","Flying Knee","Crippling Poison","Underhanded Strike","Distraction","Underhanded Strike","Prepared","Flying Knee","Dodge and Roll","Deadly Poison","Flechettes","Outmaneuver","Dodge and Roll","Accuracy","Bouncing Flask","Dagger Spray","Underhanded Strike","Poisoned Stab","Sucker Punch","Flying Knee","Outmaneuver","Terror","Crippling Poison","Slice","Deflect","Dodge and Roll","Underhanded Strike","Deadly Poison","Prepared","Slice","Flying Knee","Acrobatics","Underhanded Strike","Quick Slash","Blade Dance","Endless Agony","Flechettes","Escape Plan","Bane","Cloak And Dagger","Accuracy","Acrobatics","Dodge and Roll","Backflip","Prepared","Outmaneuver","Endless Agony","Sucker Punch","Leg Sweep","Leg Sweep","Leg Sweep","Flying Knee","Flying Knee","Flying Knee","Catalyst","Catalyst","Catalyst","Terror","Terror","Terror","Acrobatics","Acrobatics","Acrobatics","Doubt","Doubt","Doubt","Dodge and Roll","Dodge and Roll","Dodge and Roll","Caltrops","Caltrops","Caltrops","Bandage Up","Bandage Up","Bandage Up","Caltrops","Caltrops","Caltrops","Glass Knife","Glass Knife","Glass Knife","Cloak And Dagger+1","Cloak And Dagger+1","Cloak And Dagger+1"],"special_seed":17928,"relics":["Ring of the Snake","Paper Crane","The Specimen","Black Star"],"potions_floor_usage":[16,21],"damage_taken":[{"damage":0,"enemies":"2 Louse","floor":1,"turns":2},{"damage":0,"enemies":"Small Slimes","floor":2,"turns":3},{"damage":0,"enemies":"Cultist","floor":3,"turns":3},{"damage":0,"enemies":"2 Fungi Beasts","floor":4,"turns":3},{"damage":11,"enemies":"Large Slime","floor":7,"turns":6},{"damage":15,"enemies":"Lots of Slimes","floor":11,"turns":3},{"damage":16,"enemies":"Gremlin Gang","floor":14,"turns":5},{"damage":53,"enemies":"The Guardian","floor":16,"turns":9},{"damage":5,"enemies":"3 Byrds","floor":18,"turns":3},{"damage":26,"enemies":"Spheric Guardian","floor":20,"turns":5},{"damage":33,"enemies":"3 Cultists","floor":21,"turns":7},{"damage":21,"enemies":"Snake Plant","floor":22,"turns":1}],"seed_played":"4077721088213470918","potions_obtained":[{"floor":2,"key":"LiquidBronze"},{"floor":3,"key":"EssenceOfSteel"},{"floor":7,"key":"Ancient Potion"}],"is_trial":false,"path_per_floor":["M","M","M","M","?","R","M","R","T","?","M","$","R","M","R","B",null,"M","?","M","M","M"],"character_chosen":"THE_SILENT","items_purchased":["The Specimen","Caltrops","Bandage Up"],"campfire_rested":4,"item_purchase_floors":[12,12,12],"current_hp_per_floor":[70,70,70,70,70,70,59,70,70,70,55,55,70,58,70,29,70,65,65,39,18,0],"gold":639,"neow_bonus":"","is_prod":false,"is_daily":true,"chose_seed":false,"campfire_upgraded":0,"win_rate":0,"timestamp":1549048194,"path_taken":["M","M","M","M","?","R","M","R","T","?","M","$","R","M","R","BOSS","M","?","M","M","M"],"build_version":"2019-01-23","purchased_purges":0,"victory":false,"max_hp_per_floor":[70,70,70,70,70,70,70,70,70,70,70,70,70,70,70,70,70,70,70,70,70,70],"card_choices":[{"not_picked":["Backflip","Sucker Punch"],"picked":"Leg Sweep","floor":1},{"not_picked":["Blade Dance","Riddle With Holes"],"picked":"Flying Knee","floor":2},{"not_picked":["Deflect","Bane"],"picked":"Catalyst","floor":3},{"not_picked":["Deadly Poison","Eviscerate"],"picked":"Terror","floor":4},{"not_picked":["Dagger Throw","Prepared"],"picked":"Acrobatics","floor":7},{"not_picked":["Bane","Poisoned Stab"],"picked":"Dodge and Roll","floor":11},{"not_picked":["Slice","Accuracy"],"picked":"Caltrops","floor":14},{"not_picked":["Storm of Steel","Grand Finale"],"picked":"Glass Knife","floor":16},{"not_picked":["Slice+1","PiercingWail"],"picked":"Cloak And Dagger+1","floor":18},{"not_picked":["Dagger Throw","Prepared","Predator"],"picked":"SKIP","floor":20},{"not_picked":["Calculated Gamble","Dagger Throw","Bane"],"picked":"SKIP","floor":21}],"player_experience":181803,"relics_obtained":[{"floor":9,"key":"Paper Crane"}],"event_choices":[{"damage_healed":0,"gold_gain":0,"player_choice":"Leave","damage_taken":0,"max_hp_gain":0,"max_hp_loss":0,"event_name":"The Cleric","floor":5,"gold_loss":0},{"damage_healed":0,"gold_gain":175,"player_choice":"AGREE","damage_taken":0,"max_hp_gain":0,"max_hp_loss":0,"event_name":"Liars Game","floor":10,"gold_loss":0,"cards_obtained":["Doubt"]},{"damage_healed":0,"gold_gain":0,"player_choice":"Simplicity","damage_taken":0,"max_hp_gain":0,"max_hp_loss":0,"event_name":"Back to Basics","floor":19,"gold_loss":0,"cards_upgraded":[]}],"is_beta":false,"boss_relics":[{"not_picked":["Empty Cage","Ring of the Serpent"],"picked":"Black Star"}],"items_purged_floors":[],"is_endless":false,"potions_floor_spawned":[2,3,7],"killed_by":"Snake Plant","ascension_level":0}