{"path_per_floor":["M","$","M","?","?","R","E","R","T","E","M","R","M","M","R","B",null,"M","M","M","?","M","E","R","M","T","$","M","M","R","M","R"],"character_chosen":"THE_SILENT","items_purchased":[],"gold_per_floor":[99,24,24,24,24,24,24,24,24,24,24,24,24,24,24,24,24,0,0,0,0,0,0,0,0,0,0,0,0,0,0,0],"floor_reached":33,"campfire_rested":5,"playtime":1582,"current_hp_per_floor":[70,70,70,75,75,75,48,70,70,54,54,75,75,69,69,39,75,60,58,40,26,25,13,37,26,26,26,26,14,38,26,50],"items_purged":["Strike_G"],"gold":0,"score":281,"play_id":"5703b626-856f-4121-b887-83ca273d5bd9","is_prod":false,"is_daily":false,"is_ascension_mode":false,"campfire_upgraded":2,"path_taken":["M","$","M","?","?","R","E","R","T","E","M","R","M","?","R","BOSS","M","?","?","?","M","E","R","?","T","$","?","M","R","M","R","BOSS"],"build_version":"2018-02-22-PROD2","purchased_purges":1,"victory":false,"master_deck":["Defend_G","Defend_G","Defend_G","Defend_G","Defend_G","Strike_G","Strike_G","Strike_G","Strike_G","Survivor","Neutralize+1","Prepared","Terror","Footwork+1","Dagger Throw","Riddle With Holes","Backflip","Die Die Die","Outmaneuver","Quick Slash+1","Choke+1","All Out Attack","Flying Knee","Slice","Infinite Blades+1","Footwork","Malaise+1"],"max_hp_per_floor":[70,70,70,75,75,75,75,75,75,75,75,75,75,75,75,75,75,75,75,75,80,80,80,80,80,80,80,80,80,80,80,80],"relics":["Ectoplasm","Ornamental Fan","Orichalcum","Unceasing Top","Sozu","Toxic Egg 2","Toolbox"],"card_choices":[{"not_picked":["Finisher","Crippling Poison"],"picked":"Prepared"},{"not_picked":["Poisoned Stab","Prepared"],"picked":"Terror"},{"not_picked":["Phantasmal Killer","Poisoned Stab"],"picked":"Footwork"},{"not_picked":["All Out Attack","Night Terror"],"picked":"Dagger Throw"},{"not_picked":["Dodge and Roll","Deadly Poison"],"picked":"Riddle With Holes"},{"not_picked":["Dagger Throw","Underhanded Strike"],"picked":"Backflip"},{"not_picked":["Storm of Steel","Night Terror"],"picked":"Die Die Die"},{"not_picked":["Flechettes","Dodge and Roll"],"picked":"Outmaneuver"},{"not_picked":["Catalyst","Prepared"],"picked":"Quick Slash"},{"not_picked":["Underhanded Strike","Sucker Punch"],"picked":"Choke"},{"not_picked":["Dagger Spray","Terror"],"picked":"All Out Attack"},{"not_picked":["Acrobatics","Dagger Throw"],"picked":"Flying Knee"},{"not_picked":["Bouncing Flask","Quick Slash"],"picked":"Slice"},{"not_picked":["Sucker Punch","Deadly Poison"],"picked":"Infinite Blades"},{"not_picked":["Poisoned Stab","Unload"],"picked":"Footwork"},{"not_picked":["Flechettes","Deflect"],"picked":"Malaise"}],"player_experience":91549,"potions_floor_usage":[7,33],"damage_taken":[{"damage":0,"enemies":"Cultist","floor":1,"turns":4},{"damage":0,"enemies":"Small Slimes","floor":3,"turns":4},{"damage":27,"enemies":"3 Sentries","floor":7,"turns":10},{"damage":16,"enemies":"Lagavulin","floor":10,"turns":9},{"damage":0,"enemies":"2 Louse","floor":11,"turns":3},{"damage":0,"enemies":"Blue Slaver","floor":13,"turns":4},{"damage":6,"enemies":"Exordium Wildlife","floor":14,"turns":3},{"damage":30,"enemies":"Hexaghost","floor":16,"turns":11},{"damage":15,"enemies":"2 Thieves","floor":18,"turns":4},{"damage":2,"enemies":"3 Byrds","floor":19,"turns":6},{"damage":18,"enemies":"Centurion and Healer","floor":20,"turns":8},{"damage":1,"enemies":"Snecko","floor":22,"turns":4},{"damage":12,"enemies":"Book of Stabbing","floor":23,"turns":6},{"damage":11,"enemies":"Snake Plant","floor":25,"turns":4},{"damage":0,"enemies":"Centurion and Healer","floor":28,"turns":6},{"damage":12,"enemies":"Sentry and Sphere","floor":29,"turns":7},{"damage":16,"enemies":"Snake Plant","floor":31,"turns":5},{"damage":68,"enemies":"Automaton","floor":33,"turns":12}],"event_choices":[{"event_name":"Big Fish","player_choice":"Donut","floor":4,"damage_taken":0},{"event_name":"The Cleric","player_choice":"Leave","floor":5,"damage_taken":0},{"event_name":"Forgotten Altar","player_choice":"Shed Blood","floor":21,"damage_taken":0}],"boss_relics":[{"not_picked":["Runic Pyramid","Astrolabe"],"picked":"Sozu"}],"potions_floor_spawned":[1,11,19,20,22,25,29],"seed_played":"6275482559705133675","killed_by":"Automaton","ascension_level":0,"is_trial":false}