{"gold_per_floor":[114,114,39,50,50,50,90,106,106,106,145,145,178,11,11,105,105,128,128,253,269,8,8,58,58,83,83,83,29,29,29,29,118,118,139,472,472,484,484,484,500,500,523,535,41,41,59,73,73,73],"floor_reached":50,"playtime":2058,"items_purged":[],"score":979,"play_id":"8682c288-9862-4964-b28e-964d20fe7ba4","local_time":"20190426234814","is_ascension_mode":true,"campfire_choices":[{"data":"Neutralize","floor":6.0,"key":"SMITH"},{"floor":10.0,"key":"REST"},{"floor":12.0,"key":"REST"},{"data":"Noxious Fumes","floor":15.0,"key":"SMITH"},{"floor":23.0,"key":"REST"},{"floor":25.0,"key":"DIG"},{"floor":27.0,"key":"DIG"},{"floor":30.0,"key":"DIG"},{"floor":32.0,"key":"DIG"},{"data":"Caltrops","floor":40.0,"key":"SMITH"},{"data":"Malaise","floor":42.0,"key":"SMITH"},{"floor":46.0,"key":"REST"},{"floor":49,"key":"RECALL"}],"neow_cost":"NONE","seed_source_timestamp":10918646728663260,"circlet_count":0,"master_deck":["AscendersBane","Defend_G","Defend_G","Defend_G","Defend_G","Strike_G+1","Strike_G+1","Survivor+1","Neutralize+1","Cloak And Dagger","Cloak And Dagger","Leg Sweep","Dash","Well Laid Plans","Noxious Fumes+1","Malaise+1","Dodge and Roll+1","Dodge and Roll","After Image","Caltrops+1","Blade Dance","Adrenaline","Bullet Time+1","Backflip+1","Crippling Poison+1","Leg Sweep+1","Riddle With Holes+1","Dagger Spray+1","Flying Knee","Footwork"],"special_seed":0,"relics":["Ring of the Snake","NeowsBlessing","Gremlin Horn","Shuriken","Mercury Hourglass","Whetstone","Omamori","Oddly Smooth Stone","Sozu","Shovel","Bottled Tornado","TwistedFunnel","PreservedInsect","War Paint","Strawberry","Pocketwatch","Astrolabe","Ancient Tea Set","OrangePellets","Kunai"],"potions_floor_usage":[],"damage_taken":[{"damage":0.0,"enemies":"2 Louse","floor":1.0,"turns":1.0},{"damage":0.0,"enemies":"Jaw Worm","floor":4.0,"turns":1.0},{"damage":0.0,"enemies":"Lagavulin","floor":7.0,"turns":2.0},{"damage":0.0,"enemies":"Small Slimes","floor":8.0,"turns":4.0},{"damage":34.0,"enemies":"Gremlin Nob","floor":11.0,"turns":5.0},{"damage":2.0,"enemies":"3 Sentries","floor":13.0,"turns":7.0},{"damage":25.0,"enemies":"Slime Boss","floor":16.0,"turns":10.0},{"damage":1.0,"enemies":"Chosen","floor":18.0,"turns":9.0},{"damage":11.0,"enemies":"Colosseum Slavers","floor":20.0,"turns":5.0},{"damage":32.0,"enemies":"Colosseum Nobs","floor":20.0,"turns":5.0},{"damage":0.0,"enemies":"Shell Parasite","floor":21.0,"turns":7.0},{"damage":69.0,"enemies":"Collector","floor":33.0,"turns":12.0},{"damage":0.0,"enemies":"3 Shapes","floor":35.0,"turns":4.0},{"damage":0.0,"enemies":"3 Darklings","floor":38.0,"turns":5.0},{"damage":8.0,"enemies":"Jaw Worm Horde","floor":41.0,"turns":3.0},{"damage":12.0,"enemies":"Transient","floor":44.0,"turns":6.0},{"damage":0.0,"enemies":"Spire Growth","floor":47.0,"turns":5.0},{"damage":23.0,"enemies":"Jaw Worm Horde","floor":48.0,"turns":4.0},{"damage":45,"enemies":"Time Eater","floor":50,"turns":17}],"seed_played":"3352199842233375469","potions_obtained":[{"floor":7.0,"key":"Block Potion"},{"floor":11.0,"key":"SpeedPotion"},{"floor":13.0,"key":"FairyPotion"},{"floor":16.0,"key":"AttackPotion"}],"is_trial":false,"path_per_floor":["M","?","?","M","?","R","E","M","T","R","E","R","E","$","R","B",null,"M","?","?","M","$","R","?","R","T","R","?","$","R","$","R","B",null,"M","?","?","M","?","R","M","R","T","M","$","R","M","M","R","B"],"character_chosen":"THE_SILENT","items_purchased":["Oddly Smooth Stone","TwistedFunnel","Caltrops","Blade Dance","OrangePellets","Kunai"],"campfire_rested":4,"item_purchase_floors":[14,22,22,29,45,45],"current_hp_per_floor":[59,54,54,54,31,31,31,31,31,50,16,35,33,33,33,8,52,51,64,21,21,21,40,40,40,40,40,40,40,47,47,47,7,57,57,57,57,57,57,57,49,49,49,37,37,58,58,35,35,0],"gold":73,"neow_bonus":"THREE_ENEMY_KILL","is_prod":false,"is_daily":false,"chose_seed":false,"campfire_upgraded":4,"win_rate":0,"timestamp":1556336894,"path_taken":["M","?","?","M","?","R","E","M","T","R","E","R","E","?","R","BOSS","M","?","?","M","$","R","?","R","T","R","?","$","R","$","R","BOSS","M","?","?","M","?","R","M","R","T","M","$","R","M","M","R","BOSS"],"build_version":"2019-01-23","purchased_purges":0,"victory":false,"max_hp_per_floor":[66,66,66,66,66,66,66,66,66,66,66,66,66,66,66,66,66,66,66,66,66,66,66,66,66,66,66,66,66,73,73,73,73,73,73,73,73,73,73,73,73,73,73,73,73,73,73,73,73,73],"card_choices":[{"not_picked":["Outmaneuver","Deadly Poison"],"picked":"Cloak And Dagger","floor":1.0},{"not_picked":["Reflex","Dodge and Roll"],"picked":"Cloak And Dagger","floor":4.0},{"not_picked":["Poisoned Stab","Well Laid Plans"],"picked":"Leg Sweep","floor":7.0},{"not_picked":["Dagger Throw","All Out Attack"],"picked":"Dash","floor":8.0},{"not_picked":["Crippling Poison","Terror"],"picked":"Well Laid Plans","floor":11.0},{"not_picked":["Cloak And Dagger","Tools of the Trade"],"picked":"Noxious Fumes","floor":13.0},{"not_picked":["After Image","Die Die Die"],"picked":"Malaise","floor":16.0},{"not_picked":["Underhanded Strike","Quick Slash"],"picked":"Dodge and Roll","floor":18.0},{"not_picked":["PiercingWail","Catalyst"],"picked":"Dodge and Roll","floor":20.0},{"not_picked":["Dagger Spray","Choke"],"picked":"After Image","floor":21.0},{"not_picked":["Burst","Grand Finale"],"picked":"Adrenaline","floor":33.0},{"not_picked":["Outmaneuver","Riddle With Holes"],"picked":"Leg Sweep+1","floor":35.0},{"not_picked":["Concentrate+1","Masterful Stab"],"picked":"Riddle With Holes+1","floor":38.0},{"not_picked":["Blade Dance","Flying Knee"],"picked":"Dagger Spray+1","floor":41.0},{"not_picked":["Reflex","Escape Plan"],"picked":"Flying Knee","floor":44.0},{"not_picked":["Adrenaline","Endless Agony"],"picked":"Footwork","floor":47.0},{"not_picked":["Dagger Spray","Flying Knee","Bane"],"picked":"SKIP","floor":48.0}],"player_experience":661278,"relics_obtained":[{"floor":7.0,"key":"Shuriken"},{"floor":9.0,"key":"Mercury Hourglass"},{"floor":11.0,"key":"Whetstone"},{"floor":13.0,"key":"Omamori"},{"floor":20.0,"key":"Shovel"},{"floor":20.0,"key":"Bottled Tornado"},{"floor":25.0,"key":"PreservedInsect"},{"floor":27.0,"key":"War Paint"},{"floor":30.0,"key":"Strawberry"},{"floor":32.0,"key":"Pocketwatch"},{"floor":43.0,"key":"Ancient Tea Set"}],"event_choices":[{"damage_healed":0.0,"max_hp_gain":0.0,"max_hp_loss":0.0,"gold_gain":0.0,"event_name":"Scrap Ooze","player_choice":"Success","floor":2.0,"gold_loss":0.0,"damage_taken":5.0,"relics_obtained":["Gremlin Horn"]},{"cards_removed":["Strike_G"],"damage_healed":0.0,"max_hp_gain":0.0,"max_hp_loss":0.0,"gold_gain":0.0,"event_name":"The Cleric","player_choice":"Card Removal","floor":3.0,"gold_loss":75.0,"damage_taken":0.0},{"damage_healed":0.0,"max_hp_gain":0.0,"max_hp_loss":0.0,"gold_gain":0.0,"event_name":"Golden Idol","player_choice":"Take Damage","floor":5.0,"gold_loss":0.0,"damage_taken":23.0,"relics_obtained":["Golden Idol"]},{"damage_healed":13.0,"max_hp_gain":0.0,"max_hp_loss":0.0,"gold_gain":0.0,"event_name":"The Library","player_choice":"Heal","floor":19.0,"gold_loss":0.0,"damage_taken":0.0},{"damage_healed":0.0,"max_hp_gain":0.0,"max_hp_loss":0.0,"gold_gain":0.0,"event_name":"Colosseum","player_choice":"Fight","floor":20.0,"gold_loss":0.0,"damage_taken":0.0},{"damage_healed":0.0,"max_hp_gain":0.0,"max_hp_loss":0.0,"gold_gain":0.0,"event_name":"Colosseum","player_choice":"Fought Nobs","floor":20.0,"gold_loss":0.0,"damage_taken":0.0},{"damage_healed":0.0,"max_hp_gain":0.0,"max_hp_loss":0.0,"gold_gain":50.0,"event_name":"Nest","player_choice":"Stole From Cult","floor":24.0,"gold_loss":0.0,"damage_taken":0.0},{"damage_healed":0.0,"max_hp_gain":0.0,"max_hp_loss":0.0,"gold_gain":0.0,"event_name":"Ghosts","player_choice":"Ignored","floor":28.0,"gold_loss":0.0,"damage_taken":0.0},{"damage_healed":0.0,"max_hp_gain":0.0,"max_hp_loss":0.0,"gold_gain":333.0,"event_name":"The Moai Head","player_choice":"Gave Idol","floor":36.0,"relics_lost":["Golden Idol"],"gold_loss":0.0,"damage_taken":0.0},{"damage_healed":0.0,"max_hp_gain":0.0,"max_hp_loss":0.0,"gold_gain":0.0,"event_name":"Tomb of Lord Red Mask","player_choice":"Ignored","floor":37.0,"gold_loss":0.0,"damage_taken":0.0},{"damage_healed":0.0,"max_hp_gain":0.0,"max_hp_loss":0.0,"gold_gain":0.0,"event_name":"Lab","player_choice":"Got Potions","floor":39.0,"gold_loss":0.0,"damage_taken":0.0}],"is_beta":false,"boss_relics":[{"not_picked":["Eternal Feather","Orrery"],"picked":"Sozu"},{"not_picked":["Pandora\u0027s Box","Busted Crown"],"picked":"Astrolabe"}],"items_purged_floors":[],"is_endless":false,"potions_floor_spawned":[7,11,13,16,18,20,21,41,44,47],"killed_by":"Time Eater","ascension_level":20}