{"gold_per_floor":[99,24,24,0,0,0,0,0,0,0,0,0,0,0],"floor_reached":14,"playtime":371,"items_purged":["Strike_B"],"score":180,"play_id":"985bdd7e-7326-4fc7-91a6-cd7e48bee475","local_time":"20190630201620","is_ascension_mode":true,"campfire_choices":[{"data":"Zap","floor":6,"key":"SMITH"},{"floor":10,"key":"REST"}],"neow_cost":"NONE","seed_source_timestamp":34955384065699,"circlet_count":0,"master_deck":["AscendersBane","Strike_B","Strike_B","Strike_B","Defend_B","Defend_B","Defend_B","Defend_B","Zap+1","Dualcast","Compile Driver","Stack","Loop","Glacier","Tempest+1","Leap+1"],"special_seed":0,"relics":["Ectoplasm","Bottled Lightning","Toxic Egg 2"],"potions_floor_usage":[14],"damage_taken":[{"damage":3.0,"enemies":"Small Slimes","floor":1.0,"turns":4.0},{"damage":0,"enemies":"Jaw Worm","floor":5,"turns":3},{"damage":46,"enemies":"3 Sentries","floor":7,"turns":14},{"damage":2,"enemies":"2 Louse","floor":8,"turns":2},{"damage":0,"enemies":"Large Slime","floor":12,"turns":6},{"damage":12,"enemies":"2 Fungi Beasts","floor":13,"turns":2},{"damage":48,"enemies":"Gremlin Nob","floor":14,"turns":4}],"seed_played":"-5408514291869681834","potions_obtained":[{"floor":12,"key":"Energy Potion"}],"is_trial":false,"path_per_floor":["M","$","?","?","M","R","E","M","T","R","?","M","M","E"],"character_chosen":"DEFECT","items_purchased":[],"campfire_rested":1,"item_purchase_floors":[],"current_hp_per_floor":[61,61,66,66,66,66,20,18,18,40,40,40,28,0],"gold":0,"neow_bonus":"BOSS_RELIC","is_prod":false,"is_daily":false,"chose_seed":false,"campfire_upgraded":1,"win_rate":0,"timestamp":1561922180,"path_taken":["M","$","?","?","M","R","E","?","T","R","?","M","M","E"],"build_version":"2019-01-23","purchased_purges":1,"victory":false,"max_hp_per_floor":[71,71,76,76,76,76,76,76,76,76,76,76,76,76],"card_choices":[{"not_picked":["Barrage","Hologram"],"picked":"Compile Driver","floor":1.0},{"not_picked":["Go for the Eyes","Steam"],"picked":"Stack","floor":5},{"not_picked":["Thunder Strike","Redo"],"picked":"Loop","floor":7},{"not_picked":["Hello World","Hologram"],"picked":"Glacier","floor":8},{"not_picked":["Conserve Battery+1","Blizzard"],"picked":"Tempest+1","floor":12},{"not_picked":["Stack+1","Redo+1"],"picked":"Leap+1","floor":13}],"player_experience":1512181,"relics_obtained":[{"floor":7,"key":"Bottled Lightning"},{"floor":9,"key":"Toxic Egg 2"}],"event_choices":[{"damage_healed":0.0,"max_hp_gain":5.0,"max_hp_loss":0.0,"gold_gain":0.0,"event_name":"Big Fish","player_choice":"Donut","floor":3.0,"gold_loss":0.0,"damage_taken":0.0},{"damage_healed":0.0,"max_hp_gain":0.0,"max_hp_loss":0.0,"gold_gain":0.0,"event_name":"World of Goop","player_choice":"Left Gold","floor":4.0,"gold_loss":24.0,"damage_taken":0.0},{"damage_healed":0,"gold_gain":0,"player_choice":"Ignored","damage_taken":0,"max_hp_gain":0,"max_hp_loss":0,"event_name":"Liars Game","floor":11,"gold_loss":0}],"is_beta":false,"boss_relics":[],"items_purged_floors":[2],"is_endless":false,"potions_floor_spawned":[12],"killed_by":"Gremlin Nob","ascension_level":20}