{"gold_per_floor":[111,125,143,143,39,75,99,132,155,169,127,170,1,1],"floor_reached":14,"playtime":367,"items_purged":["Strike_R"],"score":220,"play_id":"e1ca0f8f-92e5-4bc5-bc1f-5752232abd07","local_time":"20190601145012","is_ascension_mode":true,"campfire_choices":[],"neow_cost":"NONE","seed_source_timestamp":27038358904700,"circlet_count":0,"master_deck":["AscendersBane","Strike_R","Strike_R","Strike_R","Strike_R","Defend_R","Defend_R","Defend_R","Defend_R","Bash","Heavy Blade","Cleave","Whirlwind","Flex","Headbutt","Entrench","Spot Weakness","Twin Strike","Dropkick","Fiend Fire"],"special_seed":0,"relics":["Burning Blood","Bronze Scales","Golden Idol","Boot","Potion Belt","PreservedInsect","Omamori","Lantern"],"potions_floor_usage":[12,14,14],"damage_taken":[{"damage":1.0,"enemies":"2 Louse","floor":1.0,"turns":3.0},{"damage":16.0,"enemies":"Jaw Worm","floor":2.0,"turns":5.0},{"damage":10.0,"enemies":"Small Slimes","floor":3.0,"turns":3.0},{"damage":8.0,"enemies":"Gremlin Nob","floor":6.0,"turns":3.0},{"damage":20.0,"enemies":"Looter","floor":7.0,"turns":3.0},{"damage":40.0,"enemies":"Lagavulin","floor":8.0,"turns":7.0},{"damage":12,"enemies":"Exordium Wildlife","floor":10,"turns":2},{"damage":8,"enemies":"Gremlin Nob","floor":12,"turns":3},{"damage":14,"enemies":"Exordium Thugs","floor":14,"turns":1}],"seed_played":"153978922856828035","potions_obtained":[{"floor":1.0,"key":"Regen Potion"},{"floor":2.0,"key":"SteroidPotion"},{"floor":7.0,"key":"BloodPotion"},{"floor":8.0,"key":"FearPotion"},{"floor":12,"key":"Energy Potion"}],"is_trial":false,"path_per_floor":["M","M","M","?","$","E","M","E","T","M","$","E","$","M"],"character_chosen":"IRONCLAD","items_purchased":["Flex","Dropkick","Lantern"],"campfire_rested":0,"item_purchase_floors":[5,11,13],"current_hp_per_floor":[73,63,59,59,59,57,43,15,15,9,9,7,7,0],"gold":1,"neow_bonus":"RANDOM_COMMON_RELIC","is_prod":false,"is_daily":false,"chose_seed":false,"campfire_upgraded":0,"win_rate":0,"timestamp":1559397012,"path_taken":["M","M","M","?","$","E","M","E","T","M","$","E","?","M"],"build_version":"2019-01-23","purchased_purges":1,"victory":false,"max_hp_per_floor":[75,75,75,68,68,68,68,68,68,68,68,68,68,68],"card_choices":[{"not_picked":["Reckless Charge","Rupture"],"picked":"Heavy Blade","floor":1.0},{"not_picked":["Sword Boomerang","Body Slam"],"picked":"Cleave","floor":2.0},{"not_picked":["Corruption","Wild Strike"],"picked":"Whirlwind","floor":3.0},{"not_picked":["Power Through","True Grit"],"picked":"Headbutt","floor":6.0},{"not_picked":["Body Slam","True Grit"],"picked":"Entrench","floor":7.0},{"not_picked":["Fire Breathing","Clothesline"],"picked":"Spot Weakness","floor":8.0},{"not_picked":["Heavy Blade","Feel No Pain"],"picked":"Twin Strike","floor":10},{"not_picked":["Evolve","Combust"],"picked":"Fiend Fire","floor":12}],"player_experience":1418458,"relics_obtained":[{"floor":6.0,"key":"Boot"},{"floor":8.0,"key":"Potion Belt"},{"floor":9.0,"key":"PreservedInsect"},{"floor":12,"key":"Omamori"}],"event_choices":[{"damage_healed":0.0,"max_hp_gain":0.0,"max_hp_loss":7.0,"gold_gain":0.0,"event_name":"Golden Idol","player_choice":"Lose Max HP","floor":4.0,"gold_loss":0.0,"damage_taken":0.0,"relics_obtained":["Golden Idol"]}],"is_beta":false,"boss_relics":[],"items_purged_floors":[5],"is_endless":false,"potions_floor_spawned":[1,2,7,8,12],"killed_by":"Exordium Thugs","ascension_level":20}