{"gold_per_floor":[363,10,21,21,171,205,205,234,234,249,249,283,283,301,301,373,373,392,409,334,346,393,393,407,422,445,445,470,470],"floor_reached":29,"playtime":1150,"items_purged":[],"score":526,"play_id":"f72d995c-5dca-4bf7-8af0-7b070a5c9e13","local_time":"20190709113202","is_ascension_mode":true,"campfire_choices":[{"floor":11.0,"key":"REST"},{"floor":15.0,"key":"REST"},{"floor":23.0,"key":"REST"},{"floor":27.0,"key":"REST"}],"neow_cost":"TEN_PERCENT_HP_LOSS","seed_source_timestamp":15281093625000,"circlet_count":0,"master_deck":["AscendersBane","Strike_B","Strike_B","Strike_B","Strike_B","Defend_B","Defend_B","Defend_B","Defend_B","Zap","Dualcast","Chaos+1","Reinforced Body","Ball Lightning","Cold Snap","Leap","Conserve Battery","Echo Form","Multi-Cast"],"special_seed":0,"relics":["Cracked Core","Matryoshka","Pear","Ginger","Juzu Bracelet","Symbiotic Virus","Orichalcum","Snecko Eye","Sundial","Strawberry","Smiling Mask","Gremlin Horn"],"potions_floor_usage":[],"damage_taken":[{"damage":7.0,"enemies":"Small Slimes","floor":1.0,"turns":3.0},{"damage":4.0,"enemies":"Jaw Worm","floor":3.0,"turns":4.0},{"damage":22.0,"enemies":"Gremlin Nob","floor":6.0,"turns":4.0},{"damage":16.0,"enemies":"3 Sentries","floor":8.0,"turns":8.0},{"damage":0.0,"enemies":"Cultist","floor":10.0,"turns":3.0},{"damage":12.0,"enemies":"Lagavulin","floor":12.0,"turns":6.0},{"damage":4.0,"enemies":"Red Slaver","floor":14.0,"turns":3.0},{"damage":48.0,"enemies":"Slime Boss","floor":16.0,"turns":9.0},{"damage":8.0,"enemies":"3 Byrds","floor":18.0,"turns":6.0},{"damage":25.0,"enemies":"Shell Parasite","floor":19.0,"turns":5.0},{"damage":4.0,"enemies":"Snecko","floor":21.0,"turns":5.0},{"damage":24.0,"enemies":"Snake Plant","floor":24.0,"turns":5.0},{"damage":16.0,"enemies":"Centurion and Healer","floor":25.0,"turns":5.0},{"damage":17.0,"enemies":"Book of Stabbing","floor":28.0,"turns":6.0},{"damage":27,"enemies":"Shelled Parasite and Fungi","floor":29,"turns":3}],"seed_played":"-4634375565296684354","potions_obtained":[{"floor":1.0,"key":"Explosive Potion"},{"floor":10.0,"key":"FearPotion"},{"floor":13.0,"key":"Block Potion"},{"floor":13.0,"key":"Fire Potion"},{"floor":19.0,"key":"Ancient Potion"}],"is_trial":false,"path_per_floor":["M","$","M","$","?","E","?","E","T","M","R","E","?","M","R","B",null,"M","M","?","M","T","R","M","M","T","R","E","M"],"character_chosen":"DEFECT","items_purchased":["Matryoshka","Reinforced Body"],"campfire_rested":4,"item_purchase_floors":[2,2],"current_hp_per_floor":[57,57,53,53,53,41,41,25,25,25,47,35,35,31,53,5,57,49,24,24,20,27,51,27,11,11,35,18,0],"gold":470,"neow_bonus":"TWO_FIFTY_GOLD","is_prod":false,"is_daily":false,"chose_seed":false,"campfire_upgraded":0,"win_rate":0,"timestamp":1562697122,"path_taken":["M","$","M","$","?","E","?","E","T","M","R","E","?","M","R","BOSS","M","M","?","M","?","R","M","M","T","R","E","M"],"build_version":"2019-07-05","purchased_purges":0,"victory":false,"max_hp_per_floor":[64,64,64,64,64,74,74,74,74,74,74,74,74,74,74,74,74,74,74,74,74,81,81,81,81,81,81,81,81],"card_choices":[{"not_picked":["Hello World","Streamline"],"picked":"Chaos","floor":1.0},{"not_picked":["BootSequence","Redo"],"picked":"Ball Lightning","floor":3.0},{"not_picked":["Rip and Tear","Beam Cell","Tempest"],"picked":"SKIP","floor":6.0},{"not_picked":["Aggregate","Stack"],"picked":"Cold Snap","floor":8.0},{"not_picked":["Stack","Barrage","Redo"],"picked":"SKIP","floor":10.0},{"not_picked":["Rip and Tear","Machine Learning"],"picked":"Leap","floor":12.0},{"not_picked":["Self Repair","Scrape"],"picked":"Conserve Battery","floor":14.0},{"not_picked":["Amplify","Multi-Cast"],"picked":"Echo Form","floor":16.0},{"not_picked":["Compile Driver","Redo","Barrage"],"picked":"SKIP","floor":18.0},{"not_picked":["Compile Driver","Ball Lightning","Aggregate"],"picked":"SKIP","floor":19.0},{"not_picked":["Gash+1","Cold Snap","Stack+1"],"picked":"SKIP","floor":21.0},{"not_picked":["Blizzard","Storm","Barrage"],"picked":"SKIP","floor":24.0},{"not_picked":["Rebound+1","Genetic Algorithm","Hologram"],"picked":"SKIP","floor":25.0},{"not_picked":["Cold Snap","Beam Cell"],"picked":"Multi-Cast","floor":28.0}],"player_experience":1249578,"relics_obtained":[{"floor":6.0,"key":"Pear"},{"floor":8.0,"key":"Ginger"},{"floor":9.0,"key":"Juzu Bracelet"},{"floor":9.0,"key":"Symbiotic Virus"},{"floor":12.0,"key":"Orichalcum"},{"floor":22.0,"key":"Sundial"},{"floor":22.0,"key":"Strawberry"},{"floor":26.0,"key":"Smiling Mask"},{"floor":28.0,"key":"Gremlin Horn"}],"event_choices":[{"damage_healed":0.0,"max_hp_gain":0.0,"max_hp_loss":0.0,"gold_gain":150.0,"event_name":"Liars Game","player_choice":"AGREE","floor":5.0,"gold_loss":0.0,"damage_taken":0.0,"cards_obtained":["Doubt"]},{"damage_healed":0.0,"max_hp_gain":0.0,"max_hp_loss":0.0,"gold_gain":0.0,"event_name":"Accursed Blacksmith","player_choice":"Forge","floor":7.0,"gold_loss":0.0,"damage_taken":0.0,"cards_upgraded":["Chaos"]},{"damage_healed":0.0,"max_hp_gain":0.0,"max_hp_loss":0.0,"gold_gain":0.0,"event_name":"Lab","player_choice":"Got Potions","floor":13.0,"gold_loss":0.0,"damage_taken":0.0},{"cards_removed":["Doubt"],"damage_healed":0.0,"max_hp_gain":0.0,"max_hp_loss":0.0,"gold_gain":0.0,"event_name":"Beggar","player_choice":"Gave Gold","floor":20.0,"gold_loss":75.0,"damage_taken":0.0}],"is_beta":false,"boss_relics":[{"not_picked":["Coffee Dripper","Philosopher\u0027s Stone"],"picked":"Snecko Eye"}],"items_purged_floors":[],"is_endless":false,"potions_floor_spawned":[1,10,19,24],"killed_by":"Shelled Parasite and Fungi","ascension_level":20}