{"gold_per_floor":[113,129,148,161,161,161,196,183,183,208,218,232,232,250,250,346,346,356,356,356,51,71,71,101,112,112,112,131,159,159,159,159,256,256,272,272,291,291,291],"floor_reached":39,"playtime":2829,"items_purged":[],"score":458,"play_id":"42924a53-7116-4c0a-af17-f56005239ddc","local_time":"20180703195445","is_ascension_mode":false,"campfire_choices":[{"data":"Conserve Battery","floor":6,"key":"SMITH"},{"floor":13,"key":"REST"},{"data":"Defragment","floor":15,"key":"SMITH"},{"floor":23,"key":"REST"},{"data":"Stack","floor":27,"key":"SMITH"},{"floor":32,"key":"REST"}],"neow_cost":"NONE","seed_source_timestamp":5557857635446280,"circlet_count":0,"master_deck":["Strike_B+1","Strike_B+1","Strike_B+1","Defend_B+1","Defend_B+1","Defend_B+1","Defend_B+1","Zap+1","Dualcast","Leap+1","Leap","Conserve Battery+1","Gash","Seek","Stack+1","Electrodynamics","Defragment+1","Gash","Sweeping Beam","Buffer","Storm+1","Ball Lightning","Ball Lightning+1","Go for the Eyes","Steam","Barrage","RitualDagger","Biased Cognition","Double Energy","Injury","Conserve Battery+1"],"relics":["Cracked Core","Meat on the Bone","Orichalcum","Ancient Tea Set","Inserter","Thread and Needle","Pear","Question Card","Unceasing Top","Juzu Bracelet","Snecko Eye"],"potions_floor_usage":[],"damage_taken":[{"damage":1,"enemies":"Cultist","floor":1,"turns":3},{"damage":0,"enemies":"Small Slimes","floor":2,"turns":3},{"damage":0,"enemies":"2 Louse","floor":3,"turns":3},{"damage":0,"enemies":"Blue Slaver","floor":4,"turns":4},{"damage":21,"enemies":"Lagavulin","floor":7,"turns":9},{"damage":5,"enemies":"Exordium Thugs","floor":8,"turns":6},{"damage":17,"enemies":"Gremlin Nob","floor":10,"turns":5},{"damage":0,"enemies":"3 Louse","floor":11,"turns":2},{"damage":10,"enemies":"Large Slime","floor":12,"turns":5},{"damage":4,"enemies":"Red Slaver","floor":14,"turns":3},{"damage":39,"enemies":"Hexaghost","floor":16,"turns":10},{"damage":11,"enemies":"3 Byrds","floor":18,"turns":4},{"damage":1,"enemies":"Shell Parasite","floor":22,"turns":6},{"damage":14,"enemies":"Book of Stabbing","floor":24,"turns":6},{"damage":0,"enemies":"Snecko","floor":25,"turns":5},{"damage":0,"enemies":"Cultist and Chosen","floor":28,"turns":5},{"damage":19,"enemies":"Slavers","floor":29,"turns":5},{"damage":14,"enemies":"Collector","floor":33,"turns":7},{"damage":23,"enemies":"3 Darklings","floor":35,"turns":6},{"damage":0,"enemies":"3 Shapes","floor":37,"turns":3},{"damage":69,"enemies":"Sphere and 2 Shapes","floor":39,"turns":7}],"seed_played":"-2768353002217791767","potions_obtained":[{"floor":2,"key":"Fire Potion"},{"floor":7,"key":"Energy Potion"},{"floor":10,"key":"SneckoOil"}],"is_trial":false,"path_per_floor":["M","M","M","M","?","R","E","M","T","E","M","M","R","M","R","B",null,"M","?","?","$","M","R","E","M","T","R","M","E","?","T","R","B",null,"M","?","M","?"],"character_chosen":"DEFECT","items_purchased":["Thread and Needle"],"campfire_rested":3,"item_purchase_floors":[21],"current_hp_per_floor":[74,74,74,74,74,74,53,48,48,43,43,45,67,63,63,36,75,64,64,50,50,49,73,69,69,69,69,69,50,44,44,71,57,90,67,67,67,67,0],"gold":291,"neow_bonus":"UPGRADE_CARD","is_prod":false,"is_daily":false,"chose_seed":false,"campfire_upgraded":3,"win_rate":0,"timestamp":1530662085,"path_taken":["M","?","M","M","?","R","E","M","T","E","?","M","R","M","R","BOSS","M","?","?","$","?","R","E","M","T","R","M","E","?","?","R","BOSS","M","?","M","?","M"],"build_version":"2018-06-28","purchased_purges":0,"victory":false,"max_hp_per_floor":[75,75,75,75,75,75,75,75,75,75,75,75,75,75,75,75,75,75,75,80,80,80,80,90,90,90,90,90,90,90,90,90,90,90,90,90,90,90,90],"card_choices":[{"not_picked":["Rebound","Sweeping Beam"],"picked":"Leap","floor":1},{"not_picked":["Gash","Redo"],"picked":"Leap","floor":2},{"not_picked":["Consume","Steam"],"picked":"Conserve Battery","floor":3},{"not_picked":["Beam Cell","Doom and Gloom"],"picked":"Gash","floor":4},{"not_picked":["Rebound","Thunder Strike"],"picked":"Capacitor","floor":7},{"not_picked":["Reinforced Body","Auto Shields"],"picked":"Stack","floor":8},{"not_picked":["Storm","Ball Lightning"],"picked":"Electrodynamics","floor":10},{"not_picked":["BootSequence","Stack"],"picked":"Defragment","floor":11},{"not_picked":["Turbo","Chill"],"picked":"Gash","floor":12},{"not_picked":["Steam","Beam Cell"],"picked":"Sweeping Beam","floor":14},{"not_picked":["Biased Cognition","Fission"],"picked":"Buffer","floor":16},{"not_picked":["Lockon","Redo"],"picked":"Storm+1","floor":18},{"not_picked":["Tempest","Cold Snap+1"],"picked":"Ball Lightning","floor":22},{"not_picked":["Rebound+1","Genetic Algorithm"],"picked":"Ball Lightning+1","floor":24},{"not_picked":["Sweeping Beam+1","Turbo"],"picked":"Go for the Eyes","floor":25},{"not_picked":["Streamline","Aggregate","Chill"],"picked":"Steam","floor":28},{"not_picked":["Skim","Turbo","Redo"],"picked":"Barrage","floor":29},{"not_picked":["Electrodynamics","Machine Learning","All For One"],"picked":"Biased Cognition","floor":33},{"not_picked":["Coolheaded","Cold Snap","Lockon+1"],"picked":"Double Energy","floor":35},{"not_picked":["Turbo","Scrape","Consume"],"picked":"Conserve Battery+1","floor":37}],"player_experience":54125,"relics_obtained":[{"floor":7,"key":"Meat on the Bone"},{"floor":9,"key":"Orichalcum"},{"floor":10,"key":"Ancient Tea Set"},{"floor":24,"key":"Pear"},{"floor":26,"key":"Question Card"},{"floor":29,"key":"Unceasing Top"},{"floor":31,"key":"Juzu Bracelet"}],"event_choices":[{"event_name":"Living Wall","player_choice":"Change","floor":5,"damage_taken":0},{"event_name":"Back to Basics","player_choice":"Simplicity","floor":19,"damage_taken":0},{"event_name":"Forgotten Altar","player_choice":"Shed Blood","floor":20,"damage_taken":0},{"event_name":"Nest","player_choice":"Joined the Cult","floor":30,"damage_taken":0},{"event_name":"Accursed Blacksmith","player_choice":"Forge","floor":36,"damage_taken":0},{"event_name":"Falling","player_choice":"Removed Power","floor":38,"damage_taken":0}],"boss_relics":[{"not_picked":["Calling Bell","Runic Dome"],"picked":"Inserter"},{"not_picked":["Black Star","Empty Cage"],"picked":"Snecko Eye"}],"items_purged_floors":[],"is_endless":false,"potions_floor_spawned":[2,7,10,14,16,18,22,28,35],"killed_by":"Sphere and 2 Shapes","ascension_level":0}