{"gold_per_floor":[119,197,214,232,244,275,287,364,364,333,333,361,361,378,378,378],"floor_reached":16,"playtime":496,"items_purged":[],"score":174,"play_id":"c90d4fe9-ce4c-4ec1-b4f9-55e6d1f49cee","local_time":"20181222164348","is_ascension_mode":true,"campfire_choices":[{"data":"Flame Barrier","floor":15,"key":"SMITH"}],"neow_cost":"NONE","seed_source_timestamp":101433190138701,"circlet_count":0,"master_deck":["AscendersBane","Strike_R","Strike_R","Strike_R","Strike_R","Strike_R","Defend_R","Defend_R","Defend_R","Defend_R","Bash","Forethought","Wild Strike","Reckless Charge","Uppercut","Whirlwind+1","Flame Barrier+1","Clothesline+1","Dropkick+1"],"relics":["Burning Blood","The Courier","Singing Bowl","Question Card","Molten Egg 2"],"potions_floor_usage":[12,12,16],"damage_taken":[{"damage":6,"enemies":"Cultist","floor":1,"turns":4},{"damage":9,"enemies":"2 Louse","floor":3,"turns":2},{"damage":7,"enemies":"Jaw Worm","floor":4,"turns":2},{"damage":26,"enemies":"Exordium Thugs","floor":5,"turns":5},{"damage":28,"enemies":"Gremlin Nob","floor":6,"turns":4},{"damage":15,"enemies":"Red Slaver","floor":7,"turns":3},{"damage":30,"enemies":"Lagavulin","floor":12,"turns":5},{"damage":11,"enemies":"Large Slime","floor":14,"turns":7},{"damage":26,"enemies":"Hexaghost","floor":16,"turns":10}],"seed_played":"5749204200180186841","potions_obtained":[{"floor":4,"key":"Regen Potion"},{"floor":6,"key":"Regen Potion"},{"floor":12,"key":"GamblersBrew"}],"is_trial":false,"path_per_floor":["M","T","M","M","M","E","M","?","T","$","?","E","?","M","R","B"],"character_chosen":"IRONCLAD","items_purchased":["Flame Barrier"],"campfire_rested":0,"item_purchase_floors":[10],"current_hp_per_floor":[72,72,69,68,48,26,19,19,19,19,19,29,29,24,24,0],"gold":378,"neow_bonus":"RANDOM_COLORLESS","is_prod":false,"is_daily":false,"chose_seed":false,"campfire_upgraded":1,"win_rate":0,"timestamp":1545515028,"path_taken":["M","?","M","M","M","E","M","?","T","$","?","E","?","M","R","BOSS"],"build_version":"2018-12-20","purchased_purges":0,"victory":false,"max_hp_per_floor":[80,80,80,80,80,80,82,82,82,82,82,82,82,82,82,82],"card_choices":[{"not_picked":["Havoc","Warcry"],"picked":"Wild Strike","floor":1},{"not_picked":["Rupture","Warcry"],"picked":"Reckless Charge","floor":3},{"not_picked":["Sever Soul","Thunderclap","Clash"],"picked":"SKIP","floor":4},{"not_picked":["Rupture","Twin Strike"],"picked":"Uppercut","floor":5},{"not_picked":["Perfected Strike","Iron Wave"],"picked":"Whirlwind","floor":6},{"not_picked":["Rage","Thunderclap","Immolate"],"picked":"Singing Bowl","floor":7},{"not_picked":["Body Slam","Headbutt","Perfected Strike"],"picked":"Clothesline","floor":12},{"not_picked":["Clothesline+1","Second Wind","Twin Strike+1"],"picked":"Dropkick+1","floor":14}],"player_experience":534534,"relics_obtained":[{"floor":2,"key":"The Courier"},{"floor":6,"key":"Singing Bowl"},{"floor":9,"key":"Question Card"},{"floor":12,"key":"Molten Egg 2"}],"event_choices":[{"damage_healed":0,"gold_gain":77,"player_choice":"Gained Gold","damage_taken":0,"max_hp_gain":0,"max_hp_loss":0,"event_name":"Golden Wing","floor":8,"gold_loss":0},{"damage_healed":0,"gold_gain":0,"player_choice":"Grow","damage_taken":0,"max_hp_gain":0,"max_hp_loss":0,"event_name":"Living Wall","floor":11,"gold_loss":0,"cards_upgraded":["Whirlwind"]},{"damage_healed":0,"gold_gain":0,"player_choice":"Ignored","damage_taken":0,"max_hp_gain":0,"max_hp_loss":0,"event_name":"Liars Game","floor":13,"gold_loss":0}],"is_beta":false,"boss_relics":[],"items_purged_floors":[],"is_endless":false,"potions_floor_spawned":[4,6,7,12],"killed_by":"Hexaghost","ascension_level":11}