{"gold_per_floor":[117,117,97,122,146,146,182,202,202,216,232,202],"floor_reached":12,"playtime":535,"items_purged":[],"score":82,"play_id":"b454c614-3d44-4ba5-a54c-b9d65c77d882","local_time":"20190130152213","is_ascension_mode":false,"campfire_choices":[{"floor":6,"key":"REST"}],"neow_cost":"NONE","seed_source_timestamp":161298982622674,"circlet_count":0,"master_deck":["Strike_B","Strike_B","Strike_B","Defend_B","Defend_B","Defend_B","Defend_B","Zap","Dualcast","Barrage","White Noise","Self Repair","Redo","Streamline","Beam Cell","Hologram","Conserve Battery"],"relics":["Cracked Core","Golden Idol","Symbiotic Virus","Darkstone Periapt"],"potions_floor_usage":[],"damage_taken":[{"damage":4,"enemies":"Small Slimes","floor":1,"turns":4},{"damage":1,"enemies":"Cultist","floor":4,"turns":3},{"damage":6,"enemies":"2 Louse","floor":5,"turns":3},{"damage":47,"enemies":"3 Sentries","floor":7,"turns":10},{"damage":29,"enemies":"Exordium Wildlife","floor":8,"turns":4},{"damage":6,"enemies":"Large Slime","floor":10,"turns":4},{"damage":5,"enemies":"Looter","floor":11,"turns":3},{"damage":17,"enemies":"Exordium Thugs","floor":12,"turns":2}],"seed_played":"-418687573184861431","potions_obtained":[{"floor":1,"key":"GamblersBrew"},{"floor":3,"key":"LiquidBronze"},{"floor":4,"key":"FocusPotion"}],"is_trial":false,"path_per_floor":["M","?","?","M","M","R","E","M","T","M","M","M"],"character_chosen":"DEFECT","items_purchased":[],"campfire_rested":1,"item_purchase_floors":[],"current_hp_per_floor":[71,53,53,52,53,75,35,13,13,14,16,0],"gold":202,"neow_bonus":"TRANSFORM_CARD","is_prod":false,"is_daily":false,"chose_seed":false,"campfire_upgraded":0,"win_rate":0,"timestamp":1548890533,"path_taken":["M","?","?","M","?","R","E","M","T","M","M","M"],"build_version":"2019-01-23","purchased_purges":0,"victory":false,"max_hp_per_floor":[75,75,75,75,75,75,75,75,75,75,75,75],"card_choices":[{"not_picked":["Redo","Stack"],"picked":"White Noise","floor":1},{"not_picked":["Darkness","Cold Snap"],"picked":"Self Repair","floor":4},{"not_picked":["Steam","Gash"],"picked":"Redo","floor":5},{"not_picked":["Force Field","Aggregate"],"picked":"Streamline","floor":7},{"not_picked":["Doom and Gloom","Seek"],"picked":"Beam Cell","floor":8},{"not_picked":["Turbo","Rebound"],"picked":"Hologram","floor":10},{"not_picked":["Streamline","Hologram"],"picked":"Conserve Battery","floor":11}],"player_experience":177919,"relics_obtained":[{"floor":7,"key":"Symbiotic Virus"},{"floor":9,"key":"Darkstone Periapt"}],"event_choices":[{"damage_healed":0,"gold_gain":0,"player_choice":"Take Damage","damage_taken":18,"relics_obtained":["Golden Idol"],"max_hp_gain":0,"max_hp_loss":0,"event_name":"Golden Idol","floor":2,"gold_loss":0},{"damage_healed":0,"gold_gain":0,"player_choice":"Bought 1 Potion","damage_taken":0,"max_hp_gain":0,"max_hp_loss":0,"event_name":"The Woman in Blue","floor":3,"gold_loss":0}],"is_beta":false,"boss_relics":[],"items_purged_floors":[],"is_endless":false,"potions_floor_spawned":[1,4,10,11],"killed_by":"Exordium Thugs","ascension_level":0}