{"gold_per_floor":[118,131,151,151,151,151,184,184,184,19,60,75,75,96,96,192,192,211,49,49,49,49,49,80,80,129,150,150,194,194,31,31,105,105,116,128,183,183,193,225,225,260,260,275,275,307,319,345,345,345,345,345,345,29,64,64],"floor_reached":57,"playtime":3178,"items_purged":["Strike_R","Strike_R"],"score":3228,"play_id":"e02a5545-be6b-412d-bb3e-fade0688e284","local_time":"20190611152432","is_ascension_mode":true,"campfire_choices":[{"data":"Bash","floor":6.0,"key":"SMITH"},{"floor":13.0,"key":"REST"},{"data":"Armaments","floor":15.0,"key":"SMITH"},{"data":"Corruption","floor":23.0,"key":"SMITH"},{"data":"Corruption","floor":25.0,"key":"SMITH"},{"data":"Warcry","floor":28.0,"key":"SMITH"},{"data":"Impervious","floor":32.0,"key":"SMITH"},{"data":"Chrysalis","floor":41.0,"key":"SMITH"},{"floor":49,"key":"RECALL"},{"data":"Dark Embrace","floor":53,"key":"SMITH"}],"neow_cost":"NONE","seed_source_timestamp":159988263631800,"circlet_count":0,"master_deck":["AscendersBane","Strike_R","Strike_R","Strike_R","Defend_R","Defend_R","Defend_R+1","Defend_R","Bash+1","Clothesline","Cleave","Shockwave","True Grit+1","Immolate","Armaments+1","Rampage","Havoc","Reaper","Sentinel","Corruption+1","RitualDagger","Corruption+1","Shrug It Off","Warcry+1","Impervious+1","Sentinel","Feel No Pain","Dark Embrace+1","True Grit","Bloodletting","Flash of Steel","Chrysalis+1","Body Slam+1","Battle Trance","Sentinel+1","Intimidate+1","Warcry","Warcry"],"special_seed":0,"relics":["Burning Blood","Dead Branch","Pen Nib","Bloody Idol","Gambling Chip","Blood Vial","Eternal Feather","Happy Flower","War Paint","Shuriken","Sozu","Champion Belt","Magic Flower","Bottled Tornado","Regal Pillow","Unceasing Top","Bag of Preparation","Mercury Hourglass"],"potions_floor_usage":[],"damage_taken":[{"damage":12.0,"enemies":"Small Slimes","floor":1.0,"turns":5.0},{"damage":3.0,"enemies":"2 Louse","floor":2.0,"turns":3.0},{"damage":9.0,"enemies":"Jaw Worm","floor":3.0,"turns":3.0},{"damage":35.0,"enemies":"3 Sentries","floor":7.0,"turns":5.0},{"damage":24.0,"enemies":"Gremlin Nob","floor":11.0,"turns":4.0},{"damage":0.0,"enemies":"Large Slime","floor":12.0,"turns":3.0},{"damage":10.0,"enemies":"Blue Slaver","floor":14.0,"turns":4.0},{"damage":18.0,"enemies":"Hexaghost","floor":16.0,"turns":7.0},{"damage":0.0,"enemies":"Spheric Guardian","floor":18.0,"turns":1.0},{"damage":27.0,"enemies":"Gremlin Leader","floor":24.0,"turns":5.0},{"damage":9.0,"enemies":"3 Byrds","floor":27.0,"turns":4.0},{"damage":15.0,"enemies":"Book of Stabbing","floor":29.0,"turns":4.0},{"damage":3.0,"enemies":"Automaton","floor":33.0,"turns":4.0},{"damage":6.0,"enemies":"3 Darklings","floor":35.0,"turns":1.0},{"damage":0.0,"enemies":"Orb Walker","floor":36.0,"turns":3.0},{"damage":20.0,"enemies":"2 Orb Walkers","floor":37.0,"turns":5.0},{"damage":6.0,"enemies":"Maw","floor":39.0,"turns":4.0},{"damage":9.0,"enemies":"Giant Head","floor":40.0,"turns":3.0},{"damage":12.0,"enemies":"Nemesis","floor":42.0,"turns":5.0},{"damage":19.0,"enemies":"4 Shapes","floor":44.0,"turns":1.0},{"damage":12.0,"enemies":"Giant Head","floor":46.0,"turns":1.0},{"damage":0.0,"enemies":"Sphere and 2 Shapes","floor":47.0,"turns":1.0},{"damage":51.0,"enemies":"Reptomancer","floor":48.0,"turns":4.0},{"damage":44,"enemies":"Time Eater","floor":50,"turns":13},{"damage":1,"enemies":"Donu and Deca","floor":51,"turns":3},{"damage":13,"enemies":"Shield and Spear","floor":55,"turns":3},{"damage":18,"enemies":"The Heart","floor":56,"turns":5}],"seed_played":"5736384540245092994","potions_obtained":[{"floor":1.0,"key":"SteroidPotion"},{"floor":7.0,"key":"SteroidPotion"},{"floor":12.0,"key":"Energy Potion"},{"floor":14.0,"key":"BloodPotion"},{"floor":24.0,"key":"Poison Potion"},{"floor":29.0,"key":"Swift Potion"}],"is_trial":false,"path_per_floor":["M","M","M","?","?","R","E","?","T","$","E","M","R","M","R","B",null,"M","$","?","?","?","R","E","R","T","M","R","E","?","$","R","B",null,"M","M","?","?","M","E","R","E","T","M","?","E","M","E","R","B","B",null,"R","$","E","B",null],"character_chosen":"IRONCLAD","items_purchased":["Immolate","Corruption","Sentinel","Feel No Pain","Bag of Preparation","Warcry"],"campfire_rested":1,"item_purchase_floors":[10,19,31,31,54,54],"current_hp_per_floor":[69,72,69,69,62,62,33,33,33,33,15,23,45,43,43,33,64,72,72,66,66,66,74,53,65,65,70,74,66,66,66,74,74,74,74,74,65,55,68,74,74,74,74,69,69,74,74,37,58,74,74,74,74,74,74,65],"gold":64,"neow_bonus":"TEN_PERCENT_HP_BONUS","is_prod":false,"is_daily":false,"chose_seed":false,"campfire_upgraded":8,"win_rate":0,"timestamp":1560263072,"path_taken":["M","M","M","?","?","R","E","?","T","$","E","M","R","M","R","BOSS","M","$","?","?","?","R","E","R","T","M","R","E","?","$","R","BOSS","M","M","?","?","M","E","R","E","T","M","?","E","M","E","R","BOSS","BOSS","R","$","E","BOSS"],"build_version":"2019-01-23","purchased_purges":2,"victory":true,"max_hp_per_floor":[82,82,82,82,82,82,82,74,74,74,74,74,74,74,74,74,74,74,74,74,74,74,74,74,74,74,74,74,74,74,74,74,74,74,74,74,74,74,74,74,74,74,74,74,74,74,74,74,74,74,74,74,74,74,74,74],"card_choices":[{"not_picked":["Burning Pact","True Grit"],"picked":"Clothesline","floor":1.0},{"not_picked":["Shrug It Off","Warcry"],"picked":"Cleave","floor":2.0},{"not_picked":["Warcry","Thunderclap"],"picked":"Shockwave","floor":3.0},{"not_picked":["Rupture","Havoc"],"picked":"True Grit","floor":7.0},{"not_picked":["Reckless Charge","Bludgeon"],"picked":"Armaments","floor":11.0},{"not_picked":["Flex","Wild Strike"],"picked":"Rampage","floor":12.0},{"not_picked":["Second Wind","Wild Strike"],"picked":"Havoc","floor":14.0},{"not_picked":["Double Tap","Brutality"],"picked":"Reaper","floor":16.0},{"not_picked":["Armaments","Carnage+1"],"picked":"Sentinel","floor":18.0},{"not_picked":["Dual Wield","Clothesline"],"picked":"Shrug It Off","floor":24.0},{"not_picked":["Twin Strike","Clothesline+1"],"picked":"Warcry","floor":27.0},{"not_picked":["Blood for Blood","Pommel Strike"],"picked":"Impervious","floor":29.0},{"not_picked":["Offering","Immolate"],"picked":"Dark Embrace","floor":33.0},{"not_picked":["Thunderclap","Clothesline"],"picked":"True Grit","floor":35.0},{"not_picked":["Dual Wield","Iron Wave","Thunderclap"],"picked":"SKIP","floor":36.0},{"not_picked":["True Grit","Twin Strike+1"],"picked":"Bloodletting","floor":37.0},{"not_picked":["Blind","Dramatic Entrance"],"picked":"Flash of Steel","floor":38.0},{"not_picked":["Forethought","Trip"],"picked":"Chrysalis","floor":38.0},{"not_picked":["Sword Boomerang","Anger","Headbutt"],"picked":"SKIP","floor":39.0},{"not_picked":["Perfected Strike+1","Ghostly Armor"],"picked":"Body Slam+1","floor":40.0},{"not_picked":["Carnage","Combust","Twin Strike"],"picked":"SKIP","floor":42.0},{"not_picked":["Headbutt","Corruption","Rampage"],"picked":"SKIP","floor":44.0},{"not_picked":["Cleave","Body Slam"],"picked":"Battle Trance","floor":46.0},{"not_picked":["Havoc+1","Seeing Red"],"picked":"Sentinel+1","floor":47.0},{"not_picked":["Cleave","Combust"],"picked":"Intimidate+1","floor":48},{"not_picked":["Iron Wave","Clash"],"picked":"Warcry","floor":55}],"player_experience":1445679,"relics_obtained":[{"floor":7.0,"key":"Pen Nib"},{"floor":9.0,"key":"Gambling Chip"},{"floor":11.0,"key":"Blood Vial"},{"floor":24.0,"key":"Happy Flower"},{"floor":26.0,"key":"War Paint"},{"floor":29.0,"key":"Shuriken"},{"floor":37.0,"key":"Champion Belt"},{"floor":40.0,"key":"Magic Flower"},{"floor":42.0,"key":"Bottled Tornado"},{"floor":46.0,"key":"Regal Pillow"},{"floor":48,"key":"Unceasing Top"},{"floor":55,"key":"Mercury Hourglass"}],"event_choices":[{"damage_healed":0.0,"max_hp_gain":0.0,"max_hp_loss":0.0,"gold_gain":0.0,"event_name":"Big Fish","player_choice":"Box","floor":4.0,"gold_loss":0.0,"damage_taken":0.0,"relics_obtained":["Dead Branch"],"cards_obtained":["Regret"]},{"cards_removed":["Regret"],"damage_healed":0.0,"max_hp_gain":0.0,"max_hp_loss":0.0,"gold_gain":0.0,"event_name":"Golden Wing","player_choice":"Card Removal","floor":5.0,"gold_loss":0.0,"damage_taken":7.0},{"damage_healed":0.0,"max_hp_gain":0.0,"max_hp_loss":8.0,"gold_gain":0.0,"event_name":"Golden Idol","player_choice":"Lose Max HP","floor":8.0,"gold_loss":0.0,"damage_taken":0.0,"relics_obtained":["Golden Idol"]},{"damage_healed":0.0,"max_hp_gain":0.0,"max_hp_loss":0.0,"gold_gain":0.0,"event_name":"Nest","player_choice":"Joined the Cult","floor":20.0,"gold_loss":0.0,"damage_taken":6.0,"cards_obtained":["RitualDagger"]},{"damage_healed":0.0,"max_hp_gain":0.0,"max_hp_loss":0.0,"gold_gain":0.0,"event_name":"The Library","player_choice":"Read","floor":21.0,"gold_loss":0.0,"damage_taken":0.0,"cards_obtained":["Corruption"]},{"damage_healed":0.0,"max_hp_gain":0.0,"max_hp_loss":0.0,"gold_gain":0.0,"event_name":"Beggar","player_choice":"Ignored","floor":22.0,"gold_loss":0.0,"damage_taken":0.0},{"damage_healed":0.0,"max_hp_gain":0.0,"max_hp_loss":0.0,"gold_gain":0.0,"event_name":"Forgotten Altar","player_choice":"Gave Idol","floor":30.0,"relics_lost":["Golden Idol"],"gold_loss":0.0,"damage_taken":0.0,"relics_obtained":["Bloody Idol"]},{"damage_healed":0.0,"max_hp_gain":0.0,"max_hp_loss":0.0,"gold_gain":0.0,"event_name":"Mysterious Sphere","player_choice":"Fight","floor":37.0,"gold_loss":0.0,"damage_taken":0.0},{"damage_healed":0.0,"max_hp_gain":0.0,"max_hp_loss":0.0,"gold_gain":0.0,"event_name":"SensoryStone","player_choice":"Memory 3","floor":38.0,"gold_loss":0.0,"damage_taken":10.0},{"damage_healed":0.0,"max_hp_gain":0.0,"max_hp_loss":0.0,"gold_gain":0.0,"event_name":"Tomb of Lord Red Mask","player_choice":"Ignored","floor":45.0,"gold_loss":0.0,"damage_taken":0.0}],"is_beta":false,"boss_relics":[{"not_picked":["Black Star","Fusion Hammer"],"picked":"Eternal Feather"},{"not_picked":["Empty Cage","Calling Bell"],"picked":"Sozu"}],"items_purged_floors":[19,54],"is_endless":false,"potions_floor_spawned":[1,7,12,14,24,29,35,39,47,55],"ascension_level":20}