{"gold_per_floor":[114,125,125,150,150,150,166,166,166,189,229,245,245,268,268,387,387,407,203,228,246,267,267,267],"floor_reached":24,"playtime":1057,"items_purged":["Strike_R"],"score":202,"play_id":"a048df78-9eb4-4411-b5c0-fd92f37796ad","local_time":"20181205224839","is_ascension_mode":false,"campfire_choices":[{"data":"Bash","floor":6,"key":"SMITH"},{"data":"Iron Wave","floor":8,"key":"SMITH"},{"floor":15,"key":"REST"},{"floor":23,"key":"REST"}],"neow_cost":"NONE","seed_source_timestamp":375881700289376,"circlet_count":0,"master_deck":["Strike_R","Strike_R+1","Strike_R","Strike_R","Defend_R","Defend_R","Defend_R","Defend_R","Bash+1","Iron Wave+1","Dropkick","Dual Wield+1","Iron Wave","Headbutt","Evolve","Armaments","Wild Strike","Demon Form","Pommel Strike","Whirlwind","Spot Weakness","Battle Trance","Berserk","Heavy Blade"],"relics":["Burning Blood","Golden Idol","Smiling Mask","Darkstone Periapt","Potion Belt","Sozu"],"potions_floor_usage":[11,16,16],"damage_taken":[{"damage":1,"enemies":"Jaw Worm","floor":1,"turns":6},{"damage":2,"enemies":"2 Louse","floor":2,"turns":3},{"damage":2,"enemies":"Small Slimes","floor":4,"turns":3},{"damage":16,"enemies":"Exordium Wildlife","floor":7,"turns":5},{"damage":5,"enemies":"Looter","floor":10,"turns":3},{"damage":14,"enemies":"Gremlin Nob","floor":11,"turns":4},{"damage":6,"enemies":"Large Slime","floor":12,"turns":6},{"damage":1,"enemies":"Red Slaver","floor":14,"turns":4},{"damage":58,"enemies":"Slime Boss","floor":16,"turns":14},{"damage":10,"enemies":"2 Thieves","floor":18,"turns":5},{"damage":18,"enemies":"Shell Parasite","floor":20,"turns":7},{"damage":26,"enemies":"Cultist and Chosen","floor":21,"turns":7},{"damage":36,"enemies":"Snake Plant","floor":22,"turns":4},{"damage":38,"enemies":"Slavers","floor":24,"turns":3}],"seed_played":"7301136059977948057","potions_obtained":[{"floor":2,"key":"Swift Potion"},{"floor":4,"key":"Weak Potion"},{"floor":14,"key":"BloodPotion"},{"floor":16,"key":"Swift Potion"}],"is_trial":false,"path_per_floor":["M","M","?","M","?","R","M","R","T","M","E","M","?","M","R","B",null,"M","$","M","M","M","R","E"],"character_chosen":"IRONCLAD","items_purchased":["Whirlwind","Spot Weakness"],"campfire_rested":2,"item_purchase_floors":[19,19],"current_hp_per_floor":[80,80,60,64,48,48,38,38,38,39,31,31,24,29,53,9,80,76,76,64,44,14,38,0],"gold":267,"neow_bonus":"THREE_CARDS","is_prod":false,"is_daily":false,"chose_seed":false,"campfire_upgraded":2,"win_rate":0.0,"timestamp":1544068119,"path_taken":["M","M","?","M","?","R","M","R","T","M","E","M","?","?","R","BOSS","M","$","M","M","M","R","E"],"build_version":"2018-11-15","purchased_purges":1,"victory":false,"max_hp_per_floor":[80,80,80,80,80,80,80,80,80,80,80,80,80,80,80,80,80,80,80,80,80,80,80,80],"card_choices":[{"not_picked":["Shrug It Off","Dual Wield"],"picked":"Iron Wave","floor":0},{"not_picked":["Anger","Inflame"],"picked":"Dropkick","floor":1},{"not_picked":["Cleave","True Grit"],"picked":"Dual Wield","floor":2},{"not_picked":["Clash","Entrench","True Grit"],"picked":"SKIP","floor":4},{"not_picked":["Sword Boomerang","Fire Breathing"],"picked":"Iron Wave","floor":7},{"not_picked":["Twin Strike","Infernal Blade"],"picked":"Headbutt","floor":10},{"not_picked":["Clash","Hemokinesis"],"picked":"Evolve","floor":11},{"not_picked":["Fire Breathing","Cleave"],"picked":"Armaments","floor":12},{"not_picked":["Intimidate","Heavy Blade"],"picked":"Wild Strike","floor":14},{"not_picked":["Impervious","Fiend Fire"],"picked":"Demon Form","floor":16},{"not_picked":["Thunderclap","Warcry"],"picked":"Pommel Strike","floor":18},{"not_picked":["Infernal Blade","Body Slam"],"picked":"Battle Trance","floor":20},{"not_picked":["Dual Wield","Infernal Blade"],"picked":"Berserk","floor":21},{"not_picked":["Twin Strike","Combust"],"picked":"Heavy Blade","floor":22}],"player_experience":482614,"relics_obtained":[{"floor":9,"key":"Smiling Mask"},{"floor":11,"key":"Darkstone Periapt"}],"event_choices":[{"damage_healed":0,"gold_gain":0,"player_choice":"Take Damage","damage_taken":20,"relics_obtained":["Golden Idol"],"max_hp_gain":0,"max_hp_loss":0,"event_name":"Golden Idol","floor":3,"gold_loss":0},{"damage_healed":0,"gold_gain":0,"player_choice":"Entered Light","damage_taken":16,"max_hp_gain":0,"max_hp_loss":0,"event_name":"Shining Light","floor":5,"gold_loss":0,"cards_upgraded":["Strike_R","Dual Wield"]},{"damage_healed":0,"gold_gain":0,"player_choice":"Success","damage_taken":7,"relics_obtained":["Potion Belt"],"max_hp_gain":0,"max_hp_loss":0,"event_name":"Scrap Ooze","floor":13,"gold_loss":0}],"is_beta":false,"boss_relics":[{"not_picked":["Black Blood","Eternal Feather"],"picked":"Sozu"}],"items_purged_floors":[19],"is_endless":false,"potions_floor_spawned":[2,4,14,16,18,22],"killed_by":"Slavers","ascension_level":0}