{"gold_per_floor":[17,17,17,38,54,54,97,97,97,128,175,175,188,188,188,316,316,339,339,359,24,39,39,73,73,73,112,126,141,160,194,194,320,320,333,458,164,184,198,238,238,303,377,377,392,392,406,204,204,204],"floor_reached":51,"playtime":1544,"items_purged":["Strike_R","Strike_R","Body Slam+1"],"score":805,"play_id":"0a8938ae-3d92-4c59-bd9e-cdb41bc411d6","local_time":"20190707111625","is_ascension_mode":true,"campfire_choices":[{"floor":6,"key":"REST"},{"floor":8,"key":"REST"},{"floor":15,"key":"REST"},{"data":"Demon Form","floor":23,"key":"SMITH"},{"floor":32,"key":"REST"},{"floor":41,"key":"REST"},{"data":"Whirlwind","floor":46,"key":"SMITH"},{"floor":49,"key":"REST"}],"neow_cost":"NO_GOLD","seed_source_timestamp":253800032157789,"circlet_count":0,"master_deck":["Strike_R","Strike_R+1","Defend_R","Defend_R","Bash","Rage+1","Infernal Blade+1","Thunderclap","Twin Strike","Shrug It Off","Shrug It Off","Clothesline","Demon Form+1","Heavy Blade","Necronomicurse","Whirlwind+1","Shrug It Off+1","Twin Strike","Infernal Blade","Demon Form","Evolve","Double Tap","Heavy Blade+1","Parasite","Infernal Blade+1","Parasite","True Grit","Corruption+1"],"relics":["Burning Blood","Golden Idol","Question Card","Centennial Puzzle","Du-Vu Doll","Bronze Scales","Philosopher\u0027s Stone","Necronomicon","Kunai","Dodecahedron","Dead Branch","Smiling Mask","Happy Flower","Cursed Key","StoneCalendar","Bottled Lightning","Regal Pillow","Nunchaku","Bottled Tornado","Bag of Preparation"],"potions_floor_usage":[24,31,33,40,50,50],"damage_taken":[{"damage":0,"enemies":"2 Louse","floor":1,"turns":3},{"damage":9,"enemies":"Jaw Worm","floor":4,"turns":4},{"damage":0,"enemies":"Small Slimes","floor":5,"turns":2},{"damage":31,"enemies":"Gremlin Nob","floor":7,"turns":5},{"damage":36,"enemies":"Lagavulin","floor":10,"turns":8},{"damage":3,"enemies":"Exordium Thugs","floor":13,"turns":2},{"damage":28,"enemies":"The Guardian","floor":16,"turns":12},{"damage":12,"enemies":"3 Byrds","floor":18,"turns":4},{"damage":0,"enemies":"Spheric Guardian","floor":20,"turns":3},{"damage":3,"enemies":"Centurion and Healer","floor":22,"turns":3},{"damage":44,"enemies":"Book of Stabbing","floor":24,"turns":4},{"damage":16,"enemies":"Slavers","floor":27,"turns":2},{"damage":11,"enemies":"Snecko","floor":28,"turns":3},{"damage":4,"enemies":"Cultist and Chosen","floor":29,"turns":3},{"damage":19,"enemies":"Shelled Parasite and Fungi","floor":30,"turns":2},{"damage":13,"enemies":"Gremlin Leader","floor":31,"turns":5},{"damage":16,"enemies":"Automaton","floor":33,"turns":5},{"damage":2,"enemies":"Orb Walker","floor":35,"turns":2},{"damage":36,"enemies":"Mind Bloom Boss Battle","floor":36,"turns":3},{"damage":0,"enemies":"3 Darklings","floor":38,"turns":1},{"damage":22,"enemies":"4 Shapes","floor":39,"turns":5},{"damage":15,"enemies":"Nemesis","floor":40,"turns":3},{"damage":14,"enemies":"2 Orb Walkers","floor":42,"turns":2},{"damage":11,"enemies":"Writhing Mass","floor":45,"turns":3},{"damage":11,"enemies":"Jaw Worm Horde","floor":47,"turns":2},{"damage":56,"enemies":"Time Eater","floor":50,"turns":5}],"seed_played":"6917576795899080262","potions_obtained":[{"floor":7,"key":"GamblersBrew"},{"floor":13,"key":"BloodPotion"},{"floor":16,"key":"SteroidPotion"},{"floor":24,"key":"PowerPotion"},{"floor":39,"key":"Regen Potion"},{"floor":40,"key":"Fire Potion"}],"is_trial":false,"path_per_floor":["M","$","?","M","M","R","E","R","T","E","T","?","M","?","R","B",null,"M","?","M","$","M","R","E","?","T","E","M","M","M","E","R","B",null,"M","?","$","M","M","E","R","?","T","?","M","R","M","$","R","B",null],"character_chosen":"IRONCLAD","items_purchased":["Kunai","Bottled Lightning","Bag of Preparation"],"campfire_rested":6,"item_purchase_floors":[21,37,48],"current_hp_per_floor":[80,80,60,57,63,80,55,79,79,49,49,33,36,36,60,38,80,74,58,64,64,67,67,49,49,49,39,34,36,23,16,40,30,80,80,50,50,56,40,40,79,71,71,71,66,66,61,61,80,30],"gold":204,"neow_bonus":"TRANSFORM_TWO_CARDS","is_prod":false,"is_daily":false,"chose_seed":false,"campfire_upgraded":2,"win_rate":0,"timestamp":1562523385,"path_taken":["M","$","?","M","M","R","E","R","T","E","?","?","M","?","R","BOSS","M","?","M","$","M","R","E","?","T","E","M","M","M","E","R","BOSS","M","?","$","M","M","E","R","?","T","?","M","R","M","$","R","BOSS"],"build_version":"2019-07-05","purchased_purges":3,"victory":true,"max_hp_per_floor":[80,80,80,80,80,80,80,80,80,80,80,80,80,80,80,80,80,80,80,80,80,80,80,80,80,80,80,80,80,80,80,80,80,80,80,80,80,80,80,80,80,80,80,80,80,80,80,80,80,80],"card_choices":[{"not_picked":["Anger","Twin Strike"],"picked":"Thunderclap","floor":1},{"not_picked":["Sword Boomerang","Body Slam"],"picked":"Twin Strike","floor":4},{"not_picked":["Body Slam","Berserk"],"picked":"Shrug It Off","floor":5},{"not_picked":["Thunderclap","Second Wind"],"picked":"Shrug It Off","floor":7},{"not_picked":["Ghostly Armor","Brutality","Dark Embrace","Iron Wave"],"picked":"SKIP","floor":10},{"not_picked":["Flame Barrier","Havoc","Flex"],"picked":"Clothesline","floor":13},{"not_picked":["Brutality","Berserk","Barricade"],"picked":"Demon Form","floor":16},{"not_picked":["Uppercut","Combust","Warcry"],"picked":"Heavy Blade","floor":18},{"not_picked":["Spot Weakness","Pummel","Heavy Blade"],"picked":"Whirlwind","floor":20},{"not_picked":["Headbutt+1","Warcry+1","Sever Soul"],"picked":"Shrug It Off+1","floor":22},{"not_picked":["Reckless Charge","Flex","Hemokinesis+1","Thunderclap+1"],"picked":"SKIP","floor":24},{"not_picked":["Dropkick","Battle Trance","Disarm"],"picked":"Infernal Blade","floor":27},{"not_picked":["Clothesline","Warcry","Iron Wave","Anger+1"],"picked":"SKIP","floor":28},{"not_picked":["Headbutt","True Grit","Warcry","Body Slam"],"picked":"SKIP","floor":29},{"not_picked":["Intimidate","Clash","Flex"],"picked":"Demon Form","floor":30},{"not_picked":["Body Slam","Heavy Blade","Anger"],"picked":"Evolve","floor":31},{"not_picked":["Fiend Fire","Immolate","Demon Form"],"picked":"Double Tap","floor":33},{"not_picked":["Ghostly Armor","Sever Soul+1","Reckless Charge"],"picked":"Heavy Blade+1","floor":35},{"not_picked":["Ghostly Armor","Perfected Strike","Clash+1","Disarm+1"],"picked":"SKIP","floor":38},{"not_picked":["Second Wind","Anger+1","Warcry","Pommel Strike+1"],"picked":"SKIP","floor":39},{"not_picked":["Combust+1","Bludgeon","Blood for Blood+1"],"picked":"Body Slam+1","floor":40},{"not_picked":["Infernal Blade+1","Heavy Blade","Havoc"],"picked":"True Grit","floor":45},{"not_picked":["Clothesline","Flex","Metallicize"],"picked":"Corruption+1","floor":47}],"player_experience":277505,"relics_obtained":[{"floor":7,"key":"Question Card"},{"floor":9,"key":"Centennial Puzzle"},{"floor":10,"key":"Du-Vu Doll"},{"floor":11,"key":"Bronze Scales"},{"floor":19,"key":"Necronomicon"},{"floor":24,"key":"Dodecahedron"},{"floor":26,"key":"Dead Branch"},{"floor":27,"key":"Smiling Mask"},{"floor":31,"key":"Happy Flower"},{"floor":36,"key":"StoneCalendar"},{"floor":40,"key":"Regal Pillow"},{"floor":42,"key":"Nunchaku"},{"floor":43,"key":"Bottled Tornado"}],"event_choices":[{"damage_healed":0,"gold_gain":0,"player_choice":"Take Damage","damage_taken":20,"relics_obtained":["Golden Idol"],"max_hp_gain":0,"max_hp_loss":0,"event_name":"Golden Idol","floor":3,"gold_loss":0},{"damage_healed":0,"gold_gain":0,"player_choice":"Entered Light","damage_taken":16,"max_hp_gain":0,"max_hp_loss":0,"event_name":"Shining Light","floor":12,"gold_loss":0,"cards_upgraded":["Strike_R","Infernal Blade"]},{"damage_healed":0,"gold_gain":0,"player_choice":"Grow","damage_taken":0,"max_hp_gain":0,"max_hp_loss":0,"event_name":"Living Wall","floor":14,"gold_loss":0,"cards_upgraded":["Rage"]},{"damage_healed":0,"gold_gain":0,"player_choice":"Obtained Book","damage_taken":16,"max_hp_gain":0,"max_hp_loss":0,"event_name":"Cursed Tome","floor":19,"gold_loss":0},{"damage_healed":0,"gold_gain":0,"cards_transformed":["Defend_R"],"player_choice":"Transformed","damage_taken":0,"max_hp_gain":0,"max_hp_loss":0,"event_name":"Transmorgrifier","floor":25,"gold_loss":0,"cards_obtained":["Twin Strike"]},{"damage_healed":0,"gold_gain":0,"player_choice":"Fight","damage_taken":0,"max_hp_gain":0,"max_hp_loss":0,"event_name":"MindBloom","floor":36,"gold_loss":0},{"damage_healed":0,"gold_gain":0,"player_choice":"Fight","damage_taken":0,"max_hp_gain":0,"max_hp_loss":0,"event_name":"Mysterious Sphere","floor":42,"gold_loss":0},{"damage_healed":0,"gold_gain":0,"player_choice":"Copied","damage_taken":0,"max_hp_gain":0,"max_hp_loss":0,"event_name":"Duplicator","floor":44,"gold_loss":0,"cards_obtained":["Infernal Blade"]}],"is_beta":false,"boss_relics":[{"not_picked":["Tiny House","Eternal Feather"],"picked":"Philosopher\u0027s Stone"},{"not_picked":["Sozu","Snecko Eye"],"picked":"Cursed Key"}],"items_purged_floors":[21,37,48],"is_endless":false,"potions_floor_spawned":[7,13,16,20,24,27,30,39,40],"ascension_level":1}