{"gold_per_floor":[116,116,130,145,158,191,191,219,244,394,394,263,263,290,290,363,363,336,336],"floor_reached":19,"playtime":627,"items_purged":["Doubt"],"score":350,"play_id":"c99e9f00-d7d4-4fb3-a87e-303315654eb8","local_time":"20190616111302","is_ascension_mode":true,"campfire_choices":[{"floor":7.0,"key":"REST"},{"data":"Wraith Form v2","floor":13.0,"key":"SMITH"},{"floor":15.0,"key":"REST"}],"neow_cost":"NONE","seed_source_timestamp":0,"circlet_count":0,"master_deck":["AscendersBane","Survivor","Neutralize","Flechettes","Poisoned Stab","Bane","Bane","Cloak And Dagger","Wraith Form v2+1","Quick Slash","Catalyst","Wraith Form v2","Bullet Time","Catalyst","Night Terror","PiercingWail","Escape Plan","Venomology","Expertise","A Thousand Cuts","Expertise","Crippling Poison"],"special_seed":0,"relics":["Sozu","FaceOfCleric","Snake Skull","Odd Mushroom","Pen Nib","Pear","Potion Belt","Pandora\u0027s Box"],"potions_floor_usage":[],"damage_taken":[{"damage":5.0,"enemies":"2 Louse","floor":1.0,"turns":3.0},{"damage":0.0,"enemies":"Cultist","floor":3.0,"turns":4.0},{"damage":2.0,"enemies":"Jaw Worm","floor":4.0,"turns":4.0},{"damage":12.0,"enemies":"Large Slime","floor":5.0,"turns":6.0},{"damage":41.0,"enemies":"3 Sentries","floor":6.0,"turns":10.0},{"damage":8.0,"enemies":"The Mushroom Lair","floor":8.0,"turns":6.0},{"damage":5.0,"enemies":"Gremlin Nob","floor":14.0,"turns":5.0},{"damage":38.0,"enemies":"The Guardian","floor":16.0,"turns":14.0},{"damage":6,"enemies":"2 Thieves","floor":18,"turns":4}],"seed_played":"3494633961675487039","potions_obtained":[],"is_trial":false,"path_per_floor":["M","?","M","M","M","E","R","?","T","?","T","$","R","E","R","B",null,"M","?"],"character_chosen":"THE_SILENT","items_purchased":["Quick Slash"],"campfire_rested":2,"item_purchase_floors":[12],"current_hp_per_floor":[54,54,55,54,43,3,24,17,17,17,27,27,27,23,47,10,65,60,60],"gold":336,"neow_bonus":"BOSS_RELIC","is_prod":false,"is_daily":false,"chose_seed":false,"campfire_upgraded":1,"win_rate":0,"timestamp":1560679982,"path_taken":["M","?","M","M","?","E","R","?","T","?","?","$","R","E","R","BOSS","M","?"],"build_version":"2019-01-23","purchased_purges":1,"victory":false,"max_hp_per_floor":[66,66,67,68,69,70,70,71,71,71,81,81,81,82,82,83,83,84,84],"card_choices":[{"not_picked":["Outmaneuver","PiercingWail"],"picked":"Flechettes","floor":1.0},{"not_picked":["Dagger Throw","Dodge and Roll"],"picked":"Poisoned Stab","floor":3.0},{"not_picked":["Flying Knee","PiercingWail"],"picked":"Bane","floor":4.0},{"not_picked":["Riddle With Holes","Choke"],"picked":"Bane","floor":5.0},{"not_picked":["Blade Dance","PiercingWail"],"picked":"Cloak And Dagger","floor":6.0},{"not_picked":["Dagger Spray","Concentrate"],"picked":"Wraith Form v2","floor":8.0},{"not_picked":["Heel Hook","Prepared"],"picked":"Catalyst","floor":14.0},{"not_picked":["A Thousand Cuts","Tools of the Trade"],"picked":"Wraith Form v2","floor":16.0},{"not_picked":["Sucker Punch","Bane","Reflex"],"picked":"SKIP","floor":18}],"player_experience":1466847,"relics_obtained":[{"floor":6.0,"key":"Snake Skull"},{"floor":8.0,"key":"Odd Mushroom"},{"floor":9.0,"key":"Pen Nib"},{"floor":11.0,"key":"Pear"},{"floor":14.0,"key":"Potion Belt"}],"event_choices":[{"damage_healed":0.0,"max_hp_gain":0.0,"max_hp_loss":0.0,"gold_gain":0.0,"event_name":"FaceTrader","player_choice":"Trade","floor":2.0,"gold_loss":0.0,"damage_taken":0.0,"relics_obtained":["FaceOfCleric"]},{"damage_healed":0.0,"max_hp_gain":0.0,"max_hp_loss":0.0,"gold_gain":0.0,"event_name":"Mushrooms","player_choice":"Fought Mushrooms","floor":8.0,"gold_loss":0.0,"damage_taken":0.0},{"damage_healed":0.0,"max_hp_gain":0.0,"max_hp_loss":0.0,"gold_gain":150.0,"event_name":"Liars Game","player_choice":"AGREE","floor":10.0,"gold_loss":0.0,"damage_taken":0.0,"cards_obtained":["Doubt"]}],"is_beta":false,"boss_relics":[{"not_picked":["Lizard Tail","Philosopher\u0027s Stone"],"picked":"Pandora\u0027s Box"}],"items_purged_floors":[12],"is_endless":false,"potions_floor_spawned":[1,4,5,16],"ascension_level":20}