{"gold_per_floor":[111,123,123,123,123,123,123,152,199,159,208,208,208,219,219,315,315,325,345,345,9,25,25,25],"floor_reached":24,"playtime":766,"items_purged":[],"score":315,"play_id":"0a94fbd7-f94e-45e1-8881-e0474e98b386","local_time":"20190707212001","is_ascension_mode":true,"campfire_choices":[{"data":"Headbutt","floor":6,"key":"SMITH"},{"data":"Rampage","floor":13,"key":"SMITH"},{"data":"Shrug It Off","floor":15,"key":"SMITH"},{"data":"True Grit","floor":23,"key":"SMITH"}],"neow_cost":"NONE","seed_source_timestamp":695338014020920,"circlet_count":0,"master_deck":["Strike_R","Defend_R","Defend_R","Defend_R","Defend_R","Bash+1","Headbutt+1","Cleave","Rampage+1","Shrug It Off+1","Barricade","Impervious+1","Headbutt+1","Disarm+1","Ghostly Armor+1","Warcry","True Grit+1","Rage"],"relics":["Burning Blood","Sundial","Pear","Oddly Smooth Stone","Blood Vial","Astrolabe","Nloth\u0027s Gift","TheAbacus"],"potions_floor_usage":[19,22],"damage_taken":[{"damage":0,"enemies":"Small Slimes","floor":1,"turns":1},{"damage":0,"enemies":"2 Louse","floor":2,"turns":1},{"damage":0,"enemies":"Lagavulin","floor":8,"turns":1},{"damage":1,"enemies":"Jaw Worm","floor":14,"turns":3},{"damage":78,"enemies":"Hexaghost","floor":16,"turns":13},{"damage":31,"enemies":"Spheric Guardian","floor":18,"turns":8},{"damage":0,"enemies":"Chosen","floor":19,"turns":7},{"damage":15,"enemies":"Sentry and Sphere","floor":22,"turns":12},{"damage":53,"enemies":"Slavers","floor":24,"turns":5}],"seed_played":"-8335530158547283254","potions_obtained":[{"floor":2,"key":"Ancient Potion"},{"floor":14,"key":"Swift Potion"},{"floor":19,"key":"SpeedPotion"},{"floor":22,"key":"FearPotion"}],"is_trial":false,"path_per_floor":["M","M","?","?","?","R","T","E","T","$","T","$","R","M","R","B",null,"M","M","?","$","M","R","E"],"character_chosen":"IRONCLAD","items_purchased":["Rampage","TheAbacus","Ancient Potion","True Grit"],"campfire_rested":0,"item_purchase_floors":[10,21,21,21],"current_hp_per_floor":[78,80,80,73,73,73,73,89,89,89,89,89,89,90,90,18,72,49,57,57,57,50,50,0],"gold":25,"neow_bonus":"THREE_ENEMY_KILL","is_prod":false,"is_daily":false,"chose_seed":false,"campfire_upgraded":4,"win_rate":0,"timestamp":1562505601,"path_taken":["M","M","?","?","?","R","?","E","T","$","?","?","R","M","R","BOSS","M","M","?","$","M","R","E"],"build_version":"2019-07-05","purchased_purges":0,"victory":false,"max_hp_per_floor":[80,80,80,80,80,80,80,90,90,90,90,90,90,90,90,90,90,90,90,90,90,90,90,90],"card_choices":[{"not_picked":["Perfected Strike","Havoc"],"picked":"Headbutt","floor":1},{"not_picked":["Second Wind","Twin Strike","Warcry"],"picked":"SKIP","floor":2},{"not_picked":["Flex","Corruption"],"picked":"Cleave","floor":8},{"not_picked":["Impervious","Flex"],"picked":"Shrug It Off","floor":14},{"not_picked":["Impervious","Bludgeon"],"picked":"Barricade","floor":16},{"not_picked":["Iron Wave","Clothesline"],"picked":"Ghostly Armor+1","floor":18},{"not_picked":["Shrug It Off","Clothesline"],"picked":"Warcry","floor":19},{"not_picked":["Feed","Fiend Fire"],"picked":"Rage","floor":22}],"player_experience":1026748,"relics_obtained":[{"floor":7,"key":"Sundial"},{"floor":8,"key":"Pear"},{"floor":9,"key":"Oddly Smooth Stone"},{"floor":11,"key":"Blood Vial"}],"event_choices":[{"damage_healed":0,"gold_gain":0,"player_choice":"Ignored","damage_taken":0,"max_hp_gain":0,"max_hp_loss":0,"event_name":"Liars Game","floor":3,"gold_loss":0},{"cards_removed":["Strike_R"],"damage_healed":0,"gold_gain":0,"player_choice":"Card Removal","damage_taken":7,"max_hp_gain":0,"max_hp_loss":0,"event_name":"Golden Wing","floor":4,"gold_loss":0},{"damage_healed":0,"gold_gain":0,"player_choice":"Grow","damage_taken":0,"max_hp_gain":0,"max_hp_loss":0,"event_name":"Living Wall","floor":5,"gold_loss":0,"cards_upgraded":["Bash"]},{"damage_healed":0,"gold_gain":0,"player_choice":"Traded Relic","damage_taken":0,"relics_obtained":["Nloth\u0027s Gift"],"max_hp_gain":0,"max_hp_loss":0,"event_name":"N\u0027loth","floor":20,"relics_lost":["NeowsBlessing"],"gold_loss":0}],"is_beta":false,"boss_relics":[{"not_picked":["Black Star","Tiny House"],"picked":"Astrolabe"}],"items_purged_floors":[],"is_endless":false,"potions_floor_spawned":[2,14,19,22],"killed_by":"Slavers","ascension_level":9}