{"gold_per_floor":[219,33,83,96,107,107,135,135,135,135,166,166,177,210,210,210],"floor_reached":16,"playtime":523,"items_purged":[],"score":236,"play_id":"4d34faa3-c3d3-469f-86b4-f697004afb81","local_time":"20190702162140","is_ascension_mode":true,"campfire_choices":[{"data":"Neutralize","floor":6.0,"key":"SMITH"},{"data":"Dagger Spray","floor":8.0,"key":"SMITH"},{"floor":10.0,"key":"REST"},{"floor":12,"key":"REST"},{"data":"Dagger Spray","floor":15,"key":"SMITH"}],"neow_cost":"NONE","seed_source_timestamp":5716601897520531,"circlet_count":0,"master_deck":["AscendersBane","Strike_G","Strike_G","Strike_G","Strike_G","Strike_G","Defend_G","Defend_G","Defend_G","Defend_G","Defend_G","Survivor","Neutralize+1","Flying Knee","Dagger Spray+1","Dagger Spray+1","Sucker Punch","Leg Sweep","Dagger Throw","Leg Sweep"],"special_seed":0,"relics":["Ring of the Snake","Orichalcum","Tingsha","Pantograph","Smiling Mask","Ancient Tea Set"],"potions_floor_usage":[11,13,13,16],"damage_taken":[{"damage":4.0,"enemies":"Small Slimes","floor":1.0,"turns":4.0},{"damage":0.0,"enemies":"Cultist","floor":4.0,"turns":3.0},{"damage":0.0,"enemies":"2 Louse","floor":5.0,"turns":2.0},{"damage":18.0,"enemies":"3 Sentries","floor":7.0,"turns":8.0},{"damage":30,"enemies":"Lagavulin","floor":11,"turns":8},{"damage":12,"enemies":"Exordium Wildlife","floor":13,"turns":5},{"damage":10,"enemies":"3 Sentries","floor":14,"turns":4},{"damage":62,"enemies":"Slime Boss","floor":16,"turns":10}],"seed_played":"2559831539294268845","potions_obtained":[{"floor":5.0,"key":"Ancient Potion"},{"floor":11,"key":"EntropicBrew"},{"floor":13,"key":"SpeedPotion"}],"is_trial":false,"path_per_floor":["M","$","?","M","M","R","E","R","T","R","E","R","M","E","R","B"],"character_chosen":"THE_SILENT","items_purchased":["Dagger Spray","Orichalcum"],"campfire_rested":2,"item_purchase_floors":[2,2],"current_hp_per_floor":[55,55,55,55,55,55,37,37,37,56,26,45,47,37,37,0],"gold":210,"neow_bonus":"HUNDRED_GOLD","is_prod":false,"is_daily":false,"chose_seed":false,"campfire_upgraded":3,"win_rate":0,"timestamp":1562098900,"path_taken":["M","$","?","M","M","R","E","R","T","R","E","R","M","E","R","BOSS"],"build_version":"2019-07-01","purchased_purges":0,"victory":false,"max_hp_per_floor":[66,66,66,66,66,66,66,66,66,66,66,66,66,66,66,66],"card_choices":[{"not_picked":["Tactician","Catalyst"],"picked":"Flying Knee","floor":1.0},{"not_picked":["Prepared","Backflip"],"picked":"Dagger Spray","floor":4.0},{"not_picked":["Acrobatics","Dagger Spray"],"picked":"Sucker Punch","floor":5.0},{"not_picked":["Distraction","Sucker Punch","Skewer"],"picked":"SKIP","floor":7.0},{"not_picked":["Acrobatics","Terror"],"picked":"Leg Sweep","floor":11},{"not_picked":["Backflip","Distraction"],"picked":"Dagger Throw","floor":13},{"not_picked":["Outmaneuver","Prepared"],"picked":"Leg Sweep","floor":14}],"player_experience":837402,"relics_obtained":[{"floor":7.0,"key":"Tingsha"},{"floor":9.0,"key":"Pantograph"},{"floor":11,"key":"Smiling Mask"},{"floor":14,"key":"Ancient Tea Set"}],"event_choices":[{"damage_healed":0.0,"max_hp_gain":0.0,"max_hp_loss":0.0,"gold_gain":50.0,"event_name":"Golden Shrine","player_choice":"Pray","floor":3.0,"gold_loss":0.0,"damage_taken":0.0}],"is_beta":false,"boss_relics":[],"items_purged_floors":[],"is_endless":false,"potions_floor_spawned":[5,11,13],"killed_by":"Slime Boss","ascension_level":20}