{"gold_per_floor":[110,110,110,110,90,90,102,134,202,232,242,90,101,133,133,205,205,205],"floor_reached":18,"playtime":348,"items_purged":["Strike_B"],"score":456,"play_id":"2304baeb-3f30-4297-a12e-a48d1bf0166d","local_time":"20190526220414","is_ascension_mode":true,"campfire_choices":[{"data":"Dualcast","floor":6.0,"key":"SMITH"},{"data":"Ball Lightning","floor":15,"key":"SMITH"}],"neow_cost":"NONE","seed_source_timestamp":99628803911000,"circlet_count":0,"master_deck":["AscendersBane","Strike_B","Defend_B","Defend_B","Defend_B","Zap+1","Dualcast+1","Barrage","Cold Snap","Ball Lightning+1","Go for the Eyes","Defragment","Cold Snap","Coolheaded","Biased Cognition"],"special_seed":0,"relics":["Cracked Core","NeowsBlessing","Meat on the Bone","Cables","Bottled Flame","Ornamental Fan","Empty Cage"],"potions_floor_usage":[10],"damage_taken":[{"damage":0.0,"enemies":"Jaw Worm","floor":1.0,"turns":1.0},{"damage":0.0,"enemies":"Small Slimes","floor":7.0,"turns":1.0},{"damage":0.0,"enemies":"3 Sentries","floor":8.0,"turns":1.0},{"damage":4,"enemies":"Gremlin Nob","floor":10,"turns":3},{"damage":4,"enemies":"2 Louse","floor":11,"turns":2},{"damage":4,"enemies":"Large Slime","floor":13,"turns":4},{"damage":0,"enemies":"Lagavulin","floor":14,"turns":5},{"damage":25,"enemies":"Hexaghost","floor":16,"turns":11},{"damage":0,"enemies":"3 Byrds","floor":18,"turns":1}],"seed_played":"3135175996710994491","potions_obtained":[{"floor":5.0,"key":"PowerPotion"},{"floor":7.0,"key":"FairyPotion"},{"floor":10,"key":"SteroidPotion"},{"floor":13,"key":"Explosive Potion"}],"is_trial":false,"path_per_floor":["M","?","?","?","?","R","M","E","T","E","M","$","M","E","R","B",null,"M"],"character_chosen":"DEFECT","items_purchased":["Defragment"],"campfire_rested":0,"item_purchase_floors":[12],"current_hp_per_floor":[64,64,57,57,57,57,57,57,57,53,49,49,45,45,45,32,61,61],"gold":205,"neow_bonus":"THREE_ENEMY_KILL","is_prod":false,"is_daily":false,"chose_seed":false,"campfire_upgraded":2,"win_rate":0,"timestamp":1558904654,"path_taken":["M","?","?","?","?","R","M","E","T","E","?","$","M","E","R","BOSS","M"],"build_version":"2019-01-23","purchased_purges":1,"victory":false,"max_hp_per_floor":[71,71,71,71,71,71,71,71,71,71,71,71,71,71,71,71,71,71],"card_choices":[{"not_picked":["Skim","Darkness"],"picked":"Barrage","floor":1.0},{"not_picked":["Skim","Go for the Eyes"],"picked":"Cold Snap","floor":7.0},{"not_picked":["Machine Learning","Rip and Tear"],"picked":"Ball Lightning","floor":8.0},{"not_picked":["Aggregate","Steam Power","Heatsinks"],"picked":"SKIP","floor":10},{"not_picked":["Steam Power","Stack"],"picked":"Go for the Eyes","floor":11},{"not_picked":["Self Repair","Coolheaded"],"picked":"Cold Snap","floor":13},{"not_picked":["Rebound","Leap"],"picked":"Coolheaded","floor":14},{"not_picked":["Rainbow","Buffer"],"picked":"Biased Cognition","floor":16}],"player_experience":1406869,"relics_obtained":[{"floor":8.0,"key":"Meat on the Bone"},{"floor":9.0,"key":"Cables"},{"floor":10,"key":"Bottled Flame"},{"floor":14,"key":"Ornamental Fan"}],"event_choices":[{"damage_healed":0.0,"max_hp_gain":0.0,"max_hp_loss":0.0,"gold_gain":0.0,"event_name":"Liars Game","player_choice":"Ignored","floor":2.0,"gold_loss":0.0,"damage_taken":0.0},{"cards_removed":["Strike_B"],"damage_healed":0.0,"max_hp_gain":0.0,"max_hp_loss":0.0,"gold_gain":0.0,"event_name":"Golden Wing","player_choice":"Card Removal","floor":3.0,"gold_loss":0.0,"damage_taken":7.0},{"damage_healed":0.0,"max_hp_gain":0.0,"max_hp_loss":0.0,"gold_gain":0.0,"event_name":"Living Wall","player_choice":"Grow","floor":4.0,"gold_loss":0.0,"damage_taken":0.0,"cards_upgraded":["Zap"]},{"damage_healed":0.0,"max_hp_gain":0.0,"max_hp_loss":0.0,"gold_gain":0.0,"event_name":"The Woman in Blue","player_choice":"Bought 1 Potion","floor":5.0,"gold_loss":0.0,"damage_taken":0.0}],"is_beta":false,"boss_relics":[{"not_picked":["Ectoplasm","Lizard Tail"],"picked":"Empty Cage"}],"items_purged_floors":[12],"is_endless":false,"potions_floor_spawned":[7,10,13],"killed_by":"3 Byrds","ascension_level":20}