{"gold_per_floor":[112,37,49,49,66,66,98,116,116,126,145,145,173,188,188,265,265,285,55,69,86,86,97,97,147,147,164,164,180,194,207,207,207],"floor_reached":33,"playtime":1511,"items_purged":["Strike_G"],"score":530,"play_id":"0e29edc4-39b0-45f3-a166-5be73d78af0a","local_time":"20190225211718","is_ascension_mode":true,"campfire_choices":[{"data":"Dash","floor":6,"key":"SMITH"},{"floor":15,"key":"REST"},{"floor":24,"key":"REST"},{"floor":32,"key":"REST"}],"neow_cost":"NONE","seed_source_timestamp":811908812315100,"circlet_count":0,"master_deck":["AscendersBane","Defend_G","Defend_G","Defend_G","Defend_G","Defend_G","Strike_G","Strike_G","Strike_G","Strike_G","Survivor","Neutralize","Dash+1","Crippling Poison","Underhanded Strike","Riddle With Holes+1","Underhanded Strike","Backflip","Adrenaline","Corpse Explosion","Dash+1"],"relics":["Snecko Eye","Letter Opener","Pear","Ornamental Fan","Busted Crown","TwistedFunnel","Mercury Hourglass"],"potions_floor_usage":[7,8,13,21,31,31,33],"damage_taken":[{"damage":6,"enemies":"Cultist","floor":1,"turns":5},{"damage":7,"enemies":"Jaw Worm","floor":3,"turns":5},{"damage":0,"enemies":"Small Slimes","floor":5,"turns":3},{"damage":19,"enemies":"Lagavulin","floor":7,"turns":6},{"damage":13,"enemies":"Gremlin Gang","floor":8,"turns":5},{"damage":0,"enemies":"Looter","floor":10,"turns":3},{"damage":9,"enemies":"Large Slime","floor":11,"turns":7},{"damage":15,"enemies":"Gremlin Nob","floor":13,"turns":5},{"damage":0,"enemies":"2 Fungi Beasts","floor":14,"turns":2},{"damage":34,"enemies":"The Guardian","floor":16,"turns":13},{"damage":13,"enemies":"Chosen","floor":18,"turns":5},{"damage":6,"enemies":"2 Thieves","floor":20,"turns":2},{"damage":16,"enemies":"Centurion and Healer","floor":21,"turns":5},{"damage":12,"enemies":"Snake Plant","floor":23,"turns":4},{"damage":0,"enemies":"Snecko","floor":27,"turns":3},{"damage":0,"enemies":"Cultist and Chosen","floor":29,"turns":3},{"damage":20,"enemies":"Shelled Parasite and Fungi","floor":30,"turns":4},{"damage":14,"enemies":"Snake Plant","floor":31,"turns":4},{"damage":41,"enemies":"Champ","floor":33,"turns":8}],"seed_played":"7725023270344597813","potions_obtained":[{"floor":3,"key":"AttackPotion"},{"floor":7,"key":"Regen Potion"},{"floor":10,"key":"Ancient Potion"},{"floor":14,"key":"EssenceOfSteel"},{"floor":20,"key":"Swift Potion"},{"floor":29,"key":"Regen Potion"},{"floor":31,"key":"Weak Potion"}],"is_trial":false,"path_per_floor":["M","$","M","$","M","R","E","M","T","M","M","?","E","M","R","B",null,"M","$","M","M","$","M","R","?","T","M","?","M","M","M","R","B"],"character_chosen":"THE_SILENT","items_purchased":["TwistedFunnel"],"campfire_rested":3,"item_purchase_floors":[19],"current_hp_per_floor":[53,53,46,46,46,46,27,28,38,38,29,29,14,14,36,2,58,45,45,39,23,23,11,33,33,33,33,33,33,13,11,33,0],"gold":207,"neow_bonus":"BOSS_RELIC","is_prod":false,"is_daily":false,"chose_seed":false,"campfire_upgraded":1,"win_rate":0,"timestamp":1551158238,"path_taken":["M","$","M","$","M","R","E","M","T","M","?","?","E","M","R","BOSS","M","$","?","M","$","M","R","?","T","?","?","?","?","M","R","BOSS"],"build_version":"2019-01-23","purchased_purges":1,"victory":false,"max_hp_per_floor":[66,66,66,66,66,66,66,66,76,76,76,76,76,76,76,76,76,76,76,76,76,76,76,76,76,76,76,76,76,76,76,76,76],"card_choices":[{"not_picked":["Deadly Poison","Blur"],"picked":"Dash","floor":1},{"not_picked":["Setup","Dodge and Roll"],"picked":"Crippling Poison","floor":3},{"not_picked":["Calculated Gamble","Footwork"],"picked":"Underhanded Strike","floor":5},{"not_picked":["Grand Finale","Heel Hook"],"picked":"Riddle With Holes","floor":7},{"not_picked":["Deflect","Blade Dance","Footwork"],"picked":"SKIP","floor":8},{"not_picked":["Backflip","Terror"],"picked":"Underhanded Strike","floor":10},{"not_picked":["Heel Hook","Deadly Poison"],"picked":"Backflip","floor":11},{"not_picked":["Caltrops","Deadly Poison"],"picked":"Adrenaline","floor":13},{"not_picked":["Endless Agony","Bane","Heel Hook"],"picked":"SKIP","floor":14},{"not_picked":["Doppelganger","Adrenaline"],"picked":"Corpse Explosion","floor":16},{"not_picked":["Backflip"],"picked":"SKIP","floor":18},{"not_picked":["Dodge and Roll"],"picked":"SKIP","floor":20},{"not_picked":["Deflect+1"],"picked":"SKIP","floor":21},{"not_picked":["Caltrops"],"picked":"SKIP","floor":23},{"not_picked":["Flying Knee"],"picked":"SKIP","floor":27},{"not_picked":["Accuracy"],"picked":"SKIP","floor":29},{"not_picked":["Reflex"],"picked":"SKIP","floor":30},{"not_picked":["Deadly Poison"],"picked":"SKIP","floor":31}],"player_experience":1201412,"relics_obtained":[{"floor":7,"key":"Letter Opener"},{"floor":9,"key":"Pear"},{"floor":13,"key":"Ornamental Fan"},{"floor":26,"key":"Mercury Hourglass"}],"event_choices":[{"damage_healed":0,"gold_gain":0,"player_choice":"Upgraded","damage_taken":0,"max_hp_gain":0,"max_hp_loss":0,"event_name":"Upgrade Shrine","floor":12,"gold_loss":0,"cards_upgraded":["Riddle With Holes"]},{"damage_healed":0,"gold_gain":50,"player_choice":"Pray","damage_taken":0,"max_hp_gain":0,"max_hp_loss":0,"event_name":"Golden Shrine","floor":25,"gold_loss":0},{"damage_healed":0,"gold_gain":0,"player_choice":"Copied","damage_taken":0,"max_hp_gain":0,"max_hp_loss":0,"event_name":"Duplicator","floor":28,"gold_loss":0,"cards_obtained":["Dash"]}],"is_beta":false,"boss_relics":[{"not_picked":["Coffee Dripper","Ectoplasm"],"picked":"Busted Crown"}],"items_purged_floors":[2],"is_endless":false,"potions_floor_spawned":[3,7,10,14,20,29,30,31],"killed_by":"Champ","ascension_level":20}