{"gold_per_floor":[111,111,125,50,62,62,72,91,91,91,13,27,44,61,61,161,161,177,92,109,120,120],"floor_reached":22,"playtime":960,"items_purged":["Injury"],"score":246,"play_id":"38234568-4440-4bb0-ace8-8ed4717f1d2b","local_time":"20180901130548","is_ascension_mode":true,"campfire_choices":[{"data":"Neutralize","floor":6.0,"key":"SMITH"},{"data":"A Thousand Cuts","floor":15.0,"key":"SMITH"}],"neow_cost":"NONE","seed_source_timestamp":4810085634387352,"circlet_count":0,"master_deck":["Survivor","Neutralize+1","Clumsy","Deadly Poison","Backflip","Sucker Punch","Dagger Spray","Backstab","A Thousand Cuts+1","Caltrops","Dash","Blade Dance","Footwork","Malaise","Blade Dance","Sucker Punch","Poisoned Stab","Acrobatics","Dagger Spray","Flying Knee","Sucker Punch","Dagger Throw","Distraction","Leg Sweep+1","Well Laid Plans","Dash+1"],"special_seed":0,"relics":["Calling Bell","Oddly Smooth Stone","Pantograph","Ginger","Gremlin Horn","Pandora\u0027s Box","Pen Nib"],"potions_floor_usage":[18],"damage_taken":[{"damage":0.0,"enemies":"2 Louse","floor":1.0,"turns":5.0},{"damage":0.0,"enemies":"Cultist","floor":3.0,"turns":5.0},{"damage":3.0,"enemies":"Small Slimes","floor":5.0,"turns":4.0},{"damage":16.0,"enemies":"Exordium Thugs","floor":7.0,"turns":8.0},{"damage":4.0,"enemies":"Looter","floor":8.0,"turns":4.0},{"damage":2.0,"enemies":"Blue Slaver","floor":12.0,"turns":4.0},{"damage":0.0,"enemies":"3 Louse","floor":13.0,"turns":3.0},{"damage":1.0,"enemies":"Gremlin Gang","floor":14.0,"turns":3.0},{"damage":2.0,"enemies":"Slime Boss","floor":16.0,"turns":8.0},{"damage":8,"enemies":"Chosen","floor":18,"turns":5},{"damage":20,"enemies":"Shell Parasite","floor":20,"turns":7},{"damage":16,"enemies":"Sentry and Sphere","floor":21,"turns":4},{"damage":28,"enemies":"Colosseum Slavers","floor":22,"turns":3}],"seed_played":"-8501689049307597299","potions_obtained":[{"floor":1.0,"key":"Block Potion"},{"floor":7.0,"key":"Energy Potion"},{"floor":13.0,"key":"SkillPotion"},{"floor":14.0,"key":"GhostInAJar"},{"floor":18,"key":"Poison Potion"},{"floor":20,"key":"SpeedPotion"}],"is_trial":false,"path_per_floor":["M","?","M","$","M","R","M","M","T","?","$","M","M","M","R","B",null,"M","?","M","M"],"character_chosen":"THE_SILENT","items_purchased":["Caltrops"],"campfire_rested":0,"item_purchase_floors":[11],"current_hp_per_floor":[63,56,56,56,53,53,37,33,33,33,33,31,31,30,30,53,66,58,58,38,22,0],"gold":120,"neow_bonus":"BOSS_RELIC","is_prod":false,"is_daily":false,"chose_seed":false,"campfire_upgraded":2,"win_rate":0,"timestamp":1535821548,"path_taken":["M","?","M","$","M","R","?","?","T","?","?","M","M","M","R","BOSS","M","?","?","M","?"],"build_version":"2018-08-30","purchased_purges":1,"victory":false,"max_hp_per_floor":[70,70,70,70,70,70,70,70,70,70,70,70,70,70,70,70,70,70,70,70,70,70],"card_choices":[{"not_picked":["Concentrate","Calculated Gamble"],"picked":"Deadly Poison","floor":1.0},{"not_picked":["Dagger Throw","Concentrate"],"picked":"Backflip","floor":3.0},{"not_picked":["Backflip","Deflect"],"picked":"Sucker Punch","floor":5.0},{"not_picked":["Quick Slash","Bane"],"picked":"Dagger Spray","floor":7.0},{"not_picked":["Blade Dance","Accuracy"],"picked":"Backstab","floor":8.0},{"not_picked":["Poisoned Stab","Riddle With Holes"],"picked":"Dash","floor":12.0},{"not_picked":["Skewer","Venomology"],"picked":"Blade Dance","floor":13.0},{"not_picked":["Dagger Throw","Backflip"],"picked":"Footwork","floor":14.0},{"not_picked":["Die Die Die","Unload"],"picked":"Malaise","floor":16.0},{"not_picked":["Dagger Spray","Underhanded Strike"],"picked":"Leg Sweep+1","floor":18},{"not_picked":["Dagger Spray","Endless Agony+1"],"picked":"Well Laid Plans","floor":20},{"not_picked":["Dagger Throw+1","Bane+1"],"picked":"Dash+1","floor":21}],"player_experience":299292,"relics_obtained":[{"floor":0.0,"key":"Oddly Smooth Stone"},{"floor":0.0,"key":"Pantograph"},{"floor":0.0,"key":"Ginger"},{"floor":9.0,"key":"Gremlin Horn"}],"event_choices":[{"event_name":"Golden Wing","player_choice":"Card Removal","floor":2.0,"damage_taken":0.0},{"event_name":"Transmorgrifier","player_choice":"Transform","floor":10.0,"damage_taken":0.0},{"event_name":"Addict","player_choice":"Obtained Relic","floor":19,"damage_taken":0},{"event_name":"Colosseum","player_choice":"Fight","floor":22,"damage_taken":0}],"is_beta":false,"boss_relics":[{"not_picked":["Snecko Eye","Runic Dome"],"picked":"Pandora\u0027s Box"}],"items_purged_floors":[4],"is_endless":false,"potions_floor_spawned":[1,7,13,14,18,20],"killed_by":"Colosseum Slavers","ascension_level":7}