{"gold_per_floor":[114,8,23,38,53,53,68,68,118,133,163,163,178,193,193,293,293,308,233,148,163,88,88,103,103,103,103,118,133,163,178,178,278,278,293,293,93,108,123,123,153,194,194,224,224,239,239,239,239,239],"floor_reached":51,"playtime":1180,"items_purged":["Defend_R"],"score":906,"play_id":"5f32bc09-c3ae-49cf-b083-07781d106280","local_time":"20190209181833","daily_mods":["Cursed Run","Blue Cards","DeadlyEvents"],"is_ascension_mode":false,"campfire_choices":[{"data":"Whirlwind","floor":6,"key":"SMITH"},{"floor":12,"key":"REST"},{"data":"Body Slam","floor":15,"key":"SMITH"},{"data":"Demon Form","floor":23,"key":"SMITH"},{"floor":25,"key":"REST"},{"data":"Shrug It Off","floor":27,"key":"SMITH"},{"floor":32,"key":"REST"},{"floor":40,"key":"REST"},{"floor":45,"key":"REST"},{"floor":47,"key":"REST"},{"floor":49,"key":"DIG"}],"neow_cost":"","seed_source_timestamp":0,"circlet_count":0,"master_deck":["Strike_R","Strike_R","Strike_R","Strike_R","Defend_R","Defend_R+1","Defend_R","Bash","Conserve Battery+1","Whirlwind+1","Leap","Conserve Battery","Injury","Metallicize","Shrug It Off+1","Body Slam+1","Doubt","Demon Form+1","Pain","Demon Form","Shame","Shrug It Off+1","Writhe","Injury","Melter","Regret","Injury"],"special_seed":17937,"relics":["Cursed Key","Darkstone Periapt","Du-Vu Doll","Dodecahedron","Bronze Scales","Potion Belt","Busted Crown","FossilizedHelix","Pocketwatch","Red Skull","Fusion Hammer","Sling","Regal Pillow","Shovel","War Paint","Paper Frog","The Courier","Pear"],"potions_floor_usage":[11,33,42,42,50,50,50,50,50,50,50],"damage_taken":[{"damage":5,"enemies":"Small Slimes","floor":1,"turns":3},{"damage":1,"enemies":"Cultist","floor":3,"turns":3},{"damage":0,"enemies":"2 Louse","floor":4,"turns":2},{"damage":0,"enemies":"Large Slime","floor":5,"turns":4},{"damage":0,"enemies":"Exordium Wildlife","floor":7,"turns":2},{"damage":0,"enemies":"Looter","floor":10,"turns":2},{"damage":7,"enemies":"Lagavulin","floor":11,"turns":5},{"damage":0,"enemies":"2 Fungi Beasts","floor":13,"turns":1},{"damage":1,"enemies":"Exordium Wildlife","floor":14,"turns":3},{"damage":30,"enemies":"Slime Boss","floor":16,"turns":9},{"damage":0,"enemies":"Chosen","floor":18,"turns":3},{"damage":10,"enemies":"2 Thieves","floor":21,"turns":3},{"damage":0,"enemies":"Centurion and Healer","floor":24,"turns":3},{"damage":6,"enemies":"Snecko","floor":28,"turns":4},{"damage":14,"enemies":"3 Cultists","floor":29,"turns":2},{"damage":0,"enemies":"Slavers","floor":30,"turns":2},{"damage":5,"enemies":"Chosen and Byrds","floor":31,"turns":4},{"damage":52,"enemies":"Collector","floor":33,"turns":8},{"damage":12,"enemies":"3 Shapes","floor":35,"turns":1},{"damage":0,"enemies":"3 Darklings","floor":38,"turns":1},{"damage":0,"enemies":"Jaw Worm Horde","floor":39,"turns":2},{"damage":18,"enemies":"Giant Head","floor":41,"turns":6},{"damage":32,"enemies":"2 Orb Walkers","floor":42,"turns":3},{"damage":16,"enemies":"Nemesis","floor":44,"turns":5},{"damage":19,"enemies":"Spire Growth","floor":46,"turns":5},{"damage":87,"enemies":"Time Eater","floor":50,"turns":11}],"seed_played":"-8803609640175454799","potions_obtained":[{"floor":3,"key":"Dexterity Potion"},{"floor":4,"key":"AttackPotion"},{"floor":5,"key":"Fire Potion"},{"floor":16,"key":"Dexterity Potion"},{"floor":21,"key":"PowerPotion"},{"floor":28,"key":"EntropicBrew"},{"floor":30,"key":"FairyPotion"},{"floor":33,"key":"Weak Potion"},{"floor":44,"key":"AttackPotion"}],"is_trial":false,"path_per_floor":["M","$","M","M","M","R","M","?","T","M","E","R","M","M","R","B",null,"M","?","?","M","$","R","M","R","T","R","M","M","E","M","R","B",null,"M","?","$","M","M","R","E","?","T","E","R","M","R","T","R","B",null],"character_chosen":"IRONCLAD","items_purchased":["Whirlwind","Leap","Sling"],"campfire_rested":6,"item_purchase_floors":[2,2,37],"current_hp_per_floor":[75,75,74,74,74,74,74,74,80,80,73,86,86,85,85,61,92,92,92,92,82,82,82,82,92,98,98,92,78,78,73,98,52,104,92,110,110,110,110,110,92,60,66,50,99,80,116,122,132,64],"gold":239,"neow_bonus":"","is_prod":false,"is_daily":true,"chose_seed":false,"campfire_upgraded":4,"win_rate":0,"timestamp":1549765113,"path_taken":["M","$","M","M","M","R","M","?","T","M","?","R","M","M","R","BOSS","M","?","?","?","$","R","M","R","T","R","M","?","?","M","R","BOSS","M","?","$","M","M","R","E","?","T","?","R","M","R","?","R","BOSS"],"build_version":"2019-01-23","purchased_purges":1,"victory":true,"max_hp_per_floor":[80,80,80,80,80,80,80,80,86,86,86,86,86,86,86,92,92,92,92,92,92,92,92,92,92,98,98,98,98,98,98,98,104,104,104,110,110,110,110,110,110,110,116,116,116,116,116,122,132,138],"card_choices":[{"not_picked":["Redo","Sword Boomerang"],"picked":"Conserve Battery","floor":1},{"not_picked":["Sword Boomerang","Armaments","Combust"],"picked":"SKIP","floor":3},{"not_picked":["Twin Strike","Exhume","Cleave"],"picked":"SKIP","floor":4},{"not_picked":["Iron Wave","Thunderclap"],"picked":"Conserve Battery","floor":5},{"not_picked":["Cleave","Entrench","Rebound"],"picked":"SKIP","floor":7},{"not_picked":["Twin Strike","Leap"],"picked":"Metallicize","floor":10},{"not_picked":["Cleave","Go for the Eyes"],"picked":"Shrug It Off","floor":11},{"not_picked":["Pommel Strike","Meteor Strike"],"picked":"Body Slam","floor":13},{"not_picked":["Bloodletting","Stack","Darkness"],"picked":"SKIP","floor":14},{"not_picked":["Thunder Strike","Multi-Cast"],"picked":"Demon Form","floor":16},{"not_picked":["Hello World"],"picked":"SKIP","floor":18},{"not_picked":["Stack+1"],"picked":"SKIP","floor":21},{"not_picked":["Sweeping Beam"],"picked":"SKIP","floor":24},{"not_picked":["Redo+1"],"picked":"SKIP","floor":28},{"not_picked":["Wild Strike"],"picked":"SKIP","floor":29},{"not_picked":[],"picked":"Demon Form","floor":30},{"not_picked":["Cold Snap"],"picked":"SKIP","floor":31},{"not_picked":[],"picked":"Shrug It Off+1","floor":35},{"not_picked":["Hemokinesis+1"],"picked":"SKIP","floor":38},{"not_picked":["Redo"],"picked":"SKIP","floor":39},{"not_picked":["Headbutt"],"picked":"SKIP","floor":41},{"not_picked":[],"picked":"Melter","floor":44},{"not_picked":["Streamline"],"picked":"SKIP","floor":46}],"player_experience":201137,"relics_obtained":[{"floor":9,"key":"Bronze Scales"},{"floor":11,"key":"Potion Belt"},{"floor":26,"key":"Pocketwatch"},{"floor":30,"key":"Red Skull"},{"floor":41,"key":"Regal Pillow"},{"floor":42,"key":"Shovel"},{"floor":43,"key":"War Paint"},{"floor":44,"key":"Paper Frog"},{"floor":48,"key":"The Courier"},{"floor":49,"key":"Pear"}],"event_choices":[{"damage_healed":0,"gold_gain":0,"player_choice":"Gave Potion","damage_taken":0,"relics_obtained":["Dodecahedron"],"max_hp_gain":0,"max_hp_loss":0,"event_name":"WeMeetAgain","floor":8,"gold_loss":0},{"cards_removed":["Strike_R"],"damage_healed":0,"gold_gain":0,"player_choice":"Gave Gold","damage_taken":0,"max_hp_gain":0,"max_hp_loss":0,"event_name":"Beggar","floor":19,"gold_loss":75},{"damage_healed":0,"gold_gain":0,"player_choice":"Obtained Relic","damage_taken":0,"relics_obtained":["FossilizedHelix"],"max_hp_gain":0,"max_hp_loss":0,"event_name":"Addict","floor":20,"gold_loss":85},{"damage_healed":26,"gold_gain":0,"player_choice":"Writhe","damage_taken":0,"max_hp_gain":0,"max_hp_loss":0,"event_name":"Winding Halls","floor":36,"gold_loss":0,"cards_obtained":["Writhe"]},{"damage_healed":0,"gold_gain":0,"player_choice":"Fight","damage_taken":0,"max_hp_gain":0,"max_hp_loss":0,"event_name":"Mysterious Sphere","floor":42,"gold_loss":0}],"is_beta":false,"boss_relics":[{"not_picked":["Coffee Dripper","Sozu"],"picked":"Busted Crown"},{"not_picked":["Velvet Choker","Astrolabe"],"picked":"Fusion Hammer"}],"items_purged_floors":[22],"is_endless":false,"potions_floor_spawned":[3,4,5,16,21,28,30,33,38,39,44],"ascension_level":0}