{"gold_per_floor":[115,115,129,143,94,94,113,146,146,146,181,191,191,191,191,295,295,310,329,329,179,189,219,12,12,59,59,75,75,75,87,87,185,185,197,248,248,248,7,7,33,33,33,33,33,33,49,65,65,65],"floor_reached":51,"playtime":3411,"items_purged":[],"score":1464,"play_id":"348d3393-a565-4b27-94d4-e46409c19c13","local_time":"20180721230345","is_ascension_mode":true,"campfire_choices":[{"floor":6.0,"key":"REST"},{"data":"Go for the Eyes","floor":10.0,"key":"SMITH"},{"data":"Coolheaded","floor":13.0,"key":"SMITH"},{"data":"Go for the Eyes","floor":15.0,"key":"SMITH"},{"data":"Meteor Strike","floor":25.0,"key":"SMITH"},{"data":"Capacitor","floor":27.0,"key":"SMITH"},{"data":"Echo Form","floor":29.0,"key":"SMITH"},{"floor":32.0,"key":"REST"},{"floor":40,"key":"REST"},{"floor":45,"key":"REST"},{"data":"Defragment","floor":49,"key":"SMITH"}],"neow_cost":"NONE","seed_source_timestamp":0,"circlet_count":0,"master_deck":["Zap+1","Dualcast","AscendersBane","Go for the Eyes+1","Glacier","Coolheaded+1","Go for the Eyes+1","Conserve Battery","Core Surge","Go for the Eyes+1","Compile Driver","Echo Form+1","Conserve Battery","Echo Form","Meteor Strike+1","Leap","Capacitor+1","Meteor Strike","Defragment+1","Go for the Eyes","Compile Driver","Go for the Eyes","Rebound","Leap","Loop","Hologram+1","Barrage+1","Madness","Madness","Zap","Leap"],"special_seed":0,"relics":["Cracked Core","Happy Flower","Centennial Puzzle","Pear","Snecko Eye","Juzu Bracelet","Lee\u0027s Waffle","Whetstone","Unceasing Top","Pandora\u0027s Box","Nunchaku","Incense Burner","Cables","Art of War","Question Card"],"potions_floor_usage":[50,50,50],"damage_taken":[{"damage":14.0,"enemies":"Small Slimes","floor":1.0,"turns":3.0},{"damage":0.0,"enemies":"Cultist","floor":3.0,"turns":3.0},{"damage":0.0,"enemies":"Jaw Worm","floor":4.0,"turns":3.0},{"damage":3.0,"enemies":"Red Slaver","floor":7.0,"turns":5.0},{"damage":13.0,"enemies":"3 Sentries","floor":8.0,"turns":12.0},{"damage":6.0,"enemies":"Gremlin Nob","floor":11.0,"turns":4.0},{"damage":0.0,"enemies":"Looter","floor":12.0,"turns":3.0},{"damage":27.0,"enemies":"The Guardian","floor":16.0,"turns":19.0},{"damage":9.0,"enemies":"Spheric Guardian","floor":18.0,"turns":4.0},{"damage":12.0,"enemies":"Shell Parasite","floor":19.0,"turns":8.0},{"damage":20.0,"enemies":"Snake Plant","floor":22.0,"turns":4.0},{"damage":29.0,"enemies":"Slavers","floor":23.0,"turns":8.0},{"damage":13.0,"enemies":"Sentry and Sphere","floor":28.0,"turns":4.0},{"damage":17.0,"enemies":"Snecko","floor":31.0,"turns":6.0},{"damage":0,"enemies":"Collector","floor":33,"turns":8},{"damage":4,"enemies":"3 Darklings","floor":35,"turns":4},{"damage":27,"floor":36,"turns":5},{"damage":2,"floor":37,"turns":5},{"damage":20,"enemies":"2 Orb Walkers","floor":41,"turns":5},{"damage":0,"enemies":"3 Shapes","floor":47,"turns":4},{"damage":0,"enemies":"Maw","floor":48,"turns":4},{"damage":16,"enemies":"Time Eater","floor":50,"turns":11}],"seed_played":"-7117010644500684085","potions_obtained":[{"floor":1.0,"key":"Strength Potion"},{"floor":7.0,"key":"Explosive Potion"},{"floor":8.0,"key":"EntropicBrew"},{"floor":18.0,"key":"Explosive Potion"}],"is_trial":false,"path_per_floor":["M","?","M","M","$","R","M","E","T","R","E","M","R","?","R","B",null,"M","M","?","$","M","E","$","R","T","R","M","R","?","M","R","B",null,"M","?","?","?","$","R","E","?","T","?","R","$","M","M","R","B"],"character_chosen":"DEFECT","items_purchased":["Conserve Battery","Meteor Strike","Lee\u0027s Waffle","Cables"],"campfire_rested":4,"item_purchase_floors":[5,21,24,39],"current_hp_per_floor":[54,54,54,54,54,75,72,59,59,59,63,63,63,63,63,36,73,64,52,52,52,32,3,92,92,92,92,79,79,79,62,89,89,91,87,60,58,58,58,85,65,53,53,53,80,80,80,80,80,64],"gold":65,"neow_bonus":"THREE_CARDS","is_prod":false,"is_daily":false,"chose_seed":false,"campfire_upgraded":7,"win_rate":0,"timestamp":1532228625,"path_taken":["M","?","M","?","$","R","M","E","T","R","E","M","R","?","R","BOSS","M","M","?","$","M","E","$","R","T","R","M","R","?","M","R","BOSS","M","?","?","?","$","R","E","?","T","?","R","$","M","M","R","BOSS"],"build_version":"2018-07-19v2","purchased_purges":0,"victory":true,"max_hp_per_floor":[75,75,75,75,75,75,75,75,75,75,85,85,85,85,85,85,85,85,85,85,85,85,85,92,92,92,92,92,92,92,92,92,92,92,92,92,92,92,92,92,92,92,92,92,92,92,92,92,92,92],"card_choices":[{"not_picked":["Gash","Compile Driver"],"picked":"Go for the Eyes","floor":0.0},{"not_picked":["Chill","Rebound"],"picked":"Glacier","floor":1.0},{"not_picked":["Rip and Tear","Sweeping Beam"],"picked":"Coolheaded","floor":3.0},{"not_picked":["Undo","Redo"],"picked":"Go for the Eyes","floor":4.0},{"not_picked":["Recycle","Force Field","Steam"],"picked":"SKIP","floor":7.0},{"not_picked":["Gash","Rebound"],"picked":"Core Surge","floor":8.0},{"not_picked":["Coolheaded","White Noise"],"picked":"Go for the Eyes","floor":11.0},{"not_picked":["Barrage","Turbo","Compile Driver"],"picked":"SKIP","floor":12.0},{"not_picked":["Amplify","Core Surge"],"picked":"Echo Form","floor":16.0},{"not_picked":["Stack","Go for the Eyes"],"picked":"Conserve Battery","floor":18.0},{"not_picked":["Beam Cell","Go for the Eyes+1","Redo"],"picked":"SKIP","floor":19.0},{"not_picked":["Go for the Eyes+1","Redo"],"picked":"Leap","floor":22.0},{"not_picked":["Turbo","Fusion"],"picked":"Capacitor","floor":23.0},{"not_picked":["Tempest","Genetic Algorithm","Melter"],"picked":"SKIP","floor":28.0},{"not_picked":["White Noise+1","Heatsinks","Steam"],"picked":"SKIP","floor":31.0},{"not_picked":["Multi-Cast","Hyperbeam"],"picked":"Meteor Strike","floor":33},{"not_picked":["Turbo","Rebound","Beam Cell"],"picked":"SKIP","floor":35},{"not_picked":["Hello World+1","Ball Lightning+1"],"picked":"Hologram+1","floor":37},{"not_picked":["Reboot","Auto Shields"],"picked":"Barrage+1","floor":41},{"not_picked":["Barrage+1","Rebound+1","Skim","Blizzard+1"],"picked":"SKIP","floor":47},{"not_picked":["Beam Cell","Cold Snap+1","Barrage","Gash"],"picked":"SKIP","floor":48}],"player_experience":150982,"relics_obtained":[{"floor":8.0,"key":"Happy Flower"},{"floor":9.0,"key":"Centennial Puzzle"},{"floor":11.0,"key":"Pear"},{"floor":23.0,"key":"Juzu Bracelet"},{"floor":26.0,"key":"Whetstone"},{"floor":36,"key":"Nunchaku"},{"floor":37,"key":"Incense Burner"},{"floor":41,"key":"Art of War"},{"floor":43,"key":"Question Card"}],"event_choices":[{"event_name":"Upgrade Shrine","player_choice":"Upgraded","floor":2.0,"damage_taken":0.0},{"event_name":"Living Wall","player_choice":"Change","floor":14.0,"damage_taken":0.0},{"event_name":"Duplicator","player_choice":"One dupe","floor":20.0,"damage_taken":0.0},{"event_name":"Wheel of Change","player_choice":"Relic","floor":30.0,"damage_taken":0.0},{"event_name":"Mysterious Sphere","player_choice":"Fight","floor":36,"damage_taken":0},{"event_name":"MindBloom","player_choice":"Fight","floor":37,"damage_taken":0},{"event_name":"Tomb of Lord Red Mask","player_choice":"Ignored","floor":38,"damage_taken":0},{"event_name":"Winding Halls","player_choice":"Embrace Madness","floor":42,"damage_taken":0},{"event_name":"Match and Keep!","player_choice":"2 cards matched","floor":44,"damage_taken":0}],"is_beta":false,"boss_relics":[{"not_picked":["Runic Dome","Eternal Feather"],"picked":"Snecko Eye"},{"not_picked":["Runic Pyramid","Lizard Tail"],"picked":"Pandora\u0027s Box"}],"items_purged_floors":[],"is_endless":false,"potions_floor_spawned":[1,7,8,18,28,31,41,47,48],"ascension_level":10}