{"gold_per_floor":[110,123,141,66,216,245,2,2,2,2,29,29,54,73,73,73],"floor_reached":16,"playtime":520,"items_purged":[],"score":236,"play_id":"8c4aee66-ae46-47b7-9b2f-7994d4398267","local_time":"20190614120845","is_ascension_mode":true,"campfire_choices":[{"floor":8,"key":"REST"},{"floor":10,"key":"REST"},{"floor":15,"key":"REST"}],"neow_cost":"NONE","seed_source_timestamp":39397577465000,"circlet_count":0,"master_deck":["AscendersBane","Strike_B","Strike_B","Strike_B","Defend_B","Defend_B","Defend_B","Defend_B","Zap","Dualcast","Go for the Eyes","Steam","Gash","Doubt","Ball Lightning","Dramatic Entrance","Conserve Battery","Leap","Sweeping Beam","Hologram+1","Reboot"],"relics":["Cracked Core","DataDisk","Kunai","Sundial","Happy Flower","Juzu Bracelet"],"potions_floor_usage":[11],"damage_taken":[{"damage":2,"enemies":"Jaw Worm","floor":1,"turns":3},{"damage":2,"enemies":"Small Slimes","floor":2,"turns":3},{"damage":1,"enemies":"Cultist","floor":3,"turns":3},{"damage":40,"enemies":"3 Sentries","floor":6,"turns":10},{"damage":8,"enemies":"Lagavulin","floor":11,"turns":6},{"damage":23,"enemies":"Gremlin Nob","floor":13,"turns":4},{"damage":12,"enemies":"3 Louse","floor":14,"turns":2},{"damage":46,"enemies":"Slime Boss","floor":16,"turns":6}],"seed_played":"-2632973695653698064","potions_obtained":[{"floor":3,"key":"SmokeBomb"},{"floor":6,"key":"Poison Potion"},{"floor":14,"key":"LiquidBronze"}],"is_trial":false,"path_per_floor":["M","M","M","?","?","E","$","R","T","R","E","?","E","M","R","B"],"character_chosen":"DEFECT","items_purchased":["Dramatic Entrance","Conserve Battery","Leap","Sweeping Beam"],"campfire_rested":3,"item_purchase_floors":[7,7,7,7],"current_hp_per_floor":[62,60,59,59,59,19,19,40,40,61,53,53,30,18,39,0],"gold":73,"neow_bonus":"RANDOM_COMMON_RELIC","is_prod":false,"is_daily":false,"chose_seed":false,"campfire_upgraded":0,"win_rate":0,"timestamp":1560539325,"path_taken":["M","M","M","?","?","E","$","R","T","R","E","?","E","M","R","BOSS"],"build_version":"2019-01-23","purchased_purges":0,"victory":false,"max_hp_per_floor":[71,71,71,71,71,71,71,71,71,71,71,71,71,71,71,71],"card_choices":[{"not_picked":["Rebound","Aggregate"],"picked":"Go for the Eyes","floor":1},{"not_picked":["Storm","Aggregate"],"picked":"Steam","floor":2},{"not_picked":["Reprogram","Storm"],"picked":"Gash","floor":3},{"not_picked":["Turbo","Self Repair"],"picked":"Ball Lightning","floor":6},{"not_picked":["Heatsinks","Coolheaded"],"picked":"Hologram","floor":11},{"not_picked":["Leap","Skim"],"picked":"Reboot","floor":13},{"not_picked":["Redo","Turbo","Compile Driver"],"picked":"SKIP","floor":14}],"player_experience":1229463,"relics_obtained":[{"floor":6,"key":"Kunai"},{"floor":9,"key":"Sundial"},{"floor":11,"key":"Happy Flower"},{"floor":13,"key":"Juzu Bracelet"}],"event_choices":[{"cards_removed":["Strike_B"],"damage_healed":0,"gold_gain":0,"player_choice":"Card Removal","damage_taken":0,"max_hp_gain":0,"max_hp_loss":0,"event_name":"The Cleric","floor":4,"gold_loss":75},{"damage_healed":0,"gold_gain":150,"player_choice":"AGREE","damage_taken":0,"max_hp_gain":0,"max_hp_loss":0,"event_name":"Liars Game","floor":5,"gold_loss":0,"cards_obtained":["Doubt"]},{"damage_healed":0,"gold_gain":0,"player_choice":"Upgraded","damage_taken":0,"max_hp_gain":0,"max_hp_loss":0,"event_name":"Upgrade Shrine","floor":12,"gold_loss":0,"cards_upgraded":["Hologram"]}],"is_beta":false,"boss_relics":[],"items_purged_floors":[],"is_endless":false,"potions_floor_spawned":[3,6,14],"killed_by":"Slime Boss","ascension_level":20}