{"gold_per_floor":[118,118,133,152,22,57,57,82,107,87,87,97,115,125,125,200,200,152,169,169,169,1,1,15,15,39,39,51,70,88,99,99,172,172,185,185,199,35,54,54,79,93,93,93,112,112,138,38,38,38],"floor_reached":51,"playtime":1905,"items_purged":["Strike_R","Strike_R"],"score":1282,"play_id":"b13247b8-f4d1-44d4-a368-572b282ac0c2","local_time":"20190217212818","is_ascension_mode":true,"campfire_choices":[{"data":"Bash","floor":7.0,"key":"SMITH"},{"data":"Clothesline","floor":11.0,"key":"SMITH"},{"floor":15.0,"key":"REST"},{"data":"Demon Form","floor":23.0,"key":"SMITH"},{"data":"Shockwave","floor":25.0,"key":"SMITH"},{"data":"Juggernaut","floor":32,"key":"SMITH"},{"data":"Armaments","floor":40,"key":"SMITH"},{"floor":49,"key":"REST"}],"neow_cost":"NONE","seed_source_timestamp":5040460515134775,"circlet_count":0,"master_deck":["AscendersBane","Strike_R","Strike_R","Strike_R","Defend_R","Defend_R+1","Defend_R","Defend_R+1","Bash+1","Dropkick","Pommel Strike","Shrug It Off","Clothesline+1","Rampage","Cleave","Shrug It Off","Pommel Strike","Demon Form+1","Clothesline+1","Juggernaut+1","Shockwave+1","Shrug It Off+1","Heavy Blade","Clothesline","Limit Break","Flame Barrier","Whirlwind+1","Armaments+1","Entrench+1","Infernal Blade+1","Sadistic Nature"],"special_seed":0,"relics":["Burning Blood","Blood Vial","Pen Nib","Oddly Smooth Stone","Regal Pillow","Snecko Eye","Enchiridion","Vajra","Art of War","Velvet Choker","Happy Flower","Juzu Bracelet","Paper Frog","War Paint"],"potions_floor_usage":[29,33,42,50,50],"damage_taken":[{"damage":8.0,"enemies":"2 Louse","floor":1.0,"turns":3.0},{"damage":7.0,"enemies":"Jaw Worm","floor":3.0,"turns":3.0},{"damage":6.0,"enemies":"Small Slimes","floor":4.0,"turns":5.0},{"damage":14.0,"enemies":"Lagavulin","floor":6.0,"turns":4.0},{"damage":37.0,"enemies":"3 Sentries","floor":8.0,"turns":9.0},{"damage":14.0,"enemies":"Exordium Thugs","floor":12.0,"turns":4.0},{"damage":13.0,"enemies":"2 Fungi Beasts","floor":13.0,"turns":3.0},{"damage":5.0,"enemies":"Looter","floor":14.0,"turns":3.0},{"damage":14.0,"enemies":"The Guardian","floor":16.0,"turns":13.0},{"damage":25.0,"enemies":"2 Thieves","floor":18.0,"turns":5.0},{"damage":0.0,"enemies":"Chosen","floor":19.0,"turns":5.0},{"damage":0.0,"enemies":"Snecko","floor":24.0,"turns":3.0},{"damage":12,"enemies":"Cultist and Chosen","floor":28,"turns":5},{"damage":8,"enemies":"3 Cultists","floor":29,"turns":4},{"damage":5,"enemies":"Snecko","floor":30,"turns":4},{"damage":0,"enemies":"Chosen and Byrds","floor":31,"turns":3},{"damage":75,"enemies":"Collector","floor":33,"turns":8},{"damage":22,"enemies":"3 Shapes","floor":35,"turns":10},{"damage":0,"enemies":"Orb Walker","floor":37,"turns":2},{"damage":4,"enemies":"Sphere and 2 Shapes","floor":39,"turns":4},{"damage":18,"enemies":"Giant Head","floor":41,"turns":6},{"damage":50,"enemies":"Transient","floor":42,"turns":6},{"damage":0,"enemies":"Maw","floor":45,"turns":6},{"damage":21,"enemies":"Time Eater","floor":50,"turns":9}],"seed_played":"-5425896931716441289","potions_obtained":[{"floor":1.0,"key":"AttackPotion"},{"floor":4.0,"key":"LiquidBronze"},{"floor":6.0,"key":"GamblersBrew"},{"floor":10.0,"key":"FairyPotion"},{"floor":18.0,"key":"Swift Potion"},{"floor":29,"key":"Energy Potion"},{"floor":35,"key":"EssenceOfSteel"},{"floor":41,"key":"SteroidPotion"},{"floor":45,"key":"EssenceOfSteel"}],"is_trial":false,"path_per_floor":["M","?","M","M","$","E","R","E","T","?","R","M","M","M","R","B",null,"M","M","?","?","$","R","M","R","T","?","M","M","M","M","R","B",null,"M","?","M","$","M","R","E","M","T","?","M","?","T","$","R","B",null],"character_chosen":"IRONCLAD","items_purchased":["Clothesline","Vajra","Happy Flower"],"campfire_rested":2,"item_purchase_floors":[5,22,38],"current_hp_per_floor":[68,73,74,76,76,70,70,41,41,41,41,35,30,33,72,66,77,60,68,68,47,47,47,55,55,55,55,51,51,54,62,62,14,64,50,50,58,58,62,62,52,10,10,10,18,18,18,18,57,44],"gold":38,"neow_bonus":"RANDOM_COMMON_RELIC","is_prod":false,"is_daily":false,"chose_seed":false,"campfire_upgraded":6,"win_rate":0,"timestamp":1550456898,"path_taken":["M","?","M","M","?","E","R","E","T","?","R","M","M","M","R","BOSS","M","M","?","?","$","R","M","R","T","?","M","M","?","M","R","BOSS","M","?","?","$","M","R","E","M","T","?","M","?","?","?","R","BOSS"],"build_version":"2019-01-23","purchased_purges":2,"victory":true,"max_hp_per_floor":[75,80,80,80,80,80,80,80,80,80,80,80,80,80,80,80,80,80,80,80,80,80,80,80,80,80,80,80,80,80,80,80,80,80,80,80,80,80,80,80,80,80,80,80,80,80,80,80,80,80],"card_choices":[{"not_picked":["Sentinel","Twin Strike"],"picked":"Dropkick","floor":1.0},{"not_picked":["Headbutt","Heavy Blade"],"picked":"Pommel Strike","floor":3.0},{"not_picked":["Rage","Clothesline"],"picked":"Shrug It Off","floor":4.0},{"not_picked":["Body Slam","Anger"],"picked":"Rampage","floor":6.0},{"not_picked":["Warcry","Combust"],"picked":"Cleave","floor":8.0},{"not_picked":["Flex","Thunderclap"],"picked":"Shrug It Off","floor":12.0},{"not_picked":["Rupture","Heavy Blade","Entrench"],"picked":"SKIP","floor":13.0},{"not_picked":["Dark Embrace","Dual Wield"],"picked":"Pommel Strike","floor":14.0},{"not_picked":["Immolate","Exhume"],"picked":"Demon Form","floor":16.0},{"not_picked":["Iron Wave","Shrug It Off+1"],"picked":"Clothesline","floor":18.0},{"not_picked":["Warcry","Armaments"],"picked":"Juggernaut","floor":19.0},{"not_picked":["Flex","Power Through"],"picked":"Shrug It Off+1","floor":24.0},{"not_picked":["Thunderclap","Combust"],"picked":"Heavy Blade","floor":28},{"not_picked":["Impervious","Perfected Strike+1"],"picked":"Clothesline","floor":29},{"not_picked":["Reckless Charge","Iron Wave+1","Body Slam+1"],"picked":"SKIP","floor":30},{"not_picked":["Iron Wave","Entrench","Body Slam"],"picked":"SKIP","floor":31},{"not_picked":["Exhume","Berserk"],"picked":"Limit Break","floor":33},{"not_picked":["Entrench+1","Sentinel"],"picked":"Flame Barrier","floor":35},{"not_picked":["True Grit+1","Cleave"],"picked":"Whirlwind+1","floor":37},{"not_picked":["Clothesline","Cleave"],"picked":"Armaments","floor":39},{"not_picked":["Body Slam","Reckless Charge"],"picked":"Entrench+1","floor":41},{"not_picked":["Headbutt","Evolve"],"picked":"Infernal Blade+1","floor":42},{"not_picked":["Panacea","Mind Blast"],"picked":"Sadistic Nature","floor":44},{"not_picked":["Headbutt+1","Warcry+1","Flex+1"],"picked":"SKIP","floor":45}],"player_experience":574810,"relics_obtained":[{"floor":6.0,"key":"Pen Nib"},{"floor":8.0,"key":"Oddly Smooth Stone"},{"floor":9.0,"key":"Regal Pillow"},{"floor":21.0,"key":"Enchiridion"},{"floor":26.0,"key":"Art of War"},{"floor":41,"key":"Juzu Bracelet"},{"floor":43,"key":"Paper Frog"},{"floor":47,"key":"War Paint"}],"event_choices":[{"damage_healed":0.0,"max_hp_gain":5.0,"max_hp_loss":0.0,"gold_gain":0.0,"event_name":"Big Fish","player_choice":"Donut","floor":2.0,"gold_loss":0.0,"damage_taken":0.0},{"damage_healed":0.0,"max_hp_gain":0.0,"max_hp_loss":0.0,"gold_gain":0.0,"event_name":"The Woman in Blue","player_choice":"Bought 1 Potion","floor":10.0,"gold_loss":0.0,"damage_taken":0.0},{"damage_healed":0.0,"max_hp_gain":0.0,"max_hp_loss":0.0,"gold_gain":0.0,"event_name":"The Library","player_choice":"Read","floor":20.0,"gold_loss":0.0,"damage_taken":0.0,"cards_obtained":["Shockwave"]},{"damage_healed":0.0,"max_hp_gain":0.0,"max_hp_loss":0.0,"gold_gain":0.0,"event_name":"Cursed Tome","player_choice":"Obtained Book","floor":21.0,"gold_loss":0.0,"damage_taken":21.0},{"damage_healed":0.0,"max_hp_gain":0.0,"max_hp_loss":0.0,"gold_gain":0.0,"event_name":"Upgrade Shrine","player_choice":"Upgraded","floor":27.0,"gold_loss":0.0,"damage_taken":0.0,"cards_upgraded":["Clothesline"]},{"damage_healed":0,"gold_gain":0,"player_choice":"0 cards matched","damage_taken":0,"max_hp_gain":0,"max_hp_loss":0,"event_name":"Match and Keep!","floor":36,"gold_loss":0,"cards_obtained":[]},{"damage_healed":0,"gold_gain":0,"player_choice":"Memory 1","damage_taken":0,"max_hp_gain":0,"max_hp_loss":0,"event_name":"SensoryStone","floor":44,"gold_loss":0},{"damage_healed":0,"gold_gain":0,"player_choice":"Ignored","damage_taken":0,"max_hp_gain":0,"max_hp_loss":0,"event_name":"Mysterious Sphere","floor":46,"gold_loss":0}],"is_beta":false,"boss_relics":[{"not_picked":["Runic Pyramid","Sozu"],"picked":"Snecko Eye"},{"not_picked":["Runic Cube","Cursed Key"],"picked":"Velvet Choker"}],"items_purged_floors":[5,48],"is_endless":false,"potions_floor_spawned":[1,4,6,18,29,30,35,41,45],"ascension_level":17}