{"gold_per_floor":[116,116,116,128,98,123,123,143,198,198,228,238,265,86,86,162,162,182,28,38,38,38,38,71,71,71,87,87],"floor_reached":28,"playtime":740,"items_purged":["Strike_G"],"score":542,"play_id":"f27d82f5-c044-4073-837e-0a3a9490095d","local_time":"20190703164724","is_ascension_mode":true,"campfire_choices":[{"data":"Dagger Spray","floor":7.0,"key":"SMITH"},{"data":"Neutralize","floor":10.0,"key":"SMITH"},{"data":"Caltrops","floor":15.0,"key":"SMITH"},{"data":"Noxious Fumes","floor":23.0,"key":"SMITH"},{"data":"Die Die Die","floor":25.0,"key":"SMITH"}],"neow_cost":"NONE","seed_source_timestamp":0,"circlet_count":0,"master_deck":["AscendersBane","Strike_G","Strike_G","Strike_G","Defend_G","Defend_G","Defend_G","Defend_G","Defend_G","Survivor","Neutralize+1","Poisoned Stab+1","Dagger Spray+1","Caltrops+1","Sucker Punch","Flying Knee","Blur","Glass Knife","Die Die Die+1","Bouncing Flask","Noxious Fumes+1","Finisher+1","Ghostly","Ghostly","Ghostly","Outmaneuver+1","Backflip+1"],"special_seed":0,"relics":["Ring of the Snake","NeowsBlessing","Juzu Bracelet","Pear","Odd Mushroom","Sozu","Sundial","Ornamental Fan"],"potions_floor_usage":[],"damage_taken":[{"damage":0.0,"enemies":"2 Louse","floor":1.0,"turns":1.0},{"damage":0.0,"enemies":"Small Slimes","floor":4.0,"turns":1.0},{"damage":0.0,"enemies":"3 Sentries","floor":6.0,"turns":1.0},{"damage":3.0,"enemies":"Jaw Worm","floor":8.0,"turns":4.0},{"damage":18.0,"enemies":"Gremlin Nob","floor":11.0,"turns":4.0},{"damage":0.0,"enemies":"Large Slime","floor":12.0,"turns":5.0},{"damage":3.0,"enemies":"The Mushroom Lair","floor":13.0,"turns":4.0},{"damage":30.0,"enemies":"The Guardian","floor":16.0,"turns":14.0},{"damage":7.0,"enemies":"Chosen","floor":18.0,"turns":5.0},{"damage":0.0,"enemies":"3 Byrds","floor":20.0,"turns":2.0},{"damage":0.0,"enemies":"Sentry and Sphere","floor":21.0,"turns":1.0},{"damage":9.0,"enemies":"Book of Stabbing","floor":24.0,"turns":6.0},{"damage":2,"enemies":"Shelled Parasite and Fungi","floor":27,"turns":5},{"damage":28,"enemies":"Gremlin Leader","floor":28,"turns":3}],"seed_played":"3364895816819892349","potions_obtained":[{"floor":5.0,"key":"SmokeBomb"},{"floor":5.0,"key":"Ancient Potion"},{"floor":11.0,"key":"Block Potion"}],"is_trial":false,"path_per_floor":["M","?","?","M","?","E","R","M","T","R","E","M","?","$","R","B",null,"M","$","M","M","?","R","E","R","T","M","E"],"character_chosen":"THE_SILENT","items_purchased":["Glass Knife","Noxious Fumes"],"campfire_rested":0,"item_purchase_floors":[14,19],"current_hp_per_floor":[59,52,52,52,52,52,52,49,49,49,41,41,38,38,38,8,59,52,52,52,52,38,38,29,29,29,27,0],"gold":87,"neow_bonus":"THREE_ENEMY_KILL","is_prod":false,"is_daily":false,"chose_seed":false,"campfire_upgraded":5,"win_rate":0,"timestamp":1562186844,"path_taken":["M","?","?","?","?","E","R","M","T","R","E","M","?","$","R","BOSS","M","$","M","M","?","R","E","R","T","M","E"],"build_version":"2019-07-01","purchased_purges":1,"victory":false,"max_hp_per_floor":[66,66,66,66,66,66,66,66,66,66,76,76,76,76,76,76,76,76,76,76,76,38,38,38,38,38,38,38],"card_choices":[{"not_picked":["Outmaneuver","Deadly Poison"],"picked":"Poisoned Stab","floor":1.0},{"not_picked":["Skewer","Outmaneuver"],"picked":"Dagger Spray","floor":4.0},{"not_picked":["Calculated Gamble","Prepared"],"picked":"Caltrops","floor":6.0},{"not_picked":["Cloak And Dagger","Slice"],"picked":"Sucker Punch","floor":8.0},{"not_picked":["Endless Agony","Phantasmal Killer"],"picked":"Flying Knee","floor":11.0},{"not_picked":["Dagger Throw","Prepared","Sucker Punch"],"picked":"SKIP","floor":12.0},{"not_picked":["Acrobatics","Dagger Spray"],"picked":"Blur","floor":13.0},{"not_picked":["Adrenaline","Doppelganger"],"picked":"Die Die Die","floor":16.0},{"not_picked":["Eviscerate","Dodge and Roll"],"picked":"Bouncing Flask","floor":18.0},{"not_picked":["Crippling Poison","Backflip"],"picked":"Finisher+1","floor":20.0},{"not_picked":["Dagger Throw","Deadly Poison"],"picked":"Outmaneuver+1","floor":24.0},{"not_picked":["Cloak And Dagger","Choke"],"picked":"Backflip+1","floor":27}],"player_experience":850408,"relics_obtained":[{"floor":6.0,"key":"Juzu Bracelet"},{"floor":11.0,"key":"Pear"},{"floor":13.0,"key":"Odd Mushroom"},{"floor":24.0,"key":"Sundial"},{"floor":26.0,"key":"Ornamental Fan"}],"event_choices":[{"cards_removed":["Strike_G"],"damage_healed":0.0,"max_hp_gain":0.0,"max_hp_loss":0.0,"gold_gain":0.0,"event_name":"Golden Wing","player_choice":"Card Removal","floor":2.0,"gold_loss":0.0,"damage_taken":7.0},{"damage_healed":0.0,"max_hp_gain":0.0,"max_hp_loss":0.0,"gold_gain":0.0,"event_name":"Living Wall","player_choice":"Grow","floor":3.0,"gold_loss":0.0,"damage_taken":0.0,"cards_upgraded":["Poisoned Stab"]},{"damage_healed":0.0,"max_hp_gain":0.0,"max_hp_loss":0.0,"gold_gain":0.0,"event_name":"The Woman in Blue","player_choice":"Bought 2 Potions","floor":5.0,"gold_loss":0.0,"damage_taken":0.0},{"damage_healed":0.0,"max_hp_gain":0.0,"max_hp_loss":0.0,"gold_gain":0.0,"event_name":"Mushrooms","player_choice":"Fought Mushrooms","floor":13.0,"gold_loss":0.0,"damage_taken":0.0},{"damage_healed":0.0,"max_hp_gain":0.0,"max_hp_loss":38.0,"gold_gain":0.0,"event_name":"Ghosts","player_choice":"Became a Ghost","floor":22.0,"gold_loss":0.0,"damage_taken":0.0,"cards_obtained":["Ghostly","Ghostly","Ghostly"]}],"is_beta":false,"boss_relics":[{"not_picked":["White Beast Statue","Busted Crown"],"picked":"Sozu"}],"items_purged_floors":[19],"is_endless":false,"potions_floor_spawned":[8,11,16,20,27],"killed_by":"Gremlin Leader","ascension_level":20}