{"gold_per_floor":[212,232,232,40,115,115,81,81,104,123,140,166,180,180,180,280,330,342,10,10,0,0,0,25,25,25,4,24,24,38,38,38,38],"floor_reached":33,"playtime":815,"items_purged":[],"score":460,"play_id":"2d025747-6c4a-428f-84c8-184c15c25c3d","local_time":"20181217221444","is_ascension_mode":true,"campfire_choices":[{"data":"Bash","floor":6.0,"key":"SMITH"},{"floor":15.0,"key":"REST"},{"floor":23.0,"key":"REST"},{"floor":29.0,"key":"REST"},{"data":"Evolve","floor":32.0,"key":"SMITH"}],"neow_cost":"NONE","seed_source_timestamp":1410393291499648,"circlet_count":0,"master_deck":["Strike_R","Strike_R","Strike_R","Strike_R+1","Strike_R","Defend_R","Defend_R","Defend_R","Defend_R+1","Bash+1","Iron Wave+1","Heavy Blade","Whirlwind","Evolve+1","Bludgeon","Cleave","Wild Strike","Flex+1","Reaper","Pommel Strike","Wild Strike","Armaments+1","Flex+1","Twin Strike+1","Flex+1","Flex+1","Shockwave+1","Armaments+1"],"special_seed":0,"relics":["Burning Blood","OrangePellets","Dream Catcher","The Courier","Toxic Egg 2","Tiny House","Thread and Needle","Enchiridion","Ginger","Regal Pillow"],"potions_floor_usage":[33,33],"damage_taken":[{"damage":1.0,"enemies":"Small Slimes","floor":1.0,"turns":4.0},{"damage":13.0,"enemies":"Jaw Worm","floor":2.0,"turns":4.0},{"damage":1.0,"enemies":"2 Louse","floor":10.0,"turns":3.0},{"damage":17.0,"enemies":"Red Slaver","floor":11.0,"turns":6.0},{"damage":35.0,"enemies":"Lagavulin","floor":12.0,"turns":6.0},{"damage":0.0,"enemies":"3 Louse","floor":13.0,"turns":1.0},{"damage":0.0,"enemies":"Slime Boss","floor":16.0,"turns":6.0},{"damage":49.0,"enemies":"Shell Parasite","floor":18.0,"turns":9.0},{"damage":44.0,"enemies":"Gremlin Leader","floor":24.0,"turns":5.0},{"damage":44.0,"enemies":"Colosseum Slavers","floor":25.0,"turns":5.0},{"damage":0.0,"enemies":"Chosen","floor":28.0,"turns":3.0},{"damage":14.0,"enemies":"Snecko","floor":30.0,"turns":3.0},{"damage":98,"enemies":"Champ","floor":33,"turns":8}],"seed_played":"-8811011653705762021","potions_obtained":[{"floor":1.0,"key":"FearPotion"},{"floor":2.0,"key":"Ancient Potion"},{"floor":11.0,"key":"Swift Potion"},{"floor":17.0,"key":"SneckoOil"},{"floor":30.0,"key":"Energy Potion"}],"is_trial":false,"path_per_floor":["M","M","?","$","?","R","$","?","T","M","M","E","M","M","?","R","B",null,"M","$","?","?","?","R","E","?","T","$","M","R","M","?","R","B"],"character_chosen":"IRONCLAD","items_purchased":["OrangePellets","Whirlwind","Thread and Needle","Armaments+1","Flex+1","Flex+1"],"campfire_rested":3,"item_purchase_floors":[4,7,19,19,19,27],"current_hp_per_floor":[77,70,54,54,43,43,43,43,43,48,37,8,14,14,38,44,76,33,33,17,17,17,42,40,9,9,9,15,55,52,80,80,0],"gold":38,"neow_bonus":"HUNDRED_GOLD","is_prod":false,"is_daily":false,"chose_seed":false,"campfire_upgraded":2,"win_rate":0,"timestamp":1545102884,"path_taken":["M","M","?","$","?","R","?","?","T","M","?","E","M","?","R","BOSS","M","$","?","?","?","R","E","?","T","$","M","R","M","?","R","BOSS"],"build_version":"2018-12-13","purchased_purges":0,"victory":false,"max_hp_per_floor":[80,80,80,80,80,80,80,80,80,80,80,80,80,80,80,80,85,85,85,85,85,85,85,85,85,85,85,85,85,85,85,85,85],"card_choices":[{"not_picked":["Infernal Blade","Headbutt"],"picked":"Iron Wave","floor":1.0},{"not_picked":["Ghostly Armor","Cleave"],"picked":"Heavy Blade","floor":2.0},{"not_picked":["Dropkick","Clash"],"picked":"Evolve","floor":10.0},{"not_picked":["Pommel Strike","Headbutt"],"picked":"Bludgeon","floor":11.0},{"not_picked":["Havoc","Offering"],"picked":"Cleave","floor":12.0},{"not_picked":["Armaments","Bloodletting"],"picked":"Wild Strike","floor":13.0},{"not_picked":["Bloodletting+1","Warcry+1"],"picked":"Flex+1","floor":15.0},{"not_picked":["Offering+1","Exhume+1"],"picked":"Reaper","floor":16.0},{"not_picked":["Combust","Clothesline"],"picked":"Pommel Strike","floor":17.0},{"not_picked":["Blood for Blood","Intimidate+1"],"picked":"Wild Strike","floor":18.0},{"not_picked":["Flame Barrier+1","Wild Strike"],"picked":"Twin Strike+1","floor":23.0},{"not_picked":["Rupture","Body Slam"],"picked":"Flex+1","floor":24.0},{"not_picked":["Power Through+1","Pummel"],"picked":"Shockwave+1","floor":28.0},{"not_picked":["Thunderclap","Shrug It Off+1"],"picked":"Armaments+1","floor":30.0}],"player_experience":521191,"relics_obtained":[{"floor":9.0,"key":"Dream Catcher"},{"floor":12.0,"key":"The Courier"},{"floor":20.0,"key":"Enchiridion"},{"floor":24.0,"key":"Ginger"},{"floor":26.0,"key":"Regal Pillow"}],"event_choices":[{"damage_healed":0.0,"max_hp_gain":0.0,"max_hp_loss":0.0,"gold_gain":0.0,"event_name":"Shining Light","player_choice":"Entered Light","floor":3.0,"gold_loss":0.0,"damage_taken":16.0,"cards_upgraded":["Strike_R","Defend_R"]},{"damage_healed":0.0,"max_hp_gain":0.0,"max_hp_loss":0.0,"gold_gain":75.0,"event_name":"World of Goop","player_choice":"Gather Gold","floor":5.0,"gold_loss":0.0,"damage_taken":11.0},{"damage_healed":0.0,"max_hp_gain":0.0,"max_hp_loss":0.0,"gold_gain":0.0,"event_name":"The Woman in Blue","player_choice":"Bought 0 Potions","floor":8.0,"gold_loss":0.0,"damage_taken":0.0},{"damage_healed":0.0,"max_hp_gain":0.0,"max_hp_loss":0.0,"gold_gain":0.0,"event_name":"Dead Adventurer","player_choice":"Searched \u00271\u0027 times","floor":14.0,"gold_loss":0.0,"damage_taken":0.0,"relics_obtained":["Toxic Egg 2"]},{"damage_healed":0.0,"max_hp_gain":0.0,"max_hp_loss":0.0,"gold_gain":0.0,"event_name":"Cursed Tome","player_choice":"Obtained Book","floor":20.0,"gold_loss":0.0,"damage_taken":16.0},{"damage_healed":0.0,"max_hp_gain":0.0,"max_hp_loss":0.0,"gold_gain":0.0,"event_name":"Masked Bandits","player_choice":"Paid Fearfully","floor":21.0,"gold_loss":10.0,"damage_taken":0.0},{"damage_healed":0.0,"max_hp_gain":0.0,"max_hp_loss":0.0,"gold_gain":0.0,"event_name":"Colosseum","player_choice":"Fight","floor":25.0,"gold_loss":0.0,"damage_taken":0.0},{"damage_healed":0.0,"max_hp_gain":0.0,"max_hp_loss":0.0,"gold_gain":0.0,"event_name":"Colosseum","player_choice":"Fled From Nobs","floor":25.0,"gold_loss":0.0,"damage_taken":0.0},{"damage_healed":28.0,"max_hp_gain":0.0,"max_hp_loss":0.0,"gold_gain":0.0,"event_name":"The Library","player_choice":"Heal","floor":31.0,"gold_loss":0.0,"damage_taken":0.0}],"is_beta":false,"boss_relics":[{"not_picked":["Cursed Key","Lizard Tail"],"picked":"Tiny House"}],"items_purged_floors":[],"is_endless":false,"potions_floor_spawned":[1,2,11,30],"killed_by":"Champ","ascension_level":8}