{"gold_per_floor":[18,30,41,55,55,55,65,95,145,145,17,17,34,68,68,147,147,164,164,79,89,116,116,147,163,163,163,193,206,217,217,217,292,292,311,323,545,164,183,183,217,217,217,234,252,267,286,321,321,321,321,321,321,5,34,34],"floor_reached":56,"playtime":4269,"items_purged":[],"score":1922,"play_id":"04066202-8a92-4c6b-b89d-3888e50f01cd","local_time":"20190706133306","is_ascension_mode":true,"campfire_choices":[{"data":"Noxious Fumes","floor":6.0,"key":"SMITH"},{"data":"Neutralize","floor":10.0,"key":"SMITH"},{"data":"Dagger Spray","floor":12.0,"key":"SMITH"},{"data":"Choke","floor":15.0,"key":"SMITH"},{"data":"Dash","floor":23.0,"key":"SMITH"},{"floor":27.0,"key":"REST"},{"data":"Adrenaline","floor":32.0,"key":"SMITH"},{"data":"Dodge and Roll","floor":40.0,"key":"SMITH"},{"data":"Dagger Spray","floor":42.0,"key":"SMITH"},{"floor":49.0,"key":"RECALL"},{"data":"Reflex","floor":53,"key":"SMITH"}],"neow_cost":"NO_GOLD","seed_source_timestamp":0,"circlet_count":0,"master_deck":["AscendersBane","Defend_G+1","Defend_G+1","Defend_G+1","Defend_G+1","Defend_G+1","Survivor","Neutralize+1","Slice","Dash+1","Leg Sweep","Noxious Fumes+1","Malaise+1","Dagger Spray+1","Infinite Blades","Leg Sweep","Infinite Blades","Choke+1","Adrenaline+1","Dagger Spray+1","Escape Plan","Dodge and Roll+1","Sucker Punch+1","Calculated Gamble+1","Acrobatics","Bite+1","Bite+1","Bite+1","Bite+1","Bite+1","Doppelganger","Backflip+1","Malaise+1","Reflex+1","Adrenaline","Tactician","Quick Slash+1","Caltrops","PiercingWail","Backflip"],"special_seed":0,"relics":["Ring of the Snake","Calipers","Shuriken","War Paint","Sundial","HoveringKite","Vajra","Red Mask","Turnip","Molten Egg 2","Ornamental Fan","Coffee Dripper","DollysMirror","Happy Flower","Orichalcum","Snake Skull","Oddly Smooth Stone","Kunai"],"potions_floor_usage":[56],"damage_taken":[{"damage":2.0,"enemies":"2 Louse","floor":1.0,"turns":4.0},{"damage":0.0,"enemies":"Jaw Worm","floor":2.0,"turns":4.0},{"damage":0.0,"enemies":"Small Slimes","floor":3.0,"turns":3.0},{"damage":0.0,"enemies":"Exordium Wildlife","floor":4.0,"turns":3.0},{"damage":0.0,"enemies":"Looter","floor":7.0,"turns":4.0},{"damage":17.0,"enemies":"Lagavulin","floor":8.0,"turns":12.0},{"damage":0.0,"enemies":"Large Slime","floor":13.0,"turns":5.0},{"damage":8.0,"enemies":"Gremlin Nob","floor":14.0,"turns":4.0},{"damage":4.0,"enemies":"The Guardian","floor":16.0,"turns":10.0},{"damage":2.0,"enemies":"Shell Parasite","floor":18.0,"turns":7.0},{"damage":9.0,"enemies":"Chosen","floor":21.0,"turns":4.0},{"damage":0.0,"enemies":"Masked Bandits","floor":22.0,"turns":1.0},{"damage":11.0,"enemies":"Book of Stabbing","floor":24.0,"turns":7.0},{"damage":7.0,"enemies":"Snake Plant","floor":25.0,"turns":6.0},{"damage":2.0,"enemies":"Gremlin Leader","floor":28.0,"turns":10.0},{"damage":0.0,"enemies":"Centurion and Healer","floor":29.0,"turns":7.0},{"damage":4.0,"enemies":"Sentry and Sphere","floor":30.0,"turns":6.0},{"damage":61.0,"enemies":"Collector","floor":33.0,"turns":13.0},{"damage":2.0,"enemies":"Orb Walker","floor":35.0,"turns":3.0},{"damage":0.0,"enemies":"3 Shapes","floor":36.0,"turns":8.0},{"damage":16.0,"enemies":"Jaw Worm Horde","floor":39.0,"turns":7.0},{"damage":30.0,"enemies":"Giant Head","floor":41.0,"turns":8.0},{"damage":0.0,"enemies":"Maw","floor":44.0,"turns":10.0},{"damage":33.0,"enemies":"Transient","floor":45.0,"turns":6.0},{"damage":7.0,"enemies":"Spire Growth","floor":46.0,"turns":6.0},{"damage":21.0,"enemies":"Sphere and 2 Shapes","floor":47.0,"turns":17.0},{"damage":13.0,"enemies":"Nemesis","floor":48.0,"turns":11.0},{"damage":48.0,"enemies":"Time Eater","floor":50.0,"turns":20.0},{"damage":41,"enemies":"Awakened One","floor":51,"turns":26},{"damage":44,"enemies":"Shield and Spear","floor":55,"turns":9},{"damage":37,"enemies":"The Heart","floor":56,"turns":5}],"seed_played":"5996973469288599883","potions_obtained":[{"floor":2.0,"key":"SkillPotion"},{"floor":8.0,"key":"Ancient Potion"},{"floor":14.0,"key":"Ancient Potion"},{"floor":29.0,"key":"LiquidBronze"},{"floor":33.0,"key":"PowerPotion"},{"floor":41.0,"key":"Weak Potion"},{"floor":46.0,"key":"SkillPotion"},{"floor":55,"key":"Strength Potion"}],"is_trial":false,"path_per_floor":["M","M","M","M","?","R","M","E","T","R","$","R","M","E","R","B",null,"M","?","?","M","?","R","E","M","T","R","E","M","M","?","R","B",null,"M","M","?","$","M","R","E","R","T","M","M","M","M","E","R","B","B",null,"R","$","E","B"],"character_chosen":"THE_SILENT","items_purchased":["Infinite Blades","Leg Sweep","DollysMirror","Happy Flower","Caltrops","Oddly Smooth Stone","PiercingWail","Backflip"],"campfire_rested":1,"item_purchase_floors":[11,11,38,38,54,54,54,54],"current_hp_per_floor":[57,57,57,57,62,62,62,45,45,45,45,45,45,37,37,33,62,60,60,60,51,51,51,40,33,33,54,52,52,48,48,48,7,39,49,49,49,49,45,45,21,21,21,49,22,30,49,49,49,37,37,46,46,46,17,0],"gold":34,"neow_bonus":"ONE_RARE_RELIC","is_prod":false,"is_daily":false,"chose_seed":false,"campfire_upgraded":9,"win_rate":0,"timestamp":1562434386,"path_taken":["M","M","M","M","?","R","M","E","T","R","$","R","M","E","R","BOSS","M","?","?","M","?","R","E","M","T","R","E","M","M","?","R","BOSS","M","M","?","$","M","R","E","R","T","M","M","M","M","E","R","BOSS","BOSS","R","$","E","BOSS"],"build_version":"2019-07-05","purchased_purges":0,"victory":false,"max_hp_per_floor":[66,66,66,66,71,71,71,71,71,71,71,71,71,71,71,71,71,71,71,71,71,71,71,71,71,71,71,71,71,71,49,49,49,49,49,49,49,49,49,49,49,49,49,49,49,49,49,49,49,49,49,49,49,49,49,49],"card_choices":[{"not_picked":["Backflip","Expertise"],"picked":"Slice","floor":1.0},{"not_picked":["Cloak And Dagger","Heel Hook"],"picked":"Dash","floor":2.0},{"not_picked":["Deadly Poison","Acrobatics"],"picked":"Leg Sweep","floor":3.0},{"not_picked":["Acrobatics","Predator"],"picked":"Noxious Fumes","floor":4.0},{"not_picked":["Sucker Punch","Finisher"],"picked":"Malaise","floor":7.0},{"not_picked":["PiercingWail","Slice"],"picked":"Dagger Spray","floor":8.0},{"not_picked":["Slice","Outmaneuver"],"picked":"Infinite Blades","floor":13.0},{"not_picked":["Slice","Flechettes"],"picked":"Choke","floor":14.0},{"not_picked":["Envenom","Storm of Steel"],"picked":"Adrenaline","floor":16.0},{"not_picked":["Outmaneuver","Finisher","Distraction"],"picked":"SKIP","floor":18.0},{"not_picked":["Prepared","Setup+1"],"picked":"Dagger Spray","floor":21.0},{"not_picked":["Masterful Stab","Dagger Throw"],"picked":"Escape Plan","floor":22.0},{"not_picked":["Dash","Calculated Gamble"],"picked":"Dodge and Roll","floor":24.0},{"not_picked":["Deflect+1","Prepared","Bullet Time"],"picked":"SKIP","floor":25.0},{"not_picked":["Unload+1","Deadly Poison"],"picked":"Sucker Punch+1","floor":28.0},{"not_picked":["Bane+1","Deflect"],"picked":"Calculated Gamble+1","floor":29.0},{"not_picked":["Escape Plan","Deadly Poison"],"picked":"Acrobatics","floor":30.0},{"not_picked":["Night Terror","Phantasmal Killer"],"picked":"Doppelganger","floor":33.0},{"not_picked":["Infinite Blades","Slice+1"],"picked":"Backflip+1","floor":35.0},{"not_picked":["Sucker Punch+1","Cloak And Dagger","Flying Knee+1"],"picked":"SKIP","floor":36.0},{"not_picked":["Concentrate","Prepared","Dagger Throw+1"],"picked":"SKIP","floor":39.0},{"not_picked":["Masterful Stab+1","Infinite Blades","Acrobatics"],"picked":"SKIP","floor":41.0},{"not_picked":["Leg Sweep","Sucker Punch+1"],"picked":"Reflex","floor":44.0},{"not_picked":["Slice+1","Acrobatics"],"picked":"Adrenaline","floor":45.0},{"not_picked":["Outmaneuver+1","All Out Attack+1"],"picked":"Tactician","floor":46.0},{"not_picked":["Expertise+1","Poisoned Stab+1"],"picked":"Quick Slash+1","floor":47.0},{"not_picked":["Slice+1","Calculated Gamble","Venomology"],"picked":"SKIP","floor":48.0},{"not_picked":["Acrobatics","Flying Knee+1","Poisoned Stab+1"],"picked":"SKIP","floor":55}],"player_experience":890060,"relics_obtained":[{"floor":8.0,"key":"Shuriken"},{"floor":9.0,"key":"War Paint"},{"floor":14.0,"key":"Sundial"},{"floor":22.0,"key":"Red Mask"},{"floor":24.0,"key":"Turnip"},{"floor":26.0,"key":"Molten Egg 2"},{"floor":28.0,"key":"Ornamental Fan"},{"floor":41.0,"key":"Orichalcum"},{"floor":48.0,"key":"Snake Skull"},{"floor":55,"key":"Kunai"}],"event_choices":[{"damage_healed":0.0,"max_hp_gain":5.0,"max_hp_loss":0.0,"gold_gain":0.0,"event_name":"Big Fish","player_choice":"Donut","floor":5.0,"gold_loss":0.0,"damage_taken":0.0},{"damage_healed":0.0,"max_hp_gain":0.0,"max_hp_loss":0.0,"gold_gain":0.0,"event_name":"Back to Basics","player_choice":"Simplicity","floor":19.0,"gold_loss":0.0,"damage_taken":0.0,"cards_upgraded":["Strike_G","Strike_G","Strike_G","Strike_G","Strike_G","Defend_G","Defend_G","Defend_G","Defend_G"]},{"damage_healed":0.0,"max_hp_gain":0.0,"max_hp_loss":0.0,"gold_gain":0.0,"event_name":"Addict","player_choice":"Obtained Relic","floor":20.0,"gold_loss":85.0,"damage_taken":0.0,"relics_obtained":["Vajra"]},{"damage_healed":0.0,"max_hp_gain":0.0,"max_hp_loss":0.0,"gold_gain":0.0,"event_name":"Masked Bandits","player_choice":"Fought Bandits","floor":22.0,"gold_loss":0.0,"damage_taken":0.0},{"damage_healed":0.0,"max_hp_gain":0.0,"max_hp_loss":22.0,"gold_gain":0.0,"event_name":"Vampires","player_choice":"Became a vampire","floor":31.0,"gold_loss":0.0,"damage_taken":0.0,"cards_obtained":["Bite","Bite","Bite","Bite","Bite"]},{"damage_healed":0.0,"max_hp_gain":0.0,"max_hp_loss":0.0,"gold_gain":222.0,"event_name":"Tomb of Lord Red Mask","player_choice":"Wore Mask","floor":37.0,"gold_loss":0.0,"damage_taken":0.0}],"is_beta":false,"boss_relics":[{"not_picked":["Ring of the Serpent","White Beast Statue"],"picked":"HoveringKite"},{"not_picked":["Velvet Choker","Empty Cage"],"picked":"Coffee Dripper"}],"items_purged_floors":[],"is_endless":false,"potions_floor_spawned":[2,8,13,14,18,21,29,33,36,41,46,55],"killed_by":"The Heart","ascension_level":20}