{"gold_per_floor":[114,134,134,161,181,209,209,237,237,237,267,280,308,321,321,395,395,395,183,183,183,183,183,183],"floor_reached":24,"playtime":852,"items_purged":[],"score":492,"play_id":"fbc72218-2313-44ed-8e84-c7122808914d","local_time":"20190516184932","is_ascension_mode":true,"campfire_choices":[{"data":"Zap","floor":7,"key":"SMITH"},{"data":"Hologram","floor":10,"key":"SMITH"},{"floor":15,"key":"REST"}],"neow_cost":"NONE","seed_source_timestamp":1665162851523218,"circlet_count":0,"master_deck":["AscendersBane","Strike_B","Strike_B","Strike_B+1","Strike_B+1","Defend_B","Defend_B","Defend_B","Defend_B","Zap+1","Dualcast","Streamline","Cold Snap","Hologram+1","Biased Cognition","Cold Snap","Conserve Battery","Self Repair","Leap","Electrodynamics","Ball Lightning","Clothesline"],"special_seed":0,"relics":["Cracked Core","Lantern","Whetstone","Letter Opener","Torii","Strawberry","Question Card","Ectoplasm","PrismaticShard","Unceasing Top","FossilizedHelix"],"potions_floor_usage":[6,13,18,23,24],"damage_taken":[{"damage":0.0,"enemies":"2 Louse","floor":1.0,"turns":2.0},{"damage":2.0,"enemies":"Jaw Worm","floor":2.0,"turns":3.0},{"damage":0,"enemies":"Cultist","floor":5,"turns":2},{"damage":8,"enemies":"Gremlin Nob","floor":6,"turns":3},{"damage":13,"enemies":"3 Sentries","floor":8,"turns":4},{"damage":17,"enemies":"Lagavulin","floor":11,"turns":6},{"damage":7,"enemies":"Lots of Slimes","floor":12,"turns":3},{"damage":11,"enemies":"Gremlin Nob","floor":13,"turns":4},{"damage":7,"enemies":"2 Fungi Beasts","floor":14,"turns":2},{"damage":15,"enemies":"The Guardian","floor":16,"turns":14},{"damage":0,"enemies":"2 Thieves","floor":18,"turns":1},{"damage":1,"enemies":"Chosen","floor":20,"turns":4},{"damage":1,"enemies":"3 Cultists","floor":22,"turns":4},{"damage":65,"enemies":"Book of Stabbing","floor":23,"turns":7},{"damage":21,"enemies":"Chosen and Byrds","floor":24,"turns":3}],"seed_played":"-2167035354503249661","potions_obtained":[{"floor":1.0,"key":"Poison Potion"},{"floor":8,"key":"Block Potion"},{"floor":12,"key":"SmokeBomb"},{"floor":16,"key":"Swift Potion"},{"floor":20,"key":"Block Potion"}],"is_trial":false,"path_per_floor":["M","M","?","T","M","E","R","E","T","R","E","M","E","M","R","B",null,"M","$","M","?","M","E","M"],"character_chosen":"DEFECT","items_purchased":["PrismaticShard"],"campfire_rested":1,"item_purchase_floors":[19],"current_hp_per_floor":[64,62,62,62,62,54,54,41,41,41,31,24,13,13,36,28,66,73,73,78,78,78,20,0],"gold":183,"neow_bonus":"ONE_RANDOM_RARE_CARD","is_prod":false,"is_daily":false,"chose_seed":false,"campfire_upgraded":2,"win_rate":0,"timestamp":1558046972,"path_taken":["M","M","?","?","M","E","R","E","T","R","E","M","E","M","R","BOSS","M","$","M","?","?","E","M"],"build_version":"2019-01-23","purchased_purges":0,"victory":false,"max_hp_per_floor":[71,71,71,71,71,71,71,71,71,71,78,78,78,78,78,78,78,78,78,78,78,78,78,78],"card_choices":[{"not_picked":["Aggregate","Chill"],"picked":"Streamline","floor":1.0},{"not_picked":["Go for the Eyes","Sweeping Beam"],"picked":"Cold Snap","floor":2.0},{"not_picked":["Rebound","Sweeping Beam"],"picked":"Hologram","floor":5},{"not_picked":["Recycle","Capacitor"],"picked":"Biased Cognition","floor":6},{"not_picked":["Compile Driver","Undo"],"picked":"Cold Snap","floor":8},{"not_picked":["Hello World","Force Field"],"picked":"Conserve Battery","floor":11},{"not_picked":["Doom and Gloom","Hologram","Compile Driver"],"picked":"SKIP","floor":12},{"not_picked":["Conserve Battery","Sunder"],"picked":"Self Repair","floor":13},{"not_picked":["Gash","Hologram","Genetic Algorithm"],"picked":"Leap","floor":14},{"not_picked":["Fission","Buffer","Core Surge"],"picked":"Electrodynamics","floor":16},{"not_picked":["Barrage","Sweeping Beam+1","Deep Breath"],"picked":"Ball Lightning","floor":20},{"not_picked":["True Grit","Outmaneuver+1","Redo+1"],"picked":"Clothesline","floor":22},{"not_picked":["Prepared","Quick Slash","Slice","True Grit"],"picked":"SKIP","floor":23}],"player_experience":688068,"relics_obtained":[{"floor":4.0,"key":"Lantern"},{"floor":6,"key":"Whetstone"},{"floor":8,"key":"Letter Opener"},{"floor":9,"key":"Torii"},{"floor":11,"key":"Strawberry"},{"floor":13,"key":"Question Card"},{"floor":23,"key":"FossilizedHelix"}],"event_choices":[{"damage_healed":0.0,"max_hp_gain":0.0,"max_hp_loss":0.0,"gold_gain":0.0,"event_name":"Golden Idol","player_choice":"Ignored","floor":3.0,"gold_loss":0.0,"damage_taken":0.0},{"cards_removed":["Hyperbeam"],"damage_healed":0,"gold_gain":0,"player_choice":"Gave Card","damage_taken":0,"relics_obtained":["Unceasing Top"],"max_hp_gain":0,"max_hp_loss":0,"event_name":"WeMeetAgain","floor":21,"gold_loss":0}],"is_beta":false,"boss_relics":[{"not_picked":["Inserter","Nuclear Battery"],"picked":"Ectoplasm"}],"items_purged_floors":[],"is_endless":false,"potions_floor_spawned":[1,8,12,16,20,22],"killed_by":"Chosen and Byrds","ascension_level":20}