{"gold_per_floor":[114,114,132,207,221,221,221,221,221,249,267,282,282,282],"floor_reached":14,"playtime":338,"items_purged":[],"score":180,"play_id":"ed4c4d46-76c0-4dd8-8c90-348db6afff57","local_time":"20190707173426","is_ascension_mode":true,"campfire_choices":[{"floor":6.0,"key":"REST"},{"data":"Neutralize","floor":8.0,"key":"SMITH"},{"floor":13.0,"key":"REST"}],"neow_cost":"NONE","seed_source_timestamp":0,"circlet_count":0,"master_deck":["AscendersBane","Strike_G","Strike_G+1","Strike_G","Strike_G","Strike_G","Defend_G","Defend_G+1","Defend_G","Defend_G","Defend_G","Survivor","Neutralize+1","Tools of the Trade+1","Poisoned Stab","Flying Knee","Slice","Catalyst","Footwork","Deflect"],"special_seed":0,"relics":["Ring of the Snake","Mummified Hand","Lantern"],"potions_floor_usage":[14,14],"damage_taken":[{"damage":2.0,"enemies":"2 Louse","floor":1.0,"turns":5.0},{"damage":0.0,"enemies":"Jaw Worm","floor":3.0,"turns":4.0},{"damage":2.0,"enemies":"Small Slimes","floor":5.0,"turns":3.0},{"damage":19.0,"enemies":"Lagavulin","floor":10.0,"turns":7.0},{"damage":13.0,"enemies":"Red Slaver","floor":11.0,"turns":4.0},{"damage":0.0,"enemies":"2 Fungi Beasts","floor":12.0,"turns":3.0},{"damage":24,"enemies":"3 Sentries","floor":14,"turns":6}],"seed_played":"-6586491930274108001","potions_obtained":[{"floor":5.0,"key":"AttackPotion"},{"floor":10.0,"key":"SteroidPotion"},{"floor":11.0,"key":"SteroidPotion"}],"is_trial":false,"path_per_floor":["M","?","M","?","M","R","?","R","T","E","M","M","R","E"],"character_chosen":"THE_SILENT","items_purchased":[],"campfire_rested":2,"item_purchase_floors":[],"current_hp_per_floor":[57,37,37,26,24,43,43,43,43,24,11,11,30,6],"gold":282,"neow_bonus":"ONE_RANDOM_RARE_CARD","is_prod":false,"is_daily":false,"chose_seed":false,"campfire_upgraded":1,"win_rate":0,"timestamp":1562517266,"path_taken":["M","?","M","?","M","R","?","R","T","E","M","?","R","E"],"build_version":"2019-07-05","purchased_purges":0,"victory":false,"max_hp_per_floor":[66,66,66,66,66,66,66,66,66,66,66,66,66,66],"card_choices":[{"not_picked":["Blade Dance","Infinite Blades"],"picked":"Poisoned Stab","floor":1.0},{"not_picked":["Concentrate","Deadly Poison"],"picked":"Flying Knee","floor":3.0},{"not_picked":["Sucker Punch","Setup"],"picked":"Slice","floor":5.0},{"not_picked":["Flying Knee","PiercingWail"],"picked":"Catalyst","floor":10.0},{"not_picked":["Setup","Outmaneuver"],"picked":"Footwork","floor":11.0},{"not_picked":["Tactician","Reflex"],"picked":"Deflect","floor":12.0}],"player_experience":1543880,"relics_obtained":[{"floor":9.0,"key":"Mummified Hand"},{"floor":10.0,"key":"Lantern"}],"event_choices":[{"damage_healed":0.0,"max_hp_gain":0.0,"max_hp_loss":0.0,"gold_gain":0.0,"event_name":"Shining Light","player_choice":"Entered Light","floor":2.0,"gold_loss":0.0,"damage_taken":20.0,"cards_upgraded":["Strike_G","Defend_G"]},{"damage_healed":0.0,"max_hp_gain":0.0,"max_hp_loss":0.0,"gold_gain":75.0,"event_name":"World of Goop","player_choice":"Gather Gold","floor":4.0,"gold_loss":0.0,"damage_taken":11.0},{"damage_healed":0.0,"max_hp_gain":0.0,"max_hp_loss":0.0,"gold_gain":0.0,"event_name":"Upgrade Shrine","player_choice":"Upgraded","floor":7.0,"gold_loss":0.0,"damage_taken":0.0,"cards_upgraded":["Tools of the Trade"]}],"is_beta":false,"boss_relics":[],"items_purged_floors":[],"is_endless":false,"potions_floor_spawned":[5,10,11],"killed_by":"3 Sentries","ascension_level":20}