{"gold_per_floor":[114,114,131,147,167,167,181,208,208,208,208,234,246,289,301,313],"floor_reached":16,"playtime":618,"items_purged":[],"score":240,"play_id":"57e32fb5-bbb8-414d-a80c-4503e511dbba","local_time":"20190522132627","is_ascension_mode":true,"campfire_choices":[{"data":"Uppercut","floor":6.0,"key":"SMITH"},{"data":"Anger","floor":10.0,"key":"SMITH"},{"floor":13.0,"key":"REST"},{"data":"Bloodletting","floor":15.0,"key":"SMITH"}],"neow_cost":"PERCENT_DAMAGE","seed_source_timestamp":67542969030700,"circlet_count":0,"master_deck":["AscendersBane","Strike_R","Strike_R","Strike_R","Strike_R","Strike_R","Defend_R","Defend_R","Defend_R","Defend_R","Bash","Whirlwind+1","Anger+1","Shrug It Off","Uppercut+1","Bloodletting+1","Second Wind","Reaper","Dropkick"],"special_seed":0,"relics":["Burning Blood","Unceasing Top","Self Forming Clay","Smiling Mask","MawBank","Bottled Lightning"],"potions_floor_usage":[],"damage_taken":[{"damage":3.0,"enemies":"2 Louse","floor":1.0,"turns":5.0},{"damage":15.0,"enemies":"Small Slimes","floor":3.0,"turns":4.0},{"damage":2.0,"enemies":"Cultist","floor":4.0,"turns":4.0},{"damage":13.0,"enemies":"Looter","floor":5.0,"turns":4.0},{"damage":3.0,"enemies":"Exordium Thugs","floor":7.0,"turns":4.0},{"damage":25.0,"enemies":"Gremlin Nob","floor":8.0,"turns":4.0},{"damage":10.0,"enemies":"Lagavulin","floor":12.0,"turns":6.0},{"damage":29.0,"enemies":"Gremlin Nob","floor":14.0,"turns":4.0},{"damage":36,"enemies":"The Guardian","floor":16,"turns":5}],"seed_played":"-2307966721854171590","potions_obtained":[{"floor":3.0,"key":"AttackPotion"},{"floor":4.0,"key":"Ancient Potion"},{"floor":8.0,"key":"Swift Potion"}],"is_trial":false,"path_per_floor":["M","?","M","M","M","R","M","E","T","R","?","E","R","E","R","B"],"character_chosen":"IRONCLAD","items_purchased":[],"campfire_rested":1,"item_purchase_floors":[],"current_hp_per_floor":[53,58,49,53,46,46,49,30,30,30,30,26,50,31,31,0],"gold":313,"neow_bonus":"ONE_RARE_RELIC","is_prod":false,"is_daily":false,"chose_seed":false,"campfire_upgraded":3,"win_rate":0,"timestamp":1558527987,"path_taken":["M","?","M","M","M","R","M","E","T","R","?","E","R","E","R","BOSS"],"build_version":"2019-01-23","purchased_purges":0,"victory":false,"max_hp_per_floor":[75,80,80,80,80,80,80,80,80,80,80,80,80,80,80,80],"card_choices":[{"not_picked":["Flex","Heavy Blade"],"picked":"Whirlwind","floor":1.0},{"not_picked":["Flex","Shrug It Off"],"picked":"Anger","floor":3.0},{"not_picked":["Armaments","Thunderclap"],"picked":"Shrug It Off","floor":4.0},{"not_picked":["Searing Blow","Twin Strike"],"picked":"Uppercut","floor":5.0},{"not_picked":["Battle Trance","Cleave"],"picked":"Bloodletting","floor":7.0},{"not_picked":["Infernal Blade","Thunderclap"],"picked":"Second Wind","floor":8.0},{"not_picked":["True Grit","Perfected Strike"],"picked":"Reaper","floor":12.0},{"not_picked":["Entrench","Seeing Red"],"picked":"Dropkick","floor":14.0}],"player_experience":1378665,"relics_obtained":[{"floor":8.0,"key":"Self Forming Clay"},{"floor":9.0,"key":"Smiling Mask"},{"floor":12.0,"key":"MawBank"},{"floor":14.0,"key":"Bottled Lightning"}],"event_choices":[{"damage_healed":0.0,"max_hp_gain":5.0,"max_hp_loss":0.0,"gold_gain":0.0,"event_name":"Big Fish","player_choice":"Donut","floor":2.0,"gold_loss":0.0,"damage_taken":0.0},{"damage_healed":0.0,"max_hp_gain":0.0,"max_hp_loss":0.0,"gold_gain":0.0,"event_name":"Upgrade Shrine","player_choice":"Upgraded","floor":11.0,"gold_loss":0.0,"damage_taken":0.0,"cards_upgraded":["Whirlwind"]}],"is_beta":false,"boss_relics":[],"items_purged_floors":[],"is_endless":false,"potions_floor_spawned":[3,4,5,8],"killed_by":"The Guardian","ascension_level":20}