{"gold_per_floor":[109,122,122,122,122,152,152,152,152,152,178,204,219,235,235,337,337,351,107,89,36,49,49],"floor_reached":23,"playtime":1210,"items_purged":[],"score":199,"play_id":"e3f7d124-9cc0-49a6-abfb-0784f85e5475","local_time":"20180706214437","is_ascension_mode":false,"campfire_choices":[{"floor":8,"key":"REST"},{"floor":10,"key":"REST"},{"floor":15,"key":"REST"}],"neow_cost":"","seed_source_timestamp":5825193939848507,"circlet_count":0,"master_deck":["Defend_G","Defend_G","Defend_G","Defend_G","Defend_G","Strike_G+1","Strike_G","Strike_G","Strike_G","Survivor","Neutralize","Deadly Poison+1","Sucker Punch","Bane","Dagger Throw","Flying Knee","Footwork","Quick Slash","Dodge and Roll","Poisoned Stab","A Thousand Cuts","Riddle With Holes","Dagger Throw","Riddle With Holes","Leg Sweep","Reflex","Noxious Fumes","Quick Slash+1","Poisoned Stab","Tactician"],"relics":["Ring of the Snake","Blood Vial","Dream Catcher","Orichalcum","Bronze Scales","Orrery","Mummified Hand"],"potions_floor_usage":[],"damage_taken":[{"damage":0,"enemies":"Cultist","floor":1,"turns":5},{"damage":7,"enemies":"Small Slimes","floor":2,"turns":5},{"damage":18,"enemies":"Gremlin Nob","floor":6,"turns":5},{"damage":21,"enemies":"3 Sentries","floor":12,"turns":11},{"damage":0,"enemies":"Jaw Worm","floor":13,"turns":3},{"damage":0,"enemies":"2 Fungi Beasts","floor":14,"turns":4},{"damage":38,"enemies":"Slime Boss","floor":16,"turns":13},{"damage":6,"enemies":"Shell Parasite","floor":18,"turns":6},{"damage":27,"enemies":"2 Thieves","floor":20,"turns":4},{"damage":26,"enemies":"Snake Plant","floor":22,"turns":5},{"damage":18,"enemies":"Book of Stabbing","floor":23,"turns":5}],"seed_played":"8821764740807206629","potions_obtained":[{"floor":1,"key":"FearPotion"},{"floor":2,"key":"Dexterity Potion"},{"floor":13,"key":"FearPotion"}],"is_trial":false,"path_per_floor":["M","M","$","?","?","E","?","R","T","R","T","E","M","M","R","B",null,"M","$","M","$","M"],"character_chosen":"THE_SILENT","items_purchased":["Mummified Hand","Poisoned Stab"],"campfire_rested":3,"item_purchase_floors":[19,21],"current_hp_per_floor":[70,63,63,63,63,45,31,52,52,70,70,49,51,53,70,32,70,64,64,39,39,15,0],"gold":49,"neow_bonus":"","is_prod":false,"is_daily":false,"chose_seed":false,"campfire_upgraded":0,"win_rate":0.0,"timestamp":1530927877,"path_taken":["M","M","$","?","?","E","?","R","T","R","?","E","M","M","R","BOSS","M","$","M","$","M","E"],"build_version":"2018-07-05","purchased_purges":0,"victory":false,"max_hp_per_floor":[70,70,70,70,70,70,70,70,70,70,70,70,70,70,70,70,70,70,70,70,70,70,70],"card_choices":[{"not_picked":["Bouncing Flask","Acrobatics"],"picked":"Deadly Poison","floor":1},{"not_picked":["Predator","Deflect"],"picked":"Sucker Punch","floor":2},{"not_picked":["Dash","Dodge and Roll"],"picked":"Dagger Throw","floor":6},{"not_picked":["Outmaneuver","Riddle With Holes"],"picked":"Flying Knee","floor":10},{"not_picked":["Prepared","Endless Agony"],"picked":"Footwork","floor":12},{"not_picked":["Acrobatics","Dodge and Roll"],"picked":"Quick Slash","floor":13},{"not_picked":["Tools of the Trade","Eviscerate"],"picked":"Dodge and Roll","floor":14},{"not_picked":["Backflip","Dagger Throw"],"picked":"Poisoned Stab","floor":15},{"not_picked":["Bullet Time","Phantasmal Killer"],"picked":"A Thousand Cuts","floor":16},{"not_picked":["Escape Plan","Deflect"],"picked":"Riddle With Holes","floor":17},{"not_picked":["Prepared","Caltrops"],"picked":"Dagger Throw","floor":17},{"not_picked":["PiercingWail","Prepared"],"picked":"Riddle With Holes","floor":17},{"not_picked":["Malaise","Well Laid Plans"],"picked":"Leg Sweep","floor":17},{"not_picked":["Deflect","Heel Hook"],"picked":"Reflex","floor":17},{"not_picked":["Riddle With Holes","Bane"],"picked":"Noxious Fumes","floor":18},{"not_picked":["Endless Agony","Flying Knee+1"],"picked":"Quick Slash+1","floor":20},{"not_picked":["Slice","Choke"],"picked":"Tactician","floor":22}],"player_experience":76628,"relics_obtained":[{"floor":6,"key":"Blood Vial"},{"floor":9,"key":"Dream Catcher"},{"floor":11,"key":"Orichalcum"},{"floor":12,"key":"Bronze Scales"}],"event_choices":[{"event_name":"Living Wall","player_choice":"Change","floor":4,"damage_taken":0},{"event_name":"Liars Game","player_choice":"disagreed","floor":5,"damage_taken":0},{"event_name":"Shining Light","player_choice":"Entered Light","floor":7,"damage_taken":0}],"boss_relics":[{"not_picked":["Eternal Feather","Fusion Hammer"],"picked":"Orrery"}],"items_purged_floors":[],"is_endless":false,"potions_floor_spawned":[1,2,13],"killed_by":"Book of Stabbing","ascension_level":0}