{"gold_per_floor":[119,194,194,159,159,159,104,104,104,130,149,162,174,199,199,270,320,337,351,6,19,69,69],"floor_reached":23,"playtime":587,"items_purged":["Strike_G"],"score":448,"play_id":"fe0dcc75-f6e6-45b8-8a2d-d1bf39e7ae48","local_time":"20190615201459","is_ascension_mode":true,"campfire_choices":[{"data":"Neutralize","floor":6,"key":"SMITH"},{"data":"Sucker Punch","floor":8,"key":"SMITH"},{"data":"Caltrops","floor":15,"key":"SMITH"}],"neow_cost":"NONE","seed_source_timestamp":4262048884750589,"circlet_count":0,"master_deck":["AscendersBane","Defend_G","Defend_G","Defend_G+1","Defend_G","Defend_G","Strike_G","Strike_G","Strike_G","Survivor","Neutralize+1","Dagger Spray","Sucker Punch+1","Dash","Accuracy","Blade Dance","Caltrops+1","Glass Knife","Flying Knee","Terror+1","Sucker Punch","Noxious Fumes","Backflip","A Thousand Cuts"],"relics":["Ring of the Snake","NeowsBlessing","Ninja Scroll","Centennial Puzzle","Pen Nib","Tiny House","Bronze Scales"],"potions_floor_usage":[19,23],"damage_taken":[{"damage":0,"enemies":"2 Louse","floor":1,"turns":1},{"damage":0,"enemies":"3 Sentries","floor":10,"turns":1},{"damage":0,"enemies":"Small Slimes","floor":11,"turns":1},{"damage":0,"enemies":"Jaw Worm","floor":12,"turns":3},{"damage":0,"enemies":"Lots of Slimes","floor":13,"turns":1},{"damage":10,"enemies":"Lagavulin","floor":14,"turns":5},{"damage":16,"enemies":"The Guardian","floor":16,"turns":13},{"damage":16,"enemies":"Spheric Guardian","floor":18,"turns":4},{"damage":12,"enemies":"2 Thieves","floor":19,"turns":4},{"damage":22,"enemies":"Cultist and Chosen","floor":21,"turns":6},{"damage":24,"enemies":"Book of Stabbing","floor":23,"turns":3}],"seed_played":"8530633452474774283","potions_obtained":[{"floor":11,"key":"Energy Potion"},{"floor":13,"key":"Poison Potion"},{"floor":17,"key":"PowerPotion"}],"is_trial":false,"path_per_floor":["M","?","?","?","?","R","$","R","T","E","M","M","M","E","R","B",null,"M","M","$","M","?","E"],"character_chosen":"THE_SILENT","items_purchased":["Sucker Punch","Noxious Fumes","Bronze Scales","Backflip"],"campfire_rested":0,"item_purchase_floors":[7,20,20,20],"current_hp_per_floor":[59,48,41,57,57,57,57,57,57,57,57,57,57,47,47,31,62,46,34,34,12,12,0],"gold":69,"neow_bonus":"THREE_ENEMY_KILL","is_prod":false,"is_daily":false,"chose_seed":false,"campfire_upgraded":3,"win_rate":0,"timestamp":1560644099,"path_taken":["M","?","?","?","?","R","$","R","T","E","M","?","M","E","R","BOSS","M","?","$","M","?","E"],"build_version":"2019-01-23","purchased_purges":1,"victory":false,"max_hp_per_floor":[66,66,66,66,66,66,66,66,66,66,66,66,66,66,66,66,71,71,71,71,71,71,71],"card_choices":[{"not_picked":["Deadly Poison","Bouncing Flask"],"picked":"Dagger Spray","floor":1},{"not_picked":["Poisoned Stab","Acrobatics"],"picked":"Dash","floor":10},{"not_picked":["Catalyst","Backflip"],"picked":"Accuracy","floor":11},{"not_picked":["Endless Agony","Finisher"],"picked":"Blade Dance","floor":12},{"not_picked":["PiercingWail","Slice","Masterful Stab"],"picked":"SKIP","floor":13},{"not_picked":["Sucker Punch","Prepared"],"picked":"Caltrops","floor":14},{"not_picked":["Venomology","Tools of the Trade"],"picked":"Glass Knife","floor":16},{"not_picked":["Poisoned Stab","Skewer"],"picked":"Flying Knee","floor":17},{"not_picked":["Sucker Punch","Quick Slash"],"picked":"Terror+1","floor":18},{"not_picked":["Quick Slash","Outmaneuver"],"picked":"Sucker Punch","floor":19},{"not_picked":["Caltrops","Slice"],"picked":"A Thousand Cuts","floor":21}],"player_experience":740326,"relics_obtained":[{"floor":9,"key":"Ninja Scroll"},{"floor":10,"key":"Centennial Puzzle"},{"floor":14,"key":"Pen Nib"}],"event_choices":[{"damage_healed":0,"gold_gain":75,"player_choice":"Gather Gold","damage_taken":11,"max_hp_gain":0,"max_hp_loss":0,"event_name":"World of Goop","floor":2,"gold_loss":0},{"cards_removed":["Strike_G"],"damage_healed":0,"gold_gain":0,"player_choice":"Card Removal","damage_taken":7,"max_hp_gain":0,"max_hp_loss":0,"event_name":"Golden Wing","floor":3,"gold_loss":0},{"damage_healed":16,"gold_gain":0,"player_choice":"Healed","damage_taken":0,"max_hp_gain":0,"max_hp_loss":0,"event_name":"The Cleric","floor":4,"gold_loss":35},{"damage_healed":0,"gold_gain":0,"player_choice":"Ignored","damage_taken":0,"max_hp_gain":0,"max_hp_loss":0,"event_name":"Liars Game","floor":5,"gold_loss":0},{"damage_healed":0,"gold_gain":50,"player_choice":"Stole From Cult","damage_taken":0,"max_hp_gain":0,"max_hp_loss":0,"event_name":"Nest","floor":22,"gold_loss":0}],"is_beta":false,"boss_relics":[{"not_picked":["Empty Cage","HoveringKite"],"picked":"Tiny House"}],"items_purged_floors":[20],"is_endless":false,"potions_floor_spawned":[11,13,14,18],"killed_by":"Book of Stabbing","ascension_level":20}