{"gold_per_floor":[119,139,60,60,60,95,105,105,130,130,130,155,171,188,188,188],"floor_reached":16,"playtime":371,"items_purged":[],"score":270,"play_id":"6eabd5d2-cc02-4784-929f-79108eda8a2e","local_time":"20190610202907","is_ascension_mode":true,"campfire_choices":[{"data":"Neutralize","floor":8,"key":"SMITH"},{"data":"Cloak And Dagger","floor":10,"key":"SMITH"},{"data":"Wraith Form v2","floor":15,"key":"SMITH"}],"neow_cost":"NONE","seed_source_timestamp":3831225515453958,"circlet_count":0,"master_deck":["AscendersBane","Defend_G","Defend_G","Defend_G","Defend_G","Defend_G","Strike_G","Strike_G","Strike_G","Strike_G","Strike_G","Survivor","Neutralize+1","Cloak And Dagger+1","Dash","Infinite Blades","Crippling Poison","Sucker Punch","Wraith Form v2+1","Predator"],"relics":["Ring of the Snake","NeowsBlessing","Smiling Mask","Bag of Preparation","Omamori"],"potions_floor_usage":[12,16,16],"damage_taken":[{"damage":0,"enemies":"Small Slimes","floor":1,"turns":1},{"damage":0,"enemies":"Cultist","floor":2,"turns":1},{"damage":0,"enemies":"Lagavulin","floor":6,"turns":1},{"damage":5,"enemies":"Jaw Worm","floor":7,"turns":5},{"damage":27,"enemies":"Gremlin Nob","floor":12,"turns":4},{"damage":1,"enemies":"Exordium Wildlife","floor":13,"turns":3},{"damage":13,"enemies":"Large Slime","floor":14,"turns":8},{"damage":21,"enemies":"Hexaghost","floor":16,"turns":10}],"seed_played":"-8139947932366191124","potions_obtained":[{"floor":2,"key":"Fire Potion"},{"floor":5,"key":"GhostInAJar"},{"floor":13,"key":"Strength Potion"}],"is_trial":false,"path_per_floor":["M","M","$","?","?","E","M","R","T","R","?","E","M","M","R","B"],"character_chosen":"THE_SILENT","items_purchased":["Infinite Blades"],"campfire_rested":0,"item_purchase_floors":[3],"current_hp_per_floor":[59,59,59,59,59,59,54,54,54,54,59,32,31,18,18,0],"gold":188,"neow_bonus":"THREE_ENEMY_KILL","is_prod":false,"is_daily":false,"chose_seed":false,"campfire_upgraded":3,"win_rate":0,"timestamp":1560212947,"path_taken":["M","M","$","?","?","E","?","R","T","R","?","E","M","M","R","BOSS"],"build_version":"2019-01-23","purchased_purges":0,"victory":false,"max_hp_per_floor":[66,66,66,66,66,66,66,66,66,66,71,71,71,71,71,71],"card_choices":[{"not_picked":["Crippling Poison","Acrobatics"],"picked":"Cloak And Dagger","floor":1},{"not_picked":["Deadly Poison","Slice"],"picked":"Dash","floor":2},{"not_picked":["Dagger Throw","Deflect"],"picked":"Crippling Poison","floor":6},{"not_picked":["Dodge and Roll","Distraction"],"picked":"Sucker Punch","floor":7},{"not_picked":["Expertise","Flying Knee"],"picked":"Wraith Form v2","floor":12},{"not_picked":["Escape Plan","Bane"],"picked":"Predator","floor":13},{"not_picked":["Outmaneuver","PiercingWail","Eviscerate"],"picked":"SKIP","floor":14}],"player_experience":727495,"relics_obtained":[{"floor":6,"key":"Smiling Mask"},{"floor":9,"key":"Bag of Preparation"},{"floor":12,"key":"Omamori"}],"event_choices":[{"damage_healed":0,"gold_gain":0,"player_choice":"Ignored","damage_taken":0,"max_hp_gain":0,"max_hp_loss":0,"event_name":"Liars Game","floor":4,"gold_loss":0},{"damage_healed":0,"gold_gain":0,"player_choice":"Got Potions","damage_taken":0,"max_hp_gain":0,"max_hp_loss":0,"event_name":"Lab","floor":5,"gold_loss":0},{"damage_healed":0,"gold_gain":0,"player_choice":"Donut","damage_taken":0,"max_hp_gain":5,"max_hp_loss":0,"event_name":"Big Fish","floor":11,"gold_loss":0}],"is_beta":false,"boss_relics":[],"items_purged_floors":[],"is_endless":false,"potions_floor_spawned":[2,13,14],"killed_by":"Hexaghost","ascension_level":20}