{"gold_per_floor":[112,112,112,122,122,152,152,152],"floor_reached":8,"playtime":188,"items_purged":[],"score":108,"play_id":"69c59a72-6040-4fa1-96d2-df5f8078cff3","local_time":"20190702204419","is_ascension_mode":true,"campfire_choices":[{"data":"Terror","floor":7,"key":"SMITH"}],"neow_cost":"NONE","seed_source_timestamp":5732709051928476,"circlet_count":0,"master_deck":["AscendersBane","Strike_G","Strike_G","Strike_G","Strike_G","Defend_G","Defend_G","Defend_G","Defend_G","Defend_G","Survivor","Neutralize+1","Crippling Poison","Noxious Fumes","Terror+1"],"special_seed":0,"relics":["Ring of the Snake","Juzu Bracelet","Bronze Scales","Strawberry"],"potions_floor_usage":[6],"damage_taken":[{"damage":2.0,"enemies":"Small Slimes","floor":1.0,"turns":4.0},{"damage":0.0,"enemies":"Cultist","floor":4.0,"turns":4.0},{"damage":9,"enemies":"Lagavulin","floor":6,"turns":8},{"damage":58,"enemies":"Gremlin Nob","floor":8,"turns":4}],"seed_played":"-1108267376414243962","potions_obtained":[{"floor":1.0,"key":"Dexterity Potion"}],"is_trial":false,"path_per_floor":["M","?","?","M","?","E","R","E"],"character_chosen":"THE_SILENT","items_purchased":[],"campfire_rested":0,"item_purchase_floors":[],"current_hp_per_floor":[57,57,50,50,45,43,43,0],"gold":152,"neow_bonus":"RANDOM_COMMON_RELIC","is_prod":false,"is_daily":false,"chose_seed":false,"campfire_upgraded":1,"win_rate":0,"timestamp":1562114659,"path_taken":["M","?","?","M","?","E","R","E"],"build_version":"2019-07-01","purchased_purges":0,"victory":false,"max_hp_per_floor":[66,66,66,66,66,73,73,73],"card_choices":[{"not_picked":["Bane","Heel Hook"],"picked":"Crippling Poison","floor":1.0},{"not_picked":["Underhanded Strike","Tactician"],"picked":"Noxious Fumes","floor":4.0},{"not_picked":["Cloak And Dagger","Prepared"],"picked":"Terror","floor":6}],"player_experience":842904,"relics_obtained":[{"floor":6,"key":"Strawberry"}],"event_choices":[{"damage_healed":0.0,"max_hp_gain":0.0,"max_hp_loss":0.0,"gold_gain":0.0,"event_name":"Upgrade Shrine","player_choice":"Upgraded","floor":2.0,"gold_loss":0.0,"damage_taken":0.0,"cards_upgraded":["Neutralize"]},{"cards_removed":["Strike_G"],"damage_healed":0.0,"max_hp_gain":0.0,"max_hp_loss":0.0,"gold_gain":0.0,"event_name":"Golden Wing","player_choice":"Card Removal","floor":3.0,"gold_loss":0.0,"damage_taken":7.0},{"damage_healed":0.0,"max_hp_gain":0.0,"max_hp_loss":0.0,"gold_gain":0.0,"event_name":"Scrap Ooze","player_choice":"Success","floor":5.0,"gold_loss":0.0,"damage_taken":5.0,"relics_obtained":["Bronze Scales"]}],"is_beta":false,"boss_relics":[],"items_purged_floors":[],"is_endless":false,"potions_floor_spawned":[1],"killed_by":"Gremlin Nob","ascension_level":20}