{"gold_per_floor":[110,124,124,143,161,186,186,200,226,254,208,226,253,272,272,374,374,387,401,433,453,453,453,478,488,488,508,508,521,521,188,188,286,286,306,319,319,367,367,398,412,442,467,467,37,37,69,86,86,86],"floor_reached":51,"playtime":3831,"items_purged":["Strike_B"],"score":925,"play_id":"f6301a51-6ed0-4514-9b89-7305ddcfcabd","local_time":"20180715135951","is_ascension_mode":true,"campfire_choices":[{"floor":7.0,"key":"REST"},{"floor":15.0,"key":"REST"},{"floor":23.0,"key":"REST"},{"floor":30.0,"key":"REST"},{"data":"Defragment","floor":32.0,"key":"SMITH"},{"floor":44,"key":"REST"},{"floor":49,"key":"REST"}],"neow_cost":"NONE","seed_source_timestamp":0,"circlet_count":0,"master_deck":["Strike_B+1","Strike_B","Strike_B","Defend_B+1","Defend_B","Defend_B+1","Defend_B","Zap","Dualcast","Coolheaded","Go for the Eyes+1","Cold Snap","Hologram","Conserve Battery","Conserve Battery","Conserve Battery","Echo Form+1","Leap","Electrodynamics","Conserve Battery","Seek","Coolheaded","Go for the Eyes","Defragment+1","Go for the Eyes+1","Cold Snap+1","Loop","Ball Lightning+1","Stack","Finesse","Conserve Battery","FTL+1","Consume+1","Leap","Stack","Writhe","Consume+1","Glacier+1"],"special_seed":0,"relics":["Cracked Core","Art of War","DataDisk","Whetstone","War Paint","Ancient Tea Set","Eternal Feather","Red Mask","Emotion Chip","Mercury Hourglass","Cables","Pantograph","Inserter","Unceasing Top","Peace Pipe","Question Card","Gremlin Horn","Bag of Preparation","Mummified Hand","Blood Vial"],"potions_floor_usage":[42,50],"damage_taken":[{"damage":0.0,"enemies":"Cultist","floor":1.0,"turns":3.0},{"damage":0.0,"enemies":"Small Slimes","floor":2.0,"turns":2.0},{"damage":1.0,"enemies":"2 Louse","floor":4.0,"turns":3.0},{"damage":18.0,"enemies":"Lots of Slimes","floor":5.0,"turns":5.0},{"damage":25.0,"enemies":"Gremlin Nob","floor":6.0,"turns":4.0},{"damage":3.0,"enemies":"Exordium Thugs","floor":8.0,"turns":6.0},{"damage":6.0,"enemies":"3 Sentries","floor":10.0,"turns":9.0},{"damage":0.0,"enemies":"Looter","floor":12.0,"turns":3.0},{"damage":30.0,"enemies":"Gremlin Nob","floor":13.0,"turns":5.0},{"damage":12.0,"enemies":"Lots of Slimes","floor":14.0,"turns":5.0},{"damage":9.0,"enemies":"Slime Boss","floor":16.0,"turns":18.0},{"damage":5.0,"enemies":"3 Byrds","floor":18.0,"turns":4.0},{"damage":9.0,"enemies":"Spheric Guardian","floor":19.0,"turns":6.0},{"damage":14.0,"floor":20.0,"turns":3.0},{"damage":4.0,"enemies":"Snake Plant","floor":21.0,"turns":6.0},{"damage":42.0,"enemies":"Gremlin Leader","floor":24.0,"turns":9.0},{"damage":5.0,"enemies":"Slaver and Parasite","floor":25.0,"turns":7.0},{"damage":0.0,"enemies":"Sentry and Sphere","floor":27.0,"turns":3.0},{"damage":0.0,"enemies":"Centurion and Healer","floor":29.0,"turns":8.0},{"damage":25,"enemies":"Collector","floor":33,"turns":13},{"damage":0,"enemies":"3 Shapes","floor":35,"turns":5},{"damage":0,"enemies":"3 Darklings","floor":36,"turns":3},{"damage":0,"floor":37,"turns":5},{"damage":16,"floor":38,"turns":6},{"damage":14,"enemies":"Giant Head","floor":40,"turns":11},{"damage":14,"enemies":"4 Shapes","floor":41,"turns":3},{"damage":22,"enemies":"Nemesis","floor":42,"turns":7},{"damage":36,"enemies":"Giant Head","floor":47,"turns":8},{"damage":0,"enemies":"Sphere and 2 Shapes","floor":48,"turns":4},{"damage":12,"enemies":"Awakened One","floor":50,"turns":18}],"seed_played":"5165436907536196004","potions_obtained":[{"floor":1.0,"key":"AttackPotion"},{"floor":2.0,"key":"Strength Potion"},{"floor":12.0,"key":"Block Potion"},{"floor":16.0,"key":"PowerPotion"},{"floor":42,"key":"SkillPotion"}],"is_trial":false,"path_per_floor":["M","M","?","M","M","E","R","M","T","E","$","M","E","M","R","B",null,"M","M","?","M","?","R","E","M","T","M","?","M","R","$","R","B",null,"M","M","?","?","?","E","M","E","T","R","$","?","E","M","R","B"],"character_chosen":"DEFECT","items_purchased":["Conserve Battery","Pantograph","Loop","Mummified Hand","Leap","Stack"],"campfire_rested":6,"item_purchase_floors":[11,31,31,45,45,45],"current_hp_per_floor":[75,75,75,74,56,31,53,50,50,44,44,44,14,2,24,15,75,70,61,47,43,43,73,31,26,26,26,26,26,58,58,68,50,75,75,75,75,59,59,45,31,16,16,50,50,69,33,35,71,63],"gold":86,"neow_bonus":"RANDOM_COMMON_RELIC","is_prod":false,"is_daily":false,"chose_seed":false,"campfire_upgraded":1,"win_rate":0,"timestamp":1531677591,"path_taken":["M","M","?","?","M","E","R","M","T","E","?","M","E","M","R","BOSS","M","M","?","?","?","R","E","M","T","M","?","M","R","$","R","BOSS","M","M","?","?","?","E","M","E","T","R","$","?","E","?","R","BOSS"],"build_version":"2018-07-12","purchased_purges":1,"victory":true,"max_hp_per_floor":[75,75,75,75,75,75,75,75,75,75,75,75,75,75,75,75,75,75,75,75,75,75,75,75,75,75,75,75,75,75,75,75,75,75,75,75,75,75,75,75,75,75,75,75,75,75,75,75,75,75],"card_choices":[{"not_picked":["Chaos","Beam Cell"],"picked":"Coolheaded","floor":1.0},{"not_picked":["Hologram","Leap"],"picked":"Go for the Eyes","floor":2.0},{"not_picked":["Rebound","Leap"],"picked":"Cold Snap","floor":4.0},{"not_picked":["Reboot","Aggregate"],"picked":"Hologram","floor":5.0},{"not_picked":["Reinforced Body","Sweeping Beam"],"picked":"Conserve Battery","floor":6.0},{"not_picked":["White Noise","Streamline","Sweeping Beam"],"picked":"SKIP","floor":8.0},{"not_picked":["Aggregate","Double Energy","Steam"],"picked":"SKIP","floor":10.0},{"not_picked":["Go for the Eyes","Barrage"],"picked":"Conserve Battery","floor":12.0},{"not_picked":["Ball Lightning","Beam Cell"],"picked":"Echo Form","floor":13.0},{"not_picked":["Compile Driver","Stack"],"picked":"Leap","floor":14.0},{"not_picked":["Machine Learning","Core Surge"],"picked":"Electrodynamics","floor":16.0},{"not_picked":["Streamline+1","Static Discharge"],"picked":"Conserve Battery","floor":18.0},{"not_picked":["Conserve Battery","Cold Snap"],"picked":"Seek","floor":19.0},{"not_picked":["Turbo+1","Steam+1"],"picked":"Coolheaded","floor":20.0},{"not_picked":["Skim+1","Barrage","Steam+1"],"picked":"SKIP","floor":21.0},{"not_picked":["FTL","Electrodynamics"],"picked":"Go for the Eyes","floor":24.0},{"not_picked":["Compile Driver","Steam Power"],"picked":"Defragment","floor":25.0},{"not_picked":["Steam Power","Fusion"],"picked":"Go for the Eyes+1","floor":27.0},{"not_picked":["Beam Cell","Streamline"],"picked":"Cold Snap+1","floor":29.0},{"not_picked":["Turbo","Sweeping Beam","Blizzard"],"picked":"SKIP","floor":35},{"not_picked":["Sweeping Beam","Fusion+1"],"picked":"Ball Lightning+1","floor":36},{"not_picked":["Hello World+1","Cold Snap+1"],"picked":"Stack","floor":38},{"not_picked":["Deep Breath","Secret Weapon"],"picked":"Finesse","floor":39},{"not_picked":["Steam","Reinforced Body"],"picked":"Conserve Battery","floor":40},{"not_picked":["Scrape","Rebound","Gash+1"],"picked":"FTL+1","floor":41},{"not_picked":["Capacitor","Reinforced Body","Gash+1"],"picked":"Consume+1","floor":42},{"not_picked":["Aggregate+1","Barrage","Glacier"],"picked":"Consume+1","floor":47},{"not_picked":["Go for the Eyes","Rip and Tear+1","Aggregate+1"],"picked":"Glacier+1","floor":48}],"player_experience":121506,"relics_obtained":[{"floor":6.0,"key":"DataDisk"},{"floor":9.0,"key":"Whetstone"},{"floor":10.0,"key":"War Paint"},{"floor":13.0,"key":"Ancient Tea Set"},{"floor":20.0,"key":"Red Mask"},{"floor":24.0,"key":"Mercury Hourglass"},{"floor":26.0,"key":"Cables"},{"floor":37,"key":"Unceasing Top"},{"floor":38,"key":"Peace Pipe"},{"floor":40,"key":"Question Card"},{"floor":42,"key":"Gremlin Horn"},{"floor":43,"key":"Bag of Preparation"},{"floor":47,"key":"Blood Vial"}],"event_choices":[{"event_name":"Liars Game","player_choice":"disagreed","floor":3.0,"damage_taken":0.0},{"event_name":"Masked Bandits","player_choice":"Fought over 401 gold","floor":20.0,"damage_taken":0.0},{"event_name":"The Mausoleum","player_choice":"Yes","floor":22.0,"damage_taken":0.0},{"event_name":"Accursed Blacksmith","player_choice":"Forge","floor":28.0,"damage_taken":0.0},{"event_name":"MindBloom","player_choice":"Fight","floor":37,"damage_taken":0},{"event_name":"Mysterious Sphere","player_choice":"Fight","floor":38,"damage_taken":0},{"event_name":"SensoryStone","player_choice":"Memory 1","floor":39,"damage_taken":0},{"event_name":"Winding Halls","player_choice":"Writhe","floor":46,"damage_taken":0}],"boss_relics":[{"not_picked":["Runic Dome","Cursed Key"],"picked":"Eternal Feather"},{"not_picked":["Snecko Eye","Coffee Dripper"],"picked":"Inserter"}],"items_purged_floors":[45],"is_endless":false,"potions_floor_spawned":[1,2,12,13,14,16,24,27,29,33,40,42,48],"ascension_level":4}