{"gold_per_floor":[115,28,28,44,44,75,88,129,208,232,245,245,270,230],"floor_reached":14,"playtime":457,"items_purged":[],"score":254,"play_id":"cd87484e-a40a-42a2-9a10-3e7a9231ff1f","local_time":"20190708134648","is_ascension_mode":true,"campfire_choices":[],"neow_cost":"NONE","seed_source_timestamp":6225651956543022,"circlet_count":0,"master_deck":["AscendersBane","Strike_G","Strike_G","Strike_G","Strike_G","Strike_G","Defend_G","Defend_G","Defend_G","Defend_G","Defend_G","Survivor","Neutralize","Skewer","Leg Sweep","Predator","Dodge and Roll","Poisoned Stab","A Thousand Cuts","PiercingWail","Noxious Fumes","Sucker Punch"],"special_seed":0,"relics":["Ring of the Snake","NeowsBlessing","Golden Idol","Pocketwatch","Ancient Tea Set","Ninja Scroll"],"potions_floor_usage":[],"damage_taken":[{"damage":0.0,"enemies":"Jaw Worm","floor":1.0,"turns":1.0},{"damage":0.0,"enemies":"2 Louse","floor":4.0,"turns":1.0},{"damage":0.0,"enemies":"Gremlin Nob","floor":6.0,"turns":1.0},{"damage":0.0,"enemies":"Small Slimes","floor":7.0,"turns":3.0},{"damage":25.0,"enemies":"3 Sentries","floor":8.0,"turns":9.0},{"damage":2,"enemies":"Exordium Wildlife","floor":10,"turns":4},{"damage":22,"enemies":"Gremlin Gang","floor":11,"turns":4},{"damage":7,"enemies":"Large Slime","floor":13,"turns":8},{"damage":3,"enemies":"Exordium Thugs","floor":14,"turns":2}],"seed_played":"-400757669678889697","potions_obtained":[{"floor":1.0,"key":"GamblersBrew"},{"floor":4.0,"key":"Dexterity Potion"}],"is_trial":false,"path_per_floor":["M","$","?","M","?","E","M","E","T","M","M","?","M","M"],"character_chosen":"THE_SILENT","items_purchased":["Leg Sweep"],"campfire_rested":0,"item_purchase_floors":[2],"current_hp_per_floor":[59,59,59,59,59,59,59,34,34,32,10,10,3,0],"gold":230,"neow_bonus":"THREE_ENEMY_KILL","is_prod":false,"is_daily":false,"chose_seed":false,"campfire_upgraded":0,"win_rate":0,"timestamp":1562608008,"path_taken":["M","$","?","M","?","E","M","E","T","M","M","?","M","M"],"build_version":"2019-07-05","purchased_purges":0,"victory":false,"max_hp_per_floor":[66,66,60,60,60,60,60,60,60,60,60,60,60,60],"card_choices":[{"not_picked":["Tactician","Quick Slash"],"picked":"Skewer","floor":1.0},{"not_picked":["Terror","Dagger Throw"],"picked":"Predator","floor":4.0},{"not_picked":["Deflect","Catalyst"],"picked":"Dodge and Roll","floor":6.0},{"not_picked":["Slice","Cloak And Dagger"],"picked":"Poisoned Stab","floor":7.0},{"not_picked":["Quick Slash","Sucker Punch"],"picked":"A Thousand Cuts","floor":8.0},{"not_picked":["Outmaneuver","Dodge and Roll"],"picked":"PiercingWail","floor":10},{"not_picked":["Acrobatics","Dagger Spray"],"picked":"Noxious Fumes","floor":11},{"not_picked":["All Out Attack","Skewer"],"picked":"Sucker Punch","floor":13}],"player_experience":914672,"relics_obtained":[{"floor":6.0,"key":"Pocketwatch"},{"floor":8.0,"key":"Ancient Tea Set"},{"floor":9.0,"key":"Ninja Scroll"}],"event_choices":[{"damage_healed":0.0,"max_hp_gain":0.0,"max_hp_loss":6.0,"gold_gain":0.0,"event_name":"Golden Idol","player_choice":"Lose Max HP","floor":3.0,"gold_loss":0.0,"damage_taken":0.0,"relics_obtained":["Golden Idol"]},{"damage_healed":0.0,"max_hp_gain":0.0,"max_hp_loss":0.0,"gold_gain":0.0,"event_name":"Liars Game","player_choice":"Ignored","floor":5.0,"gold_loss":0.0,"damage_taken":0.0},{"damage_healed":0,"gold_gain":0,"player_choice":"Fled","damage_taken":0,"max_hp_gain":0,"max_hp_loss":0,"event_name":"Scrap Ooze","floor":12,"gold_loss":0}],"is_beta":false,"boss_relics":[],"items_purged_floors":[],"is_endless":false,"potions_floor_spawned":[1,4,6,11],"killed_by":"Exordium Thugs","ascension_level":20}