{"path_per_floor":["M","M","$","?","?","R","M","?","T","$","M","M","R","E","R","B",null,"M","M","?","?","$","M","M","M","T","M","E","R","M","?","R","B",null,"M","?","$","M","M","R","?"],"character_chosen":"IRONCLAD","items_purchased":["Dropkick","Rampage","Flex","Block Potion","Regen Potion","Pantograph"],"gold_per_floor":[110,121,51,226,226,226,237,237,287,90,101,121,121,155,155,260,260,274,287,187,187,112,125,141,151,151,161,187,187,198,198,198,299,299,319,374,20,40,55,55,25],"floor_reached":42,"campfire_rested":5,"playtime":2818,"current_hp_per_floor":[67,67,67,67,60,80,79,79,79,79,79,73,73,49,73,1,80,67,70,70,70,70,54,33,26,40,50,40,70,53,53,70,59,70,49,35,35,28,38,59,59],"items_purged":["Strike_R","Bite_R"],"gold":25,"play_id":"a51d6d92-07a7-4c10-9fe3-1fcbd07716b1","is_prod":false,"is_daily":false,"is_ascension_mode":false,"campfire_upgraded":1,"path_taken":["M","M","$","?","?","R","M","?","T","$","M","?","R","E","R","BOSS","M","M","?","?","$","?","M","M","T","M","E","R","M","?","R","BOSS","M","?","$","M","M","R","?","E"],"build_version":"2018-01-25-PROD3","purchased_purges":2,"victory":false,"master_deck":["Defend_R","Defend_R","Defend_R","Defend_R","Bash","Whirlwind+1","Thunderclap","Dropkick","Limit Break","Rampage","Flex","Rampage","Hemokinesis","Flex","Reaper","Anger","Blood for Blood","J.A.X.","Clash","Shockwave","Thunderclap+1","Clothesline+1","Seeing Red+1","Feed","Bite_R","Bite_R","Bite_R","Bite_R","Feed","Spot Weakness+1","Dual Wield+1"],"max_hp_per_floor":[80,80,80,80,80,80,80,80,80,80,80,80,80,80,80,80,80,80,80,80,80,80,80,80,80,94,94,101,101,101,70,70,70,70,70,70,70,73,73,73,73],"relics":["Lizard Tail","Pen Nib","Oddly Smooth Stone","Letter Opener","Snecko Eye","Mango","Strawberry","Black Star","Ice Cream","Pantograph"],"card_choices":[{"not_picked":["Body Slam","True Grit"],"picked":"Whirlwind"},{"not_picked":["Headbutt","Perfected Strike"],"picked":"Thunderclap"},{"not_picked":["Shrug It Off","Heavy Blade"],"picked":"Limit Break"},{"not_picked":["Shockwave","Pommel Strike"],"picked":"Rampage"},{"not_picked":["Flex","Shrug It Off"],"picked":"Hemokinesis"},{"not_picked":["Thunderclap","Dropkick"],"picked":"Flex"},{"not_picked":["Offering","Brutality"],"picked":"Reaper"},{"not_picked":["Bloodletting","Uppercut"],"picked":"Anger"},{"not_picked":["Warcry","Shrug It Off"],"picked":"Blood for Blood"},{"not_picked":["Headbutt","Armaments"],"picked":"Clash"},{"not_picked":["Clothesline","Cleave"],"picked":"Shockwave"},{"not_picked":["Shrug It Off","Clothesline"],"picked":"Thunderclap"},{"not_picked":["Anger","Iron Wave"],"picked":"Clothesline"},{"not_picked":["Iron Wave","Rampage"],"picked":"Seeing Red"},{"not_picked":["Cleave","Iron Wave"],"picked":"Feed"},{"not_picked":["Berserk","Juggernaut"],"picked":"Feed"},{"not_picked":["Twin Strike","Warcry"],"picked":"Spot Weakness"},{"not_picked":["Corruption","Thunderclap"],"picked":"Dual Wield"}],"player_experience":18737,"potions_floor_usage":[14,14,16,16,23,24,33,33,36,42,42],"damage_taken":[{"damage":13,"enemies":"Blue Slaver","floor":1,"turns":5},{"damage":0,"enemies":"Small Slimes","floor":2,"turns":2},{"damage":1,"enemies":"Cultist","floor":7,"turns":3},{"damage":0,"enemies":"3 Louse","floor":11,"turns":1},{"damage":6,"enemies":"Exordium Wildlife","floor":12,"turns":2},{"damage":33,"enemies":"Lagavulin","floor":14,"turns":6},{"damage":72,"enemies":"The Guardian","floor":16,"turns":10},{"damage":13,"enemies":"Spheric Guardian","floor":18,"turns":3},{"damage":3,"enemies":"Chosen","floor":19,"turns":3},{"damage":24,"enemies":"Centurion and Healer","floor":23,"turns":3},{"damage":36,"enemies":"Snake Plant","floor":24,"turns":3},{"damage":7,"enemies":"Chosen and Byrds","floor":25,"turns":3},{"damage":0,"enemies":"3 Cultists","floor":27,"turns":2},{"damage":29,"enemies":"Book of Stabbing","floor":28,"turns":4},{"damage":29,"enemies":"Centurion and Healer","floor":30,"turns":4},{"damage":37,"enemies":"Automaton","floor":33,"turns":6},{"damage":28,"enemies":"3 Shapes","floor":35,"turns":2},{"damage":39,"enemies":"Mysterious Sphere","floor":36,"turns":4},{"damage":10,"enemies":"Orb Walker","floor":38,"turns":2},{"damage":45,"enemies":"Maw","floor":39,"turns":7},{"damage":74,"enemies":"Nemesis","floor":42,"turns":6}],"event_choices":[{"event_name":"Liars Game","player_choice":"agreed","floor":4,"damage_taken":0},{"event_name":"Scrap Ooze","player_choice":"success","floor":5,"damage_taken":7},{"event_name":"Fountain of Cleansing","player_choice":"Removed Curse","floor":8,"damage_taken":0},{"event_name":"Drug Dealer","player_choice":"Got JAXXED","floor":20,"damage_taken":0},{"event_name":"Cursed Tome","player_choice":"Ignored","floor":21,"damage_taken":0},{"event_name":"Vampires","player_choice":"Became a vampire","floor":31,"damage_taken":0},{"event_name":"Mysterious Sphere","player_choice":"Fight","floor":36,"damage_taken":0},{"event_name":"The Woman in Blue","player_choice":"Bought 2 Potions","floor":41,"damage_taken":0}],"boss_relics":[{"not_picked":["Astrolabe","Question Card"],"picked":"Snecko Eye"},{"not_picked":["Runic Pyramid","Orrery"],"picked":"Black Star"}],"potions_floor_spawned":[2,14,18,19,24,28,33,36],"seed_played":"-8679449847373935774","killed_by":"Nemesis","ascension_level":0,"is_trial":false}