{"path_per_floor":["M","?","?","$","M","R","T","E","T","$","E","M","M","$","R","B",null,"M","M","?","?","?","R"],"character_chosen":"THE_SILENT","items_purchased":["Toxic Egg 2","Madness"],"gold_per_floor":[117,117,117,42,56,56,356,385,385,37,67,86,104,9,9,104,104,119,44,44,44,44,44],"floor_reached":24,"campfire_rested":1,"playtime":2412,"current_hp_per_floor":[70,80,80,80,80,80,80,64,64,64,41,41,41,41,41,24,80,54,51,51,35,35,59],"items_purged":["Strike_G","Strike_G"],"gold":44,"play_id":"df30cede-9cff-4296-8e79-14854f67839f","is_prod":false,"is_daily":false,"is_ascension_mode":false,"campfire_upgraded":1,"path_taken":["M","?","?","?","M","R","?","E","T","$","E","M","M","$","R","BOSS","M","?","?","?","?","R","M"],"build_version":"2018-01-29-BETA1","purchased_purges":2,"victory":false,"master_deck":["Defend_G","Defend_G","Defend_G","Defend_G","Strike_G","Strike_G","Strike_G","Survivor","Neutralize+1","Good Instincts","Distraction","Flying Knee","Dodge and Roll+1","Leg Sweep+1","Madness+1","Night Terror+1","Backflip+1","Flying Knee+1"],"max_hp_per_floor":[70,80,80,80,80,80,80,80,80,80,80,80,80,80,80,80,80,80,80,80,80,80,80],"relics":["Ring of the Snake","Old Coin","Peace Pipe","Ginger","Toxic Egg 2","Matryoshka","Question Card","Nilry\u0027s Codex"],"card_choices":[{"not_picked":["Sucker Punch","Crippling Poison"],"picked":"Unload"},{"not_picked":["Blade Dance","Blur"],"picked":"Distraction"},{"not_picked":["Dagger Spray","Quick Slash"],"picked":"Flying Knee"},{"not_picked":["Crippling Poison","PiercingWail"],"picked":"Dodge and Roll"},{"not_picked":["Dodge and Roll","Acrobatics"],"picked":"Leg Sweep"},{"not_picked":["A Thousand Cuts","Unload"],"picked":"Night Terror"},{"not_picked":["Quick Slash","Dagger Throw","Deflect"],"picked":"Backflip"},{"not_picked":["Acrobatics","Slice","Dagger Throw"],"picked":"Flying Knee"}],"player_experience":6918,"potions_floor_usage":[8,16,18,24],"damage_taken":[{"damage":0,"enemies":"Jaw Worm","floor":1,"turns":5},{"damage":0,"enemies":"Blue Slaver","floor":5,"turns":6},{"damage":16,"enemies":"3 Sentries","floor":8,"turns":19},{"damage":23,"enemies":"Gremlin Nob","floor":11,"turns":5},{"damage":0,"enemies":"Small Slimes","floor":12,"turns":3},{"damage":0,"enemies":"2 Fungi Beasts","floor":13,"turns":5},{"damage":17,"enemies":"The Guardian","floor":16,"turns":19},{"damage":26,"enemies":"3 Byrds","floor":18,"turns":20},{"damage":3,"enemies":"2 Thieves","floor":19,"turns":5},{"damage":65,"enemies":"Cultist and Chosen","floor":24,"turns":10}],"event_choices":[{"event_name":"Bonfire Elementals","player_choice":"RARE","floor":2,"damage_taken":0},{"event_name":"Match and Keep!","player_choice":"2 cards matched","floor":3,"damage_taken":0},{"event_name":"Back to Basics","player_choice":"Elegance","floor":20,"damage_taken":0},{"event_name":"Cursed Tome","player_choice":"Obtained Book","floor":21,"damage_taken":0},{"event_name":"Drug Dealer","player_choice":"Ignored","floor":22,"damage_taken":0}],"boss_relics":[{"not_picked":["Orrery","Cursed Key"],"picked":"Question Card"}],"potions_floor_spawned":[5,11,13,18],"seed_played":"2905735194029785619","killed_by":"Cultist and Chosen","ascension_level":0,"is_trial":false}