{"gold_per_floor":[114,114,33,33,33,33,63,63,63,1,1,0,0,15,15,115,115,130,130,130,50,65,65,65,65,65,80,80,80,80,95,95,195,195,210,225,225,23,23,23,23,38,38,53,53,68,101,101,101,101],"floor_reached":51,"playtime":1598,"items_purged":[],"score":687,"play_id":"f8e6af1f-8e7b-4105-a9cf-bb83059e16ed","local_time":"20190213193106","daily_mods":["Heirloom","Flight","Binary"],"is_ascension_mode":false,"campfire_choices":[{"floor":6,"key":"REST"},{"floor":8,"key":"REST"},{"floor":11,"key":"REST"},{"floor":13,"key":"REST"},{"data":"Zap","floor":15,"key":"SMITH"},{"data":"Double Energy","floor":23,"key":"SMITH"},{"data":"Dualcast","floor":24,"key":"SMITH"},{"data":"Storm","floor":29,"key":"SMITH"},{"data":"Heatsinks","floor":30,"key":"SMITH"},{"data":"Capacitor","floor":32,"key":"SMITH"},{"data":"Defragment","floor":40,"key":"SMITH"},{"data":"Capacitor","floor":41,"key":"SMITH"},{"data":"Creative AI","floor":45,"key":"SMITH"},{"data":"Force Field","floor":49,"key":"SMITH"}],"neow_cost":"","seed_source_timestamp":0,"circlet_count":0,"master_deck":["Strike_B+1","Strike_B+1","Strike_B+1","Strike_B+1","Defend_B+1","Defend_B+1","Defend_B+1","Defend_B+1","Zap+1","Dualcast+1","Heatsinks+1","Self Repair","Self Repair","Capacitor+1","Skim","Leap","Chill","Creative AI+1","Double Energy+1","Force Field","Stack","Conserve Battery","Storm+1","Force Field+1","Creative AI+1","Conserve Battery+1","Master of Strategy","Capacitor+1","Defragment+1","Capacitor","Self Repair","Aggregate+1","Tempest+1"],"special_seed":17941,"relics":["Cracked Core","Dead Branch","The Courier","Potion Belt","Dream Catcher","Happy Flower","Nuclear Battery","Bronze Scales","Letter Opener","Unceasing Top","Cursed Key","StoneCalendar"],"potions_floor_usage":[16,27,50,50,50],"damage_taken":[{"damage":0,"enemies":"2 Louse","floor":1,"turns":2},{"damage":59,"enemies":"Lagavulin","floor":7,"turns":11},{"damage":6,"enemies":"Jaw Worm","floor":14,"turns":5},{"damage":27,"enemies":"The Guardian","floor":16,"turns":15},{"damage":22,"enemies":"Spheric Guardian","floor":18,"turns":8},{"damage":0,"enemies":"Chosen","floor":22,"turns":6},{"damage":1,"enemies":"3 Cultists","floor":27,"turns":6},{"damage":2,"enemies":"Sentry and Sphere","floor":31,"turns":4},{"damage":22,"enemies":"Collector","floor":33,"turns":9},{"damage":0,"enemies":"3 Shapes","floor":35,"turns":3},{"damage":0,"enemies":"Orb Walker","floor":36,"turns":2},{"damage":6,"enemies":"Spire Growth","floor":42,"turns":3},{"damage":8,"enemies":"4 Shapes","floor":44,"turns":3},{"damage":6,"enemies":"Maw","floor":46,"turns":4},{"damage":10,"enemies":"2 Orb Walkers","floor":47,"turns":3},{"damage":25,"enemies":"Donu and Deca","floor":50,"turns":5}],"seed_played":"-7343806222778123622","potions_obtained":[{"floor":1,"key":"Swift Potion"},{"floor":14,"key":"Fire Potion"},{"floor":27,"key":"FearPotion"},{"floor":33,"key":"Strength Potion"},{"floor":35,"key":"Poison Potion"},{"floor":42,"key":"FairyPotion"},{"floor":46,"key":"FocusPotion"}],"is_trial":false,"path_per_floor":["M","?","$","?","T","R","E","R","T","$","R","?","R","M","R","B",null,"M","?","?","$","M","R","R","T","T","M","?","R","R","M","R","B",null,"M","M","?","$","?","R","R","M","T","M","R","M","?","?","R","B",null],"character_chosen":"DEFECT","items_purchased":["Self Repair","Leap","Capacitor","Force Field","Stack","Capacitor","Defragment","Capacitor","Self Repair"],"campfire_rested":4,"item_purchase_floors":[3,3,10,21,21,38,38,38,38],"current_hp_per_floor":[75,57,57,42,42,64,12,34,34,34,56,56,75,75,75,62,75,67,67,67,67,74,74,74,74,74,75,75,75,75,75,75,67,75,75,75,75,75,75,75,75,75,75,75,75,75,75,75,75,57],"gold":101,"neow_bonus":"","is_prod":false,"is_daily":true,"chose_seed":false,"campfire_upgraded":10,"win_rate":0,"timestamp":1550115066,"path_taken":["M","?","$","?","?","R","E","R","T","?","R","?","R","M","R","BOSS","M","?","?","$","?","R","R","?","T","?","?","R","R","M","R","BOSS","M","?","?","$","?","R","R","?","T","?","R","?","?","?","R","BOSS"],"build_version":"2019-01-23","purchased_purges":0,"victory":true,"max_hp_per_floor":[75,75,75,75,75,75,75,75,75,75,75,75,75,75,75,75,75,75,75,75,75,75,75,75,75,75,75,75,75,75,75,75,75,75,75,75,75,75,75,75,75,75,75,75,75,75,75,75,75,75],"card_choices":[{"not_picked":["BootSequence"],"picked":"Heatsinks","floor":1},{"not_picked":["Doom and Gloom","Barrage"],"picked":"SKIP","floor":7},{"not_picked":["Beam Cell"],"picked":"Self Repair","floor":8},{"not_picked":["Gash"],"picked":"Skim","floor":11},{"not_picked":["Hologram"],"picked":"Leap","floor":13},{"not_picked":["Redo"],"picked":"Chill","floor":14},{"not_picked":["Fission"],"picked":"Creative AI","floor":16},{"not_picked":["Doom and Gloom"],"picked":"Double Energy","floor":18},{"not_picked":["Streamline"],"picked":"Conserve Battery","floor":22},{"not_picked":["Sweeping Beam"],"picked":"Storm","floor":27},{"not_picked":["Scrape"],"picked":"Force Field","floor":31},{"not_picked":["Amplify"],"picked":"Creative AI","floor":33},{"not_picked":["Rip and Tear"],"picked":"Conserve Battery+1","floor":35},{"not_picked":["Stack","Go for the Eyes+1"],"picked":"SKIP","floor":36},{"not_picked":["Deep Breath"],"picked":"Master of Strategy","floor":37},{"not_picked":["Skim+1"],"picked":"Aggregate","floor":42},{"not_picked":["Undo+1","Streamline+1"],"picked":"SKIP","floor":44},{"not_picked":["Redo","Ball Lightning"],"picked":"SKIP","floor":46},{"not_picked":["Leap"],"picked":"Tempest+1","floor":47}],"player_experience":206263,"relics_obtained":[{"floor":5,"key":"Potion Belt"},{"floor":7,"key":"Dream Catcher"},{"floor":9,"key":"Happy Flower"},{"floor":25,"key":"Bronze Scales"},{"floor":26,"key":"Letter Opener"},{"floor":47,"key":"StoneCalendar"}],"event_choices":[{"damage_healed":0,"gold_gain":0,"player_choice":"Success","damage_taken":18,"relics_obtained":["The Courier"],"max_hp_gain":0,"max_hp_loss":0,"event_name":"Scrap Ooze","floor":2,"gold_loss":0},{"damage_healed":0,"gold_gain":0,"player_choice":"Entered Light","damage_taken":15,"max_hp_gain":0,"max_hp_loss":0,"event_name":"Shining Light","floor":4,"gold_loss":0,"cards_upgraded":["Strike_B","Defend_B"]},{"damage_healed":0,"gold_gain":0,"player_choice":"Left Gold","damage_taken":0,"max_hp_gain":0,"max_hp_loss":0,"event_name":"World of Goop","floor":12,"gold_loss":1},{"damage_healed":0,"gold_gain":0,"player_choice":"Simplicity","damage_taken":0,"max_hp_gain":0,"max_hp_loss":0,"event_name":"Back to Basics","floor":19,"gold_loss":0,"cards_upgraded":["Strike_B","Strike_B","Strike_B","Defend_B","Defend_B","Defend_B"]},{"damage_healed":0,"gold_gain":0,"player_choice":"Upgraded","damage_taken":0,"max_hp_gain":0,"max_hp_loss":0,"event_name":"Upgrade Shrine","floor":20,"gold_loss":0,"cards_upgraded":["Creative AI"]},{"cards_removed":["Leap"],"damage_healed":0,"gold_gain":0,"player_choice":"Gave Card","damage_taken":0,"relics_obtained":["Unceasing Top"],"max_hp_gain":0,"max_hp_loss":0,"event_name":"WeMeetAgain","floor":28,"gold_loss":0},{"damage_healed":0,"gold_gain":0,"player_choice":"Memory 1","damage_taken":0,"max_hp_gain":0,"max_hp_loss":0,"event_name":"SensoryStone","floor":37,"gold_loss":0},{"damage_healed":0,"gold_gain":0,"player_choice":"Leave","damage_taken":0,"max_hp_gain":0,"max_hp_loss":0,"event_name":"FaceTrader","floor":39,"gold_loss":0},{"damage_healed":0,"gold_gain":0,"player_choice":"Fight","damage_taken":0,"max_hp_gain":0,"max_hp_loss":0,"event_name":"Mysterious Sphere","floor":47,"gold_loss":0},{"damage_healed":0,"gold_gain":0,"player_choice":"Upgraded","damage_taken":0,"max_hp_gain":0,"max_hp_loss":0,"event_name":"Upgrade Shrine","floor":48,"gold_loss":0,"cards_upgraded":["Aggregate"]}],"is_beta":false,"boss_relics":[{"not_picked":["Philosopher\u0027s Stone","Velvet Choker"],"picked":"Nuclear Battery"},{"not_picked":["FrozenCore","Lizard Tail"],"picked":"Cursed Key"}],"items_purged_floors":[],"is_endless":false,"potions_floor_spawned":[1,14,27,33,35,42,46,47],"ascension_level":0}