{"gold_per_floor":[112,112,129,54,66,66,24,24,24,49,49,66,66,66,66,143,143,160,7,7,26,46,46,46],"floor_reached":24,"playtime":561,"items_purged":["Strike_B"],"score":388,"play_id":"8ca19420-ca9d-48ac-a1ee-37d22156badd","local_time":"20190525204902","is_ascension_mode":true,"campfire_choices":[{"data":"Genetic Algorithm","floor":6,"key":"SMITH"},{"data":"Defragment","floor":8,"key":"SMITH"},{"floor":11,"key":"REST"},{"data":"Zap","floor":13,"key":"SMITH"},{"floor":15,"key":"REST"},{"data":"Buffer","floor":23,"key":"SMITH"}],"neow_cost":"NONE","seed_source_timestamp":8514633779899,"circlet_count":0,"master_deck":["AscendersBane","Strike_B","Defend_B","Defend_B","Defend_B","Zap+1","Dualcast","Rebound","Compile Driver","Genetic Algorithm+1","Rebound","Defragment+1","Ball Lightning","Capacitor","Buffer+1","Glacier","Self Repair","Hologram+1","White Noise"],"relics":["Cracked Core","NeowsBlessing","Bag of Preparation","Blood Vial","Cursed Key"],"potions_floor_usage":[10],"damage_taken":[{"damage":0,"enemies":"Jaw Worm","floor":1,"turns":1},{"damage":0,"enemies":"Cultist","floor":3,"turns":1},{"damage":0,"enemies":"Small Slimes","floor":5,"turns":1},{"damage":43,"enemies":"Gremlin Nob","floor":10,"turns":5},{"damage":22,"enemies":"Exordium Thugs","floor":12,"turns":4},{"damage":26,"enemies":"Hexaghost","floor":16,"turns":7},{"damage":12,"enemies":"Chosen","floor":18,"turns":5},{"damage":17,"enemies":"3 Byrds","floor":21,"turns":6},{"damage":6,"enemies":"Centurion and Healer","floor":22,"turns":6},{"damage":36,"enemies":"Slavers","floor":24,"turns":4}],"seed_played":"7860296990275359609","potions_obtained":[{"floor":1,"key":"FocusPotion"},{"floor":3,"key":"Block Potion"},{"floor":18,"key":"Energy Potion"}],"is_trial":false,"path_per_floor":["M","?","M","?","M","R","$","R","T","E","R","M","R","?","R","B",null,"M","$","?","M","M","R","E"],"character_chosen":"DEFECT","items_purchased":["Defragment","Self Repair"],"campfire_rested":2,"item_purchase_floors":[7,19],"current_hp_per_floor":[64,64,64,64,64,64,64,64,64,21,42,22,22,15,36,12,56,46,46,36,28,31,31,0],"gold":46,"neow_bonus":"THREE_ENEMY_KILL","is_prod":false,"is_daily":false,"chose_seed":false,"campfire_upgraded":4,"win_rate":0,"timestamp":1558813742,"path_taken":["M","?","?","?","M","R","$","R","T","E","R","M","R","?","R","BOSS","M","$","?","M","?","R","E"],"build_version":"2019-01-23","purchased_purges":1,"victory":false,"max_hp_per_floor":[71,71,71,71,71,71,71,71,71,71,71,71,71,71,71,71,71,71,71,71,71,71,71,71],"card_choices":[{"not_picked":["Fusion","Sweeping Beam"],"picked":"Rebound","floor":1},{"not_picked":["Tempest","Streamline"],"picked":"Genetic Algorithm","floor":3},{"not_picked":["Gash","BootSequence"],"picked":"Rebound","floor":5},{"not_picked":["Coolheaded","Barrage"],"picked":"Ball Lightning","floor":10},{"not_picked":["Gash","Streamline"],"picked":"Capacitor","floor":12},{"not_picked":["Thunder Strike","Creative AI"],"picked":"Buffer","floor":16},{"not_picked":["Streamline","Hologram+1"],"picked":"Glacier","floor":18},{"not_picked":["Capacitor","BootSequence"],"picked":"Hologram+1","floor":21},{"not_picked":["Rip and Tear","Steam"],"picked":"White Noise","floor":22}],"player_experience":1400860,"relics_obtained":[{"floor":9,"key":"Bag of Preparation"},{"floor":10,"key":"Blood Vial"}],"event_choices":[{"damage_healed":0,"gold_gain":0,"cards_transformed":["Strike_B"],"player_choice":"Transformed","damage_taken":0,"max_hp_gain":0,"max_hp_loss":0,"event_name":"Transmorgrifier","floor":2,"gold_loss":0,"cards_obtained":["Compile Driver"]},{"cards_removed":["Strike_B"],"damage_healed":0,"gold_gain":0,"player_choice":"Card Removal","damage_taken":0,"max_hp_gain":0,"max_hp_loss":0,"event_name":"The Cleric","floor":4,"gold_loss":75},{"cards_removed":["Defend_B"],"damage_healed":0,"gold_gain":0,"player_choice":"Card Removal","damage_taken":7,"max_hp_gain":0,"max_hp_loss":0,"event_name":"Golden Wing","floor":14,"gold_loss":0},{"damage_healed":0,"gold_gain":0,"player_choice":"Damaged","damage_taken":10,"max_hp_gain":0,"max_hp_loss":0,"event_name":"Wheel of Change","floor":20,"gold_loss":0}],"is_beta":false,"boss_relics":[{"not_picked":["Runic Dome","Eternal Feather"],"picked":"Cursed Key"}],"items_purged_floors":[19],"is_endless":false,"potions_floor_spawned":[1,3,5,18,22],"killed_by":"Slavers","ascension_level":20}