{"gold_per_floor":[116,136,61,76,76,76,106,106,131,131,160,179,56,66,66,168,168,181,96,50,66,66],"floor_reached":22,"playtime":913,"items_purged":["Strike_B","Defend_B"],"score":184,"play_id":"d3258378-1a95-4b99-8860-90e849a05f4c","local_time":"20190112165045","is_ascension_mode":false,"campfire_choices":[{"floor":6,"key":"REST"},{"floor":8,"key":"REST"},{"data":"Hello World","floor":10,"key":"SMITH"},{"floor":15,"key":"REST"}],"neow_cost":"NONE","seed_source_timestamp":228200077775670,"circlet_count":0,"master_deck":["Strike_B","Strike_B","Defend_B","Defend_B","Defend_B","Zap","Dualcast","Hello World+1","Double Energy","Streamline","Sunder","Loop","Rebound","Hologram","Redo","Amplify","Recycle+1","Conserve Battery"],"relics":["Lizard Tail","Potion Belt","Oddly Smooth Stone","Odd Mushroom","Philosopher\u0027s Stone","Gremlin Horn"],"potions_floor_usage":[7,16,16],"damage_taken":[{"damage":2,"enemies":"Small Slimes","floor":1,"turns":4},{"damage":1,"enemies":"Jaw Worm","floor":2,"turns":6},{"damage":7,"enemies":"2 Louse","floor":4,"turns":4},{"damage":32,"enemies":"Gremlin Nob","floor":7,"turns":5},{"damage":18,"enemies":"The Mushroom Lair","floor":11,"turns":4},{"damage":3,"enemies":"Blue Slaver","floor":12,"turns":6},{"damage":14,"enemies":"Looter","floor":14,"turns":3},{"damage":29,"enemies":"The Guardian","floor":16,"turns":15},{"damage":24,"enemies":"Spheric Guardian","floor":18,"turns":4},{"damage":27,"enemies":"Shell Parasite","floor":21,"turns":9},{"damage":77,"enemies":"Chosen and Byrds","floor":22,"turns":8}],"seed_played":"-4302213323756726777","potions_obtained":[{"floor":1,"key":"Dexterity Potion"},{"floor":2,"key":"Block Potion"},{"floor":7,"key":"EssenceOfSteel"},{"floor":16,"key":"Ancient Potion"},{"floor":21,"key":"Dexterity Potion"}],"is_trial":false,"path_per_floor":["M","M","$","M","?","R","E","R","T","R","?","M","$","M","R","B",null,"M","?","$","M","M"],"character_chosen":"DEFECT","items_purchased":["Hologram","Conserve Battery"],"campfire_rested":3,"item_purchase_floors":[13,20],"current_hp_per_floor":[73,72,72,65,58,75,43,65,65,65,47,44,44,30,52,23,75,51,51,51,24,0],"gold":66,"neow_bonus":"BOSS_RELIC","is_prod":false,"is_daily":false,"chose_seed":false,"campfire_upgraded":1,"win_rate":0.0,"timestamp":1547340645,"path_taken":["M","M","$","M","?","R","E","R","T","R","?","M","$","?","R","BOSS","M","?","$","M","M"],"build_version":"2019-01-10","purchased_purges":2,"victory":false,"max_hp_per_floor":[75,75,75,75,75,75,75,75,75,75,75,75,75,75,75,75,75,75,75,75,75,75],"card_choices":[{"not_picked":["Darkness","Compile Driver"],"picked":"Hello World","floor":1},{"not_picked":["Static Discharge","Beam Cell"],"picked":"Double Energy","floor":2},{"not_picked":["Beam Cell","Turbo"],"picked":"Streamline","floor":4},{"not_picked":["Biased Cognition","Stack"],"picked":"Sunder","floor":7},{"not_picked":["Compile Driver","Defragment"],"picked":"Loop","floor":11},{"not_picked":["Steam","Redo"],"picked":"Rebound","floor":12},{"not_picked":["Turbo","Hyperbeam"],"picked":"Redo","floor":14},{"not_picked":["Multi-Cast","Machine Learning"],"picked":"Amplify","floor":16},{"not_picked":["Compile Driver","Fusion"],"picked":"Recycle+1","floor":18},{"not_picked":["Rip and Tear","Beam Cell","Ball Lightning"],"picked":"SKIP","floor":21}],"player_experience":123589,"relics_obtained":[{"floor":7,"key":"Potion Belt"},{"floor":9,"key":"Oddly Smooth Stone"},{"floor":11,"key":"Odd Mushroom"}],"event_choices":[{"cards_removed":["Strike_B"],"damage_healed":0,"gold_gain":0,"player_choice":"Card Removal","damage_taken":7,"max_hp_gain":0,"max_hp_loss":0,"event_name":"Golden Wing","floor":5,"gold_loss":0},{"damage_healed":0,"gold_gain":0,"player_choice":"Fought Mushrooms","damage_taken":0,"max_hp_gain":0,"max_hp_loss":0,"event_name":"Mushrooms","floor":11,"gold_loss":0},{"damage_healed":0,"gold_gain":0,"player_choice":"Obtained Relic","damage_taken":0,"relics_obtained":["Gremlin Horn"],"max_hp_gain":0,"max_hp_loss":0,"event_name":"Addict","floor":19,"gold_loss":85}],"is_beta":false,"boss_relics":[{"not_picked":["Coffee Dripper","Sozu"],"picked":"Philosopher\u0027s Stone"}],"items_purged_floors":[3,13],"is_endless":false,"potions_floor_spawned":[1,2,7,16,21],"killed_by":"Chosen and Byrds","ascension_level":0}