{"gold_per_floor":[111,111,126,51,51,51,79,79,126,156,168,188,204,231,231,305,305,324,324],"floor_reached":19,"playtime":666,"items_purged":[],"score":403,"play_id":"02e26a3c-4998-422b-a8bb-07931fdabec8","local_time":"20190309170106","is_ascension_mode":true,"campfire_choices":[{"data":"Bash","floor":6,"key":"SMITH"},{"data":"Corruption","floor":8,"key":"SMITH"},{"data":"Armaments","floor":15,"key":"SMITH"}],"neow_cost":"NONE","seed_source_timestamp":6753329126191844,"circlet_count":0,"master_deck":["AscendersBane","Bash+1","Corruption+1","Dropkick","Shrug It Off","Sever Soul","Flame Barrier","Armaments+1","Dropkick","Whirlwind","Barricade","Heavy Blade","Rampage","Wild Strike","Berserk","Searing Blow","Flame Barrier","Wild Strike","Dropkick"],"relics":["Burning Blood","NeowsBlessing","Vajra","Lantern","Blood Vial","Ancient Tea Set","Pandora\u0027s Box"],"potions_floor_usage":[10,16],"damage_taken":[{"damage":0,"enemies":"Jaw Worm","floor":1,"turns":1},{"damage":0,"enemies":"2 Louse","floor":3,"turns":1},{"damage":0,"enemies":"Gremlin Nob","floor":7,"turns":1},{"damage":33,"enemies":"3 Sentries","floor":10,"turns":15},{"damage":1,"enemies":"Small Slimes","floor":11,"turns":4},{"damage":1,"enemies":"Exordium Wildlife","floor":12,"turns":3},{"damage":4,"enemies":"Looter","floor":13,"turns":4},{"damage":35,"enemies":"Lagavulin","floor":14,"turns":7},{"damage":18,"enemies":"Slime Boss","floor":16,"turns":9},{"damage":42,"enemies":"2 Thieves","floor":18,"turns":5},{"damage":46,"enemies":"Chosen","floor":19,"turns":5}],"seed_played":"2325981499657216192","potions_obtained":[{"floor":1,"key":"Swift Potion"},{"floor":7,"key":"Fire Potion"},{"floor":11,"key":"EssenceOfSteel"},{"floor":14,"key":"Strength Potion"},{"floor":18,"key":"Ancient Potion"}],"is_trial":false,"path_per_floor":["M","?","M","?","?","R","E","R","T","E","M","M","M","E","R","B",null,"M","M"],"character_chosen":"IRONCLAD","items_purchased":[],"campfire_rested":0,"item_purchase_floors":[],"current_hp_per_floor":[74,67,73,73,73,73,75,75,75,48,55,62,66,39,39,29,64,30,0],"gold":324,"neow_bonus":"THREE_ENEMY_KILL","is_prod":false,"is_daily":false,"chose_seed":false,"campfire_upgraded":3,"win_rate":0,"timestamp":1552168866,"path_taken":["M","?","M","?","?","R","E","R","T","E","M","M","?","E","R","BOSS","M","M"],"build_version":"2019-01-23","purchased_purges":0,"victory":false,"max_hp_per_floor":[75,75,75,75,75,75,75,75,75,75,75,75,75,75,75,75,75,75,75],"card_choices":[{"not_picked":["Bloodletting","Carnage"],"picked":"Corruption","floor":1},{"not_picked":["Thunderclap","Perfected Strike"],"picked":"Dropkick","floor":3},{"not_picked":["Ghostly Armor","Corruption"],"picked":"Shrug It Off","floor":7},{"not_picked":["Berserk","Battle Trance"],"picked":"Sever Soul","floor":10},{"not_picked":["True Grit","Heavy Blade"],"picked":"Flame Barrier","floor":11},{"not_picked":["Hemokinesis","Body Slam"],"picked":"Armaments","floor":12},{"not_picked":["Flex","Clash"],"picked":"Dropkick","floor":13},{"not_picked":["True Grit","Combust"],"picked":"Whirlwind","floor":14},{"not_picked":["Impervious","Dark Embrace"],"picked":"Barricade","floor":16},{"not_picked":["Perfected Strike+1","Corruption"],"picked":"Dropkick","floor":18}],"player_experience":581611,"relics_obtained":[{"floor":7,"key":"Vajra"},{"floor":9,"key":"Lantern"},{"floor":10,"key":"Blood Vial"},{"floor":14,"key":"Ancient Tea Set"}],"event_choices":[{"cards_removed":["Strike_R"],"damage_healed":0,"gold_gain":0,"player_choice":"Card Removal","damage_taken":7,"max_hp_gain":0,"max_hp_loss":0,"event_name":"Golden Wing","floor":2,"gold_loss":0},{"cards_removed":["Strike_R"],"damage_healed":0,"gold_gain":0,"player_choice":"Card Removal","damage_taken":0,"max_hp_gain":0,"max_hp_loss":0,"event_name":"The Cleric","floor":4,"gold_loss":75},{"damage_healed":0,"gold_gain":0,"player_choice":"Ignored","damage_taken":0,"max_hp_gain":0,"max_hp_loss":0,"event_name":"Liars Game","floor":5,"gold_loss":0}],"is_beta":false,"boss_relics":[{"not_picked":["Coffee Dripper","Runic Pyramid"],"picked":"Pandora\u0027s Box"}],"items_purged_floors":[],"is_endless":false,"potions_floor_spawned":[1,7,11,14,18],"killed_by":"Chosen","ascension_level":18}