{"gold_per_floor":[113,126,144,156,176,176,201,231,231,257,270,270,289,289,289,363,363,363],"floor_reached":18,"playtime":570,"items_purged":[],"score":398,"play_id":"bd1f2331-c613-4cc4-906a-94f7cdc8bc59","local_time":"20190609092911","is_ascension_mode":true,"campfire_choices":[{"data":"Bash","floor":6,"key":"SMITH"},{"data":"Inflame","floor":12,"key":"SMITH"},{"floor":15,"key":"REST"}],"neow_cost":"PERCENT_DAMAGE","seed_source_timestamp":399897302251400,"circlet_count":0,"master_deck":["AscendersBane","Strike_R","Strike_R","Strike_R","Strike_R","Strike_R","Defend_R","Defend_R","Defend_R","Defend_R","Bash+1","Cleave","Sword Boomerang","Inflame+1","Pommel Strike","Rampage","Seeing Red","Disarm","Shrug It Off","Carnage","Fiend Fire"],"special_seed":0,"relics":["Burning Blood","FossilizedHelix","Singing Bowl","Odd Mushroom","Frozen Egg 2","Happy Flower","The Courier","Black Star"],"potions_floor_usage":[7],"damage_taken":[{"damage":2.0,"enemies":"2 Louse","floor":1.0,"turns":3.0},{"damage":0.0,"enemies":"Cultist","floor":2.0,"turns":3.0},{"damage":0.0,"enemies":"Small Slimes","floor":3.0,"turns":2.0},{"damage":16,"enemies":"Gremlin Gang","floor":4,"turns":5},{"damage":6,"enemies":"Exordium Wildlife","floor":5,"turns":2},{"damage":0,"enemies":"Gremlin Nob","floor":7,"turns":3},{"damage":21,"enemies":"The Mushroom Lair","floor":8,"turns":3},{"damage":25,"enemies":"3 Sentries","floor":10,"turns":6},{"damage":0,"enemies":"2 Fungi Beasts","floor":11,"turns":3},{"damage":19,"enemies":"Gremlin Gang","floor":13,"turns":5},{"damage":18,"enemies":"Slime Boss","floor":16,"turns":10},{"damage":0,"enemies":"3 Byrds","floor":18,"turns":1}],"seed_played":"-9096736133637619842","potions_obtained":[{"floor":1.0,"key":"EssenceOfSteel"},{"floor":3.0,"key":"FairyPotion"},{"floor":5,"key":"FearPotion"},{"floor":13,"key":"SkillPotion"},{"floor":16,"key":"Poison Potion"}],"is_trial":false,"path_per_floor":["M","M","M","M","M","R","E","?","T","E","M","R","M","?","R","B",null,"M"],"character_chosen":"IRONCLAD","items_purchased":[],"campfire_rested":1,"item_purchase_floors":[],"current_hp_per_floor":[54,60,66,56,56,56,64,49,49,30,36,36,23,23,46,34,66,66],"gold":363,"neow_bonus":"ONE_RARE_RELIC","is_prod":false,"is_daily":false,"chose_seed":false,"campfire_upgraded":2,"win_rate":0,"timestamp":1560068951,"path_taken":["M","M","M","M","M","R","E","?","T","E","M","R","M","?","R","BOSS","M"],"build_version":"2019-01-23","purchased_purges":0,"victory":false,"max_hp_per_floor":[75,75,75,75,75,75,77,77,77,77,77,77,77,77,77,77,77,77],"card_choices":[{"not_picked":["Power Through","True Grit"],"picked":"Cleave","floor":1.0},{"not_picked":["Ghostly Armor","Armaments"],"picked":"Sword Boomerang","floor":2.0},{"not_picked":["Cleave","Spot Weakness"],"picked":"Inflame","floor":3.0},{"not_picked":["Disarm","Ghostly Armor"],"picked":"Pommel Strike","floor":4},{"not_picked":["Anger","Berserk"],"picked":"Rampage","floor":5},{"not_picked":["Body Slam","Havoc","Rage"],"picked":"Singing Bowl","floor":7},{"not_picked":["Corruption","Wild Strike"],"picked":"Seeing Red","floor":8},{"not_picked":["Sentinel","Feel No Pain+1"],"picked":"Disarm","floor":10},{"not_picked":["Cleave","Perfected Strike"],"picked":"Shrug It Off","floor":11},{"not_picked":["Armaments","Sword Boomerang"],"picked":"Carnage","floor":13},{"not_picked":["Bludgeon","Berserk+1"],"picked":"Fiend Fire","floor":16}],"player_experience":1434831,"relics_obtained":[{"floor":7,"key":"Singing Bowl"},{"floor":8,"key":"Odd Mushroom"},{"floor":9,"key":"Frozen Egg 2"},{"floor":10,"key":"Happy Flower"}],"event_choices":[{"damage_healed":0,"gold_gain":0,"player_choice":"Fought Mushrooms","damage_taken":0,"max_hp_gain":0,"max_hp_loss":0,"event_name":"Mushrooms","floor":8,"gold_loss":0},{"damage_healed":0,"gold_gain":0,"player_choice":"Gave Potion","damage_taken":0,"relics_obtained":["The Courier"],"max_hp_gain":0,"max_hp_loss":0,"event_name":"WeMeetAgain","floor":14,"gold_loss":0}],"is_beta":false,"boss_relics":[{"not_picked":["Tiny House","Mark of Pain"],"picked":"Black Star"}],"items_purged_floors":[],"is_endless":false,"potions_floor_spawned":[1,3,5,13,16],"killed_by":"3 Byrds","ascension_level":20}