{"gold_per_floor":[114,114,126,126,72,100,100,115,115,115,134,150,178,188,188,188],"floor_reached":16,"playtime":370,"items_purged":[],"score":224,"play_id":"6c543e76-cc02-48ff-9d98-299d659b29b0","local_time":"20190618200549","is_ascension_mode":true,"campfire_choices":[{"data":"Bash","floor":7,"key":"SMITH"},{"floor":15,"key":"REST"}],"neow_cost":"NONE","seed_source_timestamp":4520896988730699,"circlet_count":0,"master_deck":["AscendersBane","Strike_R","Strike_R","Strike_R","Strike_R","Strike_R","Defend_R","Defend_R","Defend_R","Defend_R","Bash+1","Wild Strike","Twin Strike","Cleave","Headbutt","Whirlwind+1","Perfected Strike","Perfected Strike","Dropkick","Battle Trance"],"relics":["Burning Blood","Oddly Smooth Stone","Question Card","Bronze Scales","Letter Opener"],"potions_floor_usage":[12,13],"damage_taken":[{"damage":8,"enemies":"Small Slimes","floor":1,"turns":4},{"damage":0,"enemies":"Jaw Worm","floor":3,"turns":3},{"damage":48,"enemies":"3 Sentries","floor":6,"turns":9},{"damage":4,"enemies":"2 Louse","floor":8,"turns":3},{"damage":11,"enemies":"Looter","floor":11,"turns":2},{"damage":6,"enemies":"Lots of Slimes","floor":12,"turns":2},{"damage":8,"enemies":"Lagavulin","floor":13,"turns":5},{"damage":13,"enemies":"Blue Slaver","floor":14,"turns":2},{"damage":46,"enemies":"The Guardian","floor":16,"turns":8}],"seed_played":"3274326585211637881","potions_obtained":[{"floor":6,"key":"Block Potion"},{"floor":11,"key":"Swift Potion"}],"is_trial":false,"path_per_floor":["M","?","M","$","$","E","R","M","T","?","M","M","E","M","R","B"],"character_chosen":"IRONCLAD","items_purchased":["Cleave"],"campfire_rested":1,"item_purchase_floors":[5],"current_hp_per_floor":[66,66,72,72,72,30,30,32,32,32,27,27,25,18,40,0],"gold":188,"neow_bonus":"RANDOM_COMMON_RELIC","is_prod":false,"is_daily":false,"chose_seed":false,"campfire_upgraded":1,"win_rate":0,"timestamp":1560902749,"path_taken":["M","?","M","?","$","E","R","M","T","?","M","M","E","M","R","BOSS"],"build_version":"2019-01-23","purchased_purges":0,"victory":false,"max_hp_per_floor":[75,75,75,75,75,75,75,75,75,75,75,75,75,75,75,75],"card_choices":[{"not_picked":["Warcry","Corruption"],"picked":"Wild Strike","floor":1},{"not_picked":["Warcry","Seeing Red"],"picked":"Twin Strike","floor":3},{"not_picked":["Carnage","Havoc"],"picked":"Headbutt","floor":6},{"not_picked":["Heavy Blade","Sword Boomerang","Entrench"],"picked":"Whirlwind","floor":8},{"not_picked":["Berserk","Anger","Heavy Blade"],"picked":"Perfected Strike","floor":11},{"not_picked":["Havoc","Body Slam","Shrug It Off"],"picked":"Perfected Strike","floor":12},{"not_picked":["Sword Boomerang","Havoc","Reaper"],"picked":"Dropkick","floor":13},{"not_picked":["Dual Wield","Body Slam","Thunderclap"],"picked":"Battle Trance","floor":14}],"player_experience":761050,"relics_obtained":[{"floor":6,"key":"Question Card"},{"floor":9,"key":"Bronze Scales"},{"floor":13,"key":"Letter Opener"}],"event_choices":[{"damage_healed":0,"gold_gain":0,"player_choice":"Leave","damage_taken":0,"max_hp_gain":0,"max_hp_loss":0,"event_name":"The Cleric","floor":2,"gold_loss":0},{"damage_healed":0,"gold_gain":0,"player_choice":"Grow","damage_taken":0,"max_hp_gain":0,"max_hp_loss":0,"event_name":"Living Wall","floor":10,"gold_loss":0,"cards_upgraded":["Whirlwind"]}],"is_beta":false,"boss_relics":[],"items_purged_floors":[],"is_endless":false,"potions_floor_spawned":[6,11],"killed_by":"The Guardian","ascension_level":20}