{"gold_per_floor":[115,165,78,89,164,194,194,220,247,247,257,276,25,50,50,126,126,144,144,144,157,170,197,209,231,243,255,95,128,128,53,53,132,132,143,157,167,4,21,21,21],"floor_reached":41,"playtime":2107,"items_purged":["Pain"],"score":948,"play_id":"a263afcc-50e9-42cd-b4a5-7fb4144c5828","local_time":"20190629211213","is_ascension_mode":true,"campfire_choices":[{"data":"Footwork","floor":7.0,"key":"SMITH"},{"floor":15.0,"key":"REST"},{"data":"Well Laid Plans","floor":24.0,"key":"SMITH"},{"data":"Caltrops","floor":27.0,"key":"SMITH"},{"floor":32.0,"key":"REST"},{"data":"Footwork","floor":40,"key":"SMITH"}],"neow_cost":"NONE","seed_source_timestamp":5473106775717032,"circlet_count":0,"master_deck":["AscendersBane","Defend_G+1","Defend_G+1","Defend_G+1","Defend_G+1","Defend_G+1","Strike_G+1","Strike_G+1","Strike_G+1","Strike_G+1","Survivor","Neutralize+1","Footwork+1","Backstab","Bouncing Flask","Leg Sweep","Acrobatics","Escape Plan","Caltrops+1","Malaise","Bane","Catalyst","Well Laid Plans+1","Corpse Explosion","Footwork+1","Blur","PiercingWail","Parasite","Escape Plan+1"],"special_seed":0,"relics":["Ring of the Snake","NeowsBlessing","Whetstone","Singing Bowl","Happy Flower","Snake Skull","Lantern","Sozu","MawBank","Letter Opener","Blood Vial","WarpedTongs","Eternal Feather","Anchor"],"potions_floor_usage":[],"damage_taken":[{"damage":0.0,"enemies":"Small Slimes","floor":1.0,"turns":1.0},{"damage":0.0,"enemies":"Cultist","floor":4.0,"turns":1.0},{"damage":0.0,"enemies":"Gremlin Nob","floor":6.0,"turns":1.0},{"damage":14.0,"enemies":"Lagavulin","floor":8.0,"turns":10.0},{"damage":0.0,"enemies":"Jaw Worm","floor":11.0,"turns":6.0},{"damage":0.0,"enemies":"Blue Slaver","floor":12.0,"turns":4.0},{"damage":33.0,"enemies":"Gremlin Nob","floor":14.0,"turns":5.0},{"damage":5.0,"enemies":"The Guardian","floor":16.0,"turns":9.0},{"damage":0.0,"enemies":"3 Byrds","floor":18.0,"turns":4.0},{"damage":0.0,"enemies":"Chosen","floor":21.0,"turns":5.0},{"damage":1.0,"enemies":"Snake Plant","floor":22.0,"turns":5.0},{"damage":30.0,"enemies":"Slavers","floor":23.0,"turns":8.0},{"damage":0.0,"enemies":"Cultist and Chosen","floor":25.0,"turns":9.0},{"damage":7.0,"enemies":"Book of Stabbing","floor":29.0,"turns":5.0},{"damage":11.0,"enemies":"Champ","floor":33.0,"turns":16.0},{"damage":17.0,"enemies":"3 Darklings","floor":35.0,"turns":3.0},{"damage":9,"enemies":"3 Shapes","floor":36,"turns":6},{"damage":10,"enemies":"Transient","floor":37,"turns":6},{"damage":0,"enemies":"Writhing Mass","floor":39,"turns":6},{"damage":66,"enemies":"Reptomancer","floor":41,"turns":7}],"seed_played":"-7000828487675986659","potions_obtained":[{"floor":6.0,"key":"Energy Potion"},{"floor":16.0,"key":"GhostInAJar"}],"is_trial":false,"path_per_floor":["M","?","$","M","?","E","R","E","T","?","M","M","$","E","R","B",null,"M","?","?","M","M","E","R","M","T","R","$","E","?","$","R","B",null,"M","M","M","$","M","R","E"],"character_chosen":"THE_SILENT","items_purchased":["Backstab","Snake Skull","Caltrops","Corpse Explosion","Footwork","Anchor"],"campfire_rested":2,"item_purchase_floors":[3,13,13,28,28,38],"current_hp_per_floor":[59,59,59,59,48,48,48,36,36,36,36,38,38,7,28,23,60,60,60,60,60,61,31,31,33,33,33,33,26,26,26,48,41,69,54,49,43,43,45,60,0],"gold":21,"neow_bonus":"THREE_ENEMY_KILL","is_prod":false,"is_daily":false,"chose_seed":false,"campfire_upgraded":4,"win_rate":0,"timestamp":1561857133,"path_taken":["M","?","$","?","?","E","R","E","T","?","?","M","?","E","R","BOSS","M","?","?","?","M","E","R","M","T","R","?","E","?","$","R","BOSS","M","M","?","$","M","R","E"],"build_version":"2019-01-23","purchased_purges":1,"victory":false,"max_hp_per_floor":[66,66,66,66,66,66,66,68,68,68,68,70,70,72,72,72,72,72,72,72,72,74,74,74,76,76,76,76,76,76,76,76,78,78,78,80,82,82,82,82,82],"card_choices":[{"not_picked":["Prepared","Flying Knee"],"picked":"Footwork","floor":1.0},{"not_picked":["Escape Plan","Choke"],"picked":"Bouncing Flask","floor":4.0},{"not_picked":["Acrobatics","Backstab"],"picked":"Leg Sweep","floor":6.0},{"not_picked":["Poisoned Stab","Quick Slash","Flying Knee"],"picked":"Singing Bowl","floor":8.0},{"not_picked":["Acrobatics","Slice"],"picked":"Escape Plan","floor":11.0},{"not_picked":["Flechettes","Bane","Distraction"],"picked":"Singing Bowl","floor":12.0},{"not_picked":["Finisher","Concentrate","Distraction"],"picked":"Singing Bowl","floor":14.0},{"not_picked":["A Thousand Cuts","Glass Knife"],"picked":"Malaise","floor":16.0},{"not_picked":["Underhanded Strike","Quick Slash"],"picked":"Bane","floor":18.0},{"not_picked":["Masterful Stab","Accuracy"],"picked":"Catalyst","floor":21.0},{"not_picked":["Flying Knee","Cloak And Dagger","Concentrate"],"picked":"Singing Bowl","floor":22.0},{"not_picked":["Slice","Outmaneuver"],"picked":"Well Laid Plans","floor":23.0},{"not_picked":["Poisoned Stab","Slice","Heel Hook"],"picked":"Singing Bowl","floor":25.0},{"not_picked":["All Out Attack","Underhanded Strike"],"picked":"Blur","floor":29.0},{"not_picked":["Storm of Steel","Corpse Explosion","Phantasmal Killer"],"picked":"Singing Bowl","floor":33.0},{"not_picked":["Endless Agony","Expertise"],"picked":"PiercingWail","floor":35.0},{"not_picked":["Slice+1","Underhanded Strike","Deadly Poison+1"],"picked":"Singing Bowl","floor":36},{"not_picked":["Poisoned Stab","Tactician","Cloak And Dagger"],"picked":"Singing Bowl","floor":37},{"not_picked":["Cloak And Dagger","Prepared"],"picked":"Escape Plan+1","floor":39}],"player_experience":809776,"relics_obtained":[{"floor":6.0,"key":"Whetstone"},{"floor":8.0,"key":"Singing Bowl"},{"floor":9.0,"key":"Happy Flower"},{"floor":14.0,"key":"Lantern"},{"floor":23.0,"key":"MawBank"},{"floor":26.0,"key":"Letter Opener"},{"floor":29.0,"key":"Blood Vial"}],"event_choices":[{"damage_healed":0.0,"max_hp_gain":0.0,"max_hp_loss":0.0,"gold_gain":50.0,"event_name":"Golden Shrine","player_choice":"Pray","floor":2.0,"gold_loss":0.0,"damage_taken":0.0},{"damage_healed":0.0,"max_hp_gain":0.0,"max_hp_loss":0.0,"gold_gain":75.0,"event_name":"World of Goop","player_choice":"Gather Gold","floor":5.0,"gold_loss":0.0,"damage_taken":11.0},{"damage_healed":0.0,"max_hp_gain":0.0,"max_hp_loss":0.0,"gold_gain":0.0,"cards_transformed":["Strike_G"],"event_name":"Transmorgrifier","player_choice":"Transformed","floor":10.0,"gold_loss":0.0,"damage_taken":0.0,"cards_obtained":["Acrobatics"]},{"damage_healed":0.0,"max_hp_gain":0.0,"max_hp_loss":0.0,"gold_gain":0.0,"event_name":"Back to Basics","player_choice":"Simplicity","floor":19.0,"gold_loss":0.0,"damage_taken":0.0,"cards_upgraded":["Defend_G","Defend_G","Defend_G","Defend_G","Defend_G","Strike_G","Strike_G","Strike_G"]},{"damage_healed":0.0,"max_hp_gain":0.0,"max_hp_loss":0.0,"gold_gain":0.0,"event_name":"Lab","player_choice":"Got Potions","floor":20.0,"gold_loss":0.0,"damage_taken":0.0},{"damage_healed":0.0,"max_hp_gain":0.0,"max_hp_loss":0.0,"gold_gain":0.0,"event_name":"Accursed Blacksmith","player_choice":"Rummage","floor":30.0,"gold_loss":0.0,"damage_taken":0.0,"relics_obtained":["WarpedTongs"],"cards_obtained":["Pain"]}],"is_beta":false,"boss_relics":[{"not_picked":["Empty Cage","Orrery"],"picked":"Sozu"},{"not_picked":["Lizard Tail","Calling Bell"],"picked":"Eternal Feather"}],"items_purged_floors":[31],"is_endless":false,"potions_floor_spawned":[6,16,21,22,23,35,39],"killed_by":"Reptomancer","ascension_level":20}