{"gold_per_floor":[111,111,111,111,130,161,161,211,238,238,264,264,275,290,290,367,367,381,381,381,391,405,405,435,450,507,507],"floor_reached":27,"playtime":1000,"items_purged":[],"score":482,"play_id":"d4c01944-5477-4699-bd09-4bc162cfc375","local_time":"20190406145835","is_ascension_mode":true,"campfire_choices":[{"floor":7.0,"key":"REST"},{"data":"Neutralize","floor":10.0,"key":"SMITH"},{"data":"Catalyst","floor":12.0,"key":"SMITH"},{"data":"Dodge and Roll","floor":15.0,"key":"SMITH"},{"floor":23,"key":"REST"}],"neow_cost":"NONE","seed_source_timestamp":9160517711302756,"circlet_count":0,"master_deck":["AscendersBane","Defend_G+1","Defend_G+1","Defend_G+1","Defend_G+1","Defend_G+1","Strike_G+1","Survivor+1","Neutralize+1","Flying Knee","Bouncing Flask+1","Catalyst+1","Quick Slash+1","Skewer+1","Cloak And Dagger","Dodge and Roll+1","Malaise+1","Accuracy+1","Glass Knife+1","After Image+1","Flying Knee+1","Bullet Time","Cloak And Dagger+1","Burst","Bane+1"],"special_seed":0,"relics":["Ring of the Snake","Pen Nib","Molten Egg 2","Happy Flower","Lantern","Astrolabe","War Paint","Tiny Chest"],"potions_floor_usage":[27],"damage_taken":[{"damage":0.0,"enemies":"2 Louse","floor":1.0,"turns":2.0},{"damage":0.0,"enemies":"Cultist","floor":5.0,"turns":3.0},{"damage":42.0,"enemies":"Gremlin Nob","floor":6.0,"turns":5.0},{"damage":12.0,"enemies":"Lagavulin","floor":11.0,"turns":7.0},{"damage":0.0,"enemies":"Small Slimes","floor":13.0,"turns":2.0},{"damage":0.0,"enemies":"2 Fungi Beasts","floor":14.0,"turns":2.0},{"damage":1.0,"enemies":"The Guardian","floor":16.0,"turns":7.0},{"damage":2.0,"enemies":"Chosen","floor":18.0,"turns":5.0},{"damage":3,"enemies":"3 Byrds","floor":21,"turns":6},{"damage":8,"enemies":"Shelled Parasite and Fungi","floor":22,"turns":6},{"damage":2,"enemies":"Book of Stabbing","floor":24,"turns":5},{"damage":16,"enemies":"Sentry and Sphere","floor":25,"turns":4},{"damage":41,"enemies":"Cultist and Chosen","floor":27,"turns":5}],"seed_played":"6806323229683944109","potions_obtained":[{"floor":1.0,"key":"Poison Potion"},{"floor":5.0,"key":"Block Potion"},{"floor":14.0,"key":"Swift Potion"},{"floor":16.0,"key":"Fire Potion"},{"floor":24,"key":"Dexterity Potion"},{"floor":25,"key":"PowerPotion"}],"is_trial":false,"path_per_floor":["M","?","$","?","M","E","R","?","T","R","E","R","M","M","R","B",null,"M","?","?","M","M","R","E","M","T","M"],"character_chosen":"THE_SILENT","items_purchased":[],"campfire_rested":2,"item_purchase_floors":[],"current_hp_per_floor":[59,59,59,59,59,17,36,36,36,36,24,24,24,24,24,23,55,53,53,47,44,36,55,53,37,37,0],"gold":507,"neow_bonus":"RANDOM_COMMON_RELIC","is_prod":false,"is_daily":false,"chose_seed":false,"campfire_upgraded":3,"win_rate":0,"timestamp":1554577115,"path_taken":["M","?","?","?","M","E","R","?","T","R","E","R","?","M","R","BOSS","M","?","?","M","M","R","E","M","T","?"],"build_version":"2019-01-23","purchased_purges":0,"victory":false,"max_hp_per_floor":[66,66,66,66,66,66,66,66,66,66,66,66,66,66,66,66,66,66,66,66,66,66,66,66,66,66,66],"card_choices":[{"not_picked":["Cloak And Dagger","Acrobatics"],"picked":"Flying Knee","floor":1.0},{"not_picked":["Deflect","Outmaneuver"],"picked":"Catalyst","floor":5.0},{"not_picked":["Slice","Catalyst"],"picked":"Quick Slash","floor":6.0},{"not_picked":["Infinite Blades","Prepared"],"picked":"Skewer+1","floor":11.0},{"not_picked":["Distraction","All Out Attack+1"],"picked":"Cloak And Dagger","floor":13.0},{"not_picked":["Deflect","Venomology"],"picked":"Dodge and Roll","floor":14.0},{"not_picked":["Tools of the Trade","Burst"],"picked":"Malaise","floor":16.0},{"not_picked":["Deflect","Prepared"],"picked":"Flying Knee+1","floor":18.0},{"not_picked":["Prepared","Cloak And Dagger"],"picked":"Bullet Time","floor":21},{"not_picked":["Blade Dance+1","Prepared"],"picked":"Cloak And Dagger+1","floor":22},{"not_picked":["Setup","Deadly Poison+1"],"picked":"Burst","floor":24},{"not_picked":["Acrobatics","Slice+1"],"picked":"Bane+1","floor":25}],"player_experience":616291,"relics_obtained":[{"floor":6.0,"key":"Molten Egg 2"},{"floor":9.0,"key":"Happy Flower"},{"floor":11.0,"key":"Lantern"},{"floor":24,"key":"War Paint"},{"floor":26,"key":"Tiny Chest"}],"event_choices":[{"damage_healed":0.0,"max_hp_gain":0.0,"max_hp_loss":0.0,"gold_gain":0.0,"cards_transformed":["Strike_G"],"event_name":"Transmorgrifier","player_choice":"Transformed","floor":2.0,"gold_loss":0.0,"damage_taken":0.0,"cards_obtained":["Bouncing Flask"]},{"damage_healed":0.0,"max_hp_gain":0.0,"max_hp_loss":0.0,"gold_gain":0.0,"event_name":"Living Wall","player_choice":"Grow","floor":4.0,"gold_loss":0.0,"damage_taken":0.0,"cards_upgraded":["Bouncing Flask"]},{"damage_healed":0.0,"max_hp_gain":0.0,"max_hp_loss":0.0,"gold_gain":50.0,"event_name":"Golden Shrine","player_choice":"Pray","floor":8.0,"gold_loss":0.0,"damage_taken":0.0},{"damage_healed":0.0,"max_hp_gain":0.0,"max_hp_loss":0.0,"gold_gain":0.0,"event_name":"Back to Basics","player_choice":"Simplicity","floor":19.0,"gold_loss":0.0,"damage_taken":0.0,"cards_upgraded":["Defend_G","Defend_G","Defend_G","Defend_G","Defend_G","Strike_G"]},{"damage_healed":0,"gold_gain":0,"player_choice":"","damage_taken":6,"max_hp_gain":0,"max_hp_loss":0,"event_name":"Knowing Skull","floor":20,"potions_obtained":[],"gold_loss":0,"cards_obtained":[]}],"is_beta":false,"boss_relics":[{"not_picked":["Busted Crown","Velvet Choker"],"picked":"Astrolabe"}],"items_purged_floors":[],"is_endless":false,"potions_floor_spawned":[1,5,14,16,21,24,25],"killed_by":"Cultist and Chosen","ascension_level":20}