{"gold_per_floor":[113,127,52,62,27,27,62,137,137,165,165,76,76,89,89,163,163,182,182,182,182,194,194,207,207],"floor_reached":25,"playtime":713,"items_purged":["Strike_G"],"score":418,"play_id":"9175824d-20b9-4294-afe0-69c2e77bfbd1","local_time":"20190504200800","is_ascension_mode":true,"campfire_choices":[{"floor":6.0,"key":"RECALL"},{"floor":11.0,"key":"REST"},{"floor":15,"key":"REST"},{"floor":23,"key":"REST"}],"neow_cost":"NONE","seed_source_timestamp":8454388252100,"circlet_count":0,"master_deck":["AscendersBane","Defend_G","Defend_G","Defend_G","Defend_G","Strike_G","Strike_G","Survivor","Neutralize","Flying Knee","Dagger Throw","Skewer","Footwork","Dash","Footwork","Pain","Backflip","Unload","Slice+1","Night Terror+1","Bane+1","Deadly Poison","Footwork","Predator"],"special_seed":0,"relics":["Fusion Hammer","Paper Crane","Bronze Scales","Bottled Flame","WarpedTongs","Astrolabe","MutagenicStrength","Bottled Lightning"],"potions_floor_usage":[22],"damage_taken":[{"damage":1.0,"enemies":"2 Louse","floor":1.0,"turns":3.0},{"damage":7.0,"enemies":"Small Slimes","floor":2.0,"turns":4.0},{"damage":0.0,"enemies":"Cultist","floor":4.0,"turns":4.0},{"damage":13.0,"enemies":"Lagavulin","floor":7.0,"turns":6.0},{"damage":16.0,"enemies":"Gremlin Nob","floor":10.0,"turns":4.0},{"damage":1,"enemies":"Looter","floor":14,"turns":3},{"damage":36,"enemies":"The Guardian","floor":16,"turns":13},{"damage":8,"enemies":"3 Byrds","floor":18,"turns":4},{"damage":21,"enemies":"Shell Parasite","floor":22,"turns":2},{"damage":25,"enemies":"Snake Plant","floor":24,"turns":5},{"damage":6,"enemies":"Sentry and Sphere","floor":25,"turns":4}],"seed_played":"6120660470483057902","potions_obtained":[{"floor":2.0,"key":"AttackPotion"},{"floor":4.0,"key":"SkillPotion"},{"floor":16,"key":"Fire Potion"},{"floor":22,"key":"Dexterity Potion"}],"is_trial":false,"path_per_floor":["M","M","$","M","?","R","E","?","T","E","R","$","?","M","R","B",null,"M","?","?","T","M","R","M","M"],"character_chosen":"THE_SILENT","items_purchased":["Footwork"],"campfire_rested":3,"item_purchase_floors":[12],"current_hp_per_floor":[58,51,51,51,66,66,53,42,42,26,45,45,45,44,63,27,56,48,48,30,30,9,30,5,0],"gold":207,"neow_bonus":"BOSS_RELIC","is_prod":false,"is_daily":false,"chose_seed":false,"campfire_upgraded":0,"win_rate":0,"timestamp":1556996880,"path_taken":["M","M","$","M","?","R","E","?","T","E","R","$","?","?","R","BOSS","M","?","?","?","?","R","M","M"],"build_version":"2019-01-23","purchased_purges":1,"victory":false,"max_hp_per_floor":[66,66,66,66,66,66,66,66,66,66,66,66,66,66,66,66,66,66,66,71,71,71,71,71,71],"card_choices":[{"not_picked":["Backflip","Blade Dance"],"picked":"Flying Knee","floor":1.0},{"not_picked":["Blade Dance","Dagger Spray"],"picked":"Dagger Throw","floor":2.0},{"not_picked":["Masterful Stab","Blur"],"picked":"Skewer","floor":4.0},{"not_picked":["Dagger Throw","Reflex"],"picked":"Footwork","floor":7.0},{"not_picked":["Caltrops","Dodge and Roll"],"picked":"Dash","floor":10.0},{"not_picked":["Quick Slash","Bane"],"picked":"Backflip","floor":14},{"not_picked":["Doppelganger","Bullet Time"],"picked":"Unload","floor":16},{"not_picked":["Poisoned Stab","Sucker Punch"],"picked":"Deadly Poison","floor":18},{"not_picked":["Distraction","Blade Dance"],"picked":"Footwork","floor":22},{"not_picked":["Blade Dance","All Out Attack"],"picked":"Predator","floor":24}],"player_experience":1333938,"relics_obtained":[{"floor":7.0,"key":"Paper Crane"},{"floor":9.0,"key":"Bronze Scales"},{"floor":10.0,"key":"Bottled Flame"},{"floor":21,"key":"Bottled Lightning"}],"event_choices":[{"damage_healed":16.0,"max_hp_gain":0.0,"max_hp_loss":0.0,"gold_gain":0.0,"event_name":"The Cleric","player_choice":"Healed","floor":5.0,"gold_loss":35.0,"damage_taken":0.0},{"damage_healed":0.0,"max_hp_gain":0.0,"max_hp_loss":0.0,"gold_gain":75.0,"event_name":"World of Goop","player_choice":"Gather Gold","floor":8.0,"gold_loss":0.0,"damage_taken":11.0},{"damage_healed":0.0,"max_hp_gain":0.0,"max_hp_loss":0.0,"gold_gain":0.0,"event_name":"Accursed Blacksmith","player_choice":"Rummage","floor":13.0,"gold_loss":0.0,"damage_taken":0.0,"relics_obtained":["WarpedTongs"],"cards_obtained":["Pain"]},{"damage_healed":0,"gold_gain":0,"player_choice":"Inject Mutagens","damage_taken":0,"relics_obtained":["MutagenicStrength"],"max_hp_gain":0,"max_hp_loss":0,"event_name":"Drug Dealer","floor":19,"gold_loss":0},{"damage_healed":0,"gold_gain":0,"player_choice":"Shed Blood","damage_taken":23,"max_hp_gain":5,"max_hp_loss":0,"event_name":"Forgotten Altar","floor":20,"gold_loss":0}],"is_beta":false,"boss_relics":[{"not_picked":["WristBlade","Orrery"],"picked":"Astrolabe"}],"items_purged_floors":[3],"is_endless":false,"potions_floor_spawned":[2,4,16,22],"killed_by":"Sentry and Sphere","ascension_level":20}