{"gold_per_floor":[109,127,127,127,141,141,171,187,187,204,204,204,223,236,236,236],"floor_reached":16,"playtime":597,"items_purged":[],"score":208,"play_id":"39ee6624-9400-4f93-925a-66e11736708e","local_time":"20190617181212","is_ascension_mode":true,"campfire_choices":[{"data":"Neutralize","floor":6.0,"key":"SMITH"},{"floor":11.0,"key":"REST"},{"floor":15,"key":"REST"}],"neow_cost":"NONE","seed_source_timestamp":4427450232267639,"circlet_count":0,"master_deck":["AscendersBane","Defend_G","Defend_G","Defend_G","Defend_G","Defend_G","Strike_G","Strike_G","Strike_G","Strike_G","Strike_G","Survivor","Neutralize+1","Flying Knee","Deadly Poison","Footwork","Dagger Spray","Dodge and Roll","Deflect","Caltrops"],"special_seed":0,"relics":["Ring of the Snake","Orichalcum","Happy Flower","Question Card"],"potions_floor_usage":[],"damage_taken":[{"damage":23.0,"enemies":"Jaw Worm","floor":1.0,"turns":9.0},{"damage":0.0,"enemies":"2 Louse","floor":2.0,"turns":4.0},{"damage":4.0,"enemies":"Small Slimes","floor":5.0,"turns":3.0},{"damage":33.0,"enemies":"3 Sentries","floor":7.0,"turns":12.0},{"damage":11.0,"enemies":"Exordium Wildlife","floor":8.0,"turns":5.0},{"damage":6.0,"enemies":"Gremlin Gang","floor":10.0,"turns":5.0},{"damage":7,"enemies":"Large Slime","floor":13,"turns":7},{"damage":4,"enemies":"Red Slaver","floor":14,"turns":5},{"damage":34,"enemies":"Slime Boss","floor":16,"turns":7}],"seed_played":"825797887795670028","potions_obtained":[{"floor":2.0,"key":"Explosive Potion"},{"floor":5.0,"key":"Block Potion"},{"floor":7.0,"key":"PowerPotion"},{"floor":10.0,"key":"Energy Potion"}],"is_trial":false,"path_per_floor":["M","M","?","?","M","R","E","M","T","M","R","?","M","M","R","B"],"character_chosen":"THE_SILENT","items_purchased":[],"campfire_rested":2,"item_purchase_floors":[],"current_hp_per_floor":[36,36,36,58,54,54,21,10,10,4,23,23,16,12,31,0],"gold":236,"neow_bonus":"RANDOM_COMMON_RELIC","is_prod":false,"is_daily":false,"chose_seed":false,"campfire_upgraded":1,"win_rate":0,"timestamp":1560809532,"path_taken":["M","M","?","?","M","R","E","M","T","M","R","?","?","M","R","BOSS"],"build_version":"2019-01-23","purchased_purges":0,"victory":false,"max_hp_per_floor":[66,66,66,66,66,66,66,66,66,66,66,66,66,66,66,66],"card_choices":[{"not_picked":["Backflip","Sucker Punch"],"picked":"Flying Knee","floor":1.0},{"not_picked":["Cloak And Dagger","Concentrate"],"picked":"Deadly Poison","floor":2.0},{"not_picked":["Blade Dance","Prepared","Backflip"],"picked":"SKIP","floor":5.0},{"not_picked":["Slice","Terror"],"picked":"Footwork","floor":7.0},{"not_picked":["Quick Slash","Catalyst"],"picked":"Dagger Spray","floor":8.0},{"not_picked":["Reflex","Bane","Acrobatics"],"picked":"Dodge and Roll","floor":10.0},{"not_picked":["Dodge and Roll","Bane","PiercingWail"],"picked":"Deflect","floor":13},{"not_picked":["Backflip","PiercingWail","Outmaneuver"],"picked":"Caltrops","floor":14}],"player_experience":748440,"relics_obtained":[{"floor":7.0,"key":"Happy Flower"},{"floor":9.0,"key":"Question Card"}],"event_choices":[{"damage_healed":0.0,"max_hp_gain":0.0,"max_hp_loss":0.0,"gold_gain":0.0,"event_name":"Shining Light","player_choice":"Ignored","floor":3.0,"gold_loss":0.0,"damage_taken":0.0},{"damage_healed":22.0,"max_hp_gain":0.0,"max_hp_loss":0.0,"gold_gain":0.0,"event_name":"Big Fish","player_choice":"Banana","floor":4.0,"gold_loss":0.0,"damage_taken":0.0},{"damage_healed":0,"gold_gain":0,"player_choice":"Fled","damage_taken":0,"max_hp_gain":0,"max_hp_loss":0,"event_name":"Scrap Ooze","floor":12,"gold_loss":0}],"is_beta":false,"boss_relics":[],"items_purged_floors":[],"is_endless":false,"potions_floor_spawned":[2,5,7,10],"killed_by":"Slime Boss","ascension_level":20}