{"gold_per_floor":[119,67,122,137,149,178,189,217,217,217],"floor_reached":10,"playtime":276,"items_purged":[],"score":156,"play_id":"e3aede56-be73-43e9-af1d-1ee8bb8674d6","local_time":"20190322200142","is_ascension_mode":true,"campfire_choices":[],"neow_cost":"NONE","seed_source_timestamp":7883774449336119,"circlet_count":0,"master_deck":["AscendersBane","Strike_B","Strike_B","Strike_B","Strike_B","Defend_B","Defend_B","Defend_B","Defend_B","Zap","Dualcast","Steam","Ball Lightning","Glacier","Sweeping Beam","FTL","Ball Lightning"],"special_seed":0,"relics":["Cracked Core","NeowsBlessing","Bag of Marbles","Blood Vial","Ornamental Fan"],"potions_floor_usage":[10],"damage_taken":[{"damage":0.0,"enemies":"Cultist","floor":1.0,"turns":1.0},{"damage":0.0,"enemies":"Small Slimes","floor":4.0,"turns":1.0},{"damage":0.0,"enemies":"Jaw Worm","floor":5.0,"turns":1.0},{"damage":42.0,"enemies":"Gremlin Nob","floor":6.0,"turns":5.0},{"damage":0.0,"enemies":"2 Fungi Beasts","floor":7.0,"turns":3.0},{"damage":25.0,"enemies":"3 Sentries","floor":8.0,"turns":8.0},{"damage":3,"enemies":"Large Slime","floor":10,"turns":3}],"seed_played":"-5185537361022014608","potions_obtained":[{"floor":1.0,"key":"LiquidBronze"},{"floor":5.0,"key":"GamblersBrew"}],"is_trial":false,"path_per_floor":["M","$","T","M","M","E","M","E","T","M"],"character_chosen":"DEFECT","items_purchased":["Ball Lightning"],"campfire_rested":0,"item_purchase_floors":[2],"current_hp_per_floor":[64,64,64,64,64,22,24,1,1,0],"gold":217,"neow_bonus":"THREE_ENEMY_KILL","is_prod":false,"is_daily":false,"chose_seed":false,"campfire_upgraded":0,"win_rate":0,"timestamp":1553299302,"path_taken":["M","?","?","M","?","E","M","E","T","M"],"build_version":"2019-01-23","purchased_purges":0,"victory":false,"max_hp_per_floor":[71,71,71,71,71,71,71,71,71,71],"card_choices":[{"not_picked":["Skim","Doom and Gloom"],"picked":"Steam","floor":1.0},{"not_picked":["Melter","Streamline"],"picked":"Glacier","floor":4.0},{"not_picked":["Gash","Stack"],"picked":"Sweeping Beam","floor":5.0},{"not_picked":["Sweeping Beam","Steam","Blizzard"],"picked":"SKIP","floor":6.0},{"not_picked":["Hologram","Cold Snap"],"picked":"FTL","floor":7.0},{"not_picked":["Hologram","Turbo"],"picked":"Ball Lightning","floor":8.0}],"player_experience":596355,"relics_obtained":[{"floor":3.0,"key":"Bag of Marbles"},{"floor":6.0,"key":"Blood Vial"},{"floor":8.0,"key":"Ornamental Fan"}],"event_choices":[],"is_beta":false,"boss_relics":[],"items_purged_floors":[],"is_endless":false,"potions_floor_spawned":[1,5,6],"killed_by":"Large Slime","ascension_level":20}