{"gold_per_floor":[111,111,211,222,236,269,338,368,444,459,459,459,459,473,473,546,546,563,66,80,80],"floor_reached":21,"playtime":701,"items_purged":[],"score":378,"play_id":"09022752-0f7c-4890-826c-ab1542793099","local_time":"20190707141457","is_ascension_mode":true,"campfire_choices":[{"floor":11.0,"key":"REST"},{"data":"Well Laid Plans","floor":13.0,"key":"SMITH"},{"floor":15.0,"key":"REST"}],"neow_cost":"NONE","seed_source_timestamp":6140766659791151,"circlet_count":0,"master_deck":["AscendersBane","Strike_G","Strike_G","Strike_G","Strike_G","Strike_G","Defend_G","Defend_G","Defend_G","Defend_G","Defend_G","Survivor","Neutralize+1","Backstab","Backstab","Dash","Well Laid Plans+1","Flying Knee","Flying Knee","Infinite Blades+1","Envenom+1","Blur","Corpse Explosion","Caltrops+1","Sucker Punch+1"],"special_seed":0,"relics":["Ring of the Snake","NeowsBlessing","Du-Vu Doll","Juzu Bracelet","Frozen Egg 2","Gambling Chip","Black Star","Tingsha"],"potions_floor_usage":[],"damage_taken":[{"damage":0.0,"enemies":"Jaw Worm","floor":1.0,"turns":1.0},{"damage":0.0,"enemies":"Cultist","floor":4.0,"turns":1.0},{"damage":0.0,"enemies":"2 Louse","floor":5.0,"turns":1.0},{"damage":32.0,"enemies":"Lagavulin","floor":6.0,"turns":8.0},{"damage":26.0,"enemies":"Gremlin Nob","floor":8.0,"turns":5.0},{"damage":0.0,"enemies":"Looter","floor":10.0,"turns":1.0},{"damage":1.0,"enemies":"Lots of Slimes","floor":14.0,"turns":3.0},{"damage":33.0,"enemies":"The Guardian","floor":16.0,"turns":13.0},{"damage":32,"enemies":"Shell Parasite","floor":18,"turns":10},{"damage":4,"enemies":"Chosen","floor":20,"turns":4},{"damage":17,"enemies":"Snake Plant","floor":21,"turns":3}],"seed_played":"1702623911030927424","potions_obtained":[{"floor":1.0,"key":"Poison Potion"},{"floor":8.0,"key":"GamblersBrew"},{"floor":10.0,"key":"AttackPotion"},{"floor":16.0,"key":"GamblersBrew"},{"floor":18,"key":"Poison Potion"}],"is_trial":false,"path_per_floor":["M","?","?","M","M","E","?","E","T","M","R","?","R","M","R","B",null,"M","$","M","M"],"character_chosen":"THE_SILENT","items_purchased":["Corpse Explosion","Caltrops+1","Tingsha"],"campfire_rested":2,"item_purchase_floors":[19,19,19],"current_hp_per_floor":[59,59,59,59,59,27,27,1,1,1,20,20,20,19,38,5,51,19,19,15,0],"gold":80,"neow_bonus":"THREE_ENEMY_KILL","is_prod":false,"is_daily":false,"chose_seed":false,"campfire_upgraded":1,"win_rate":0,"timestamp":1562523297,"path_taken":["M","?","?","M","?","E","?","E","T","M","R","?","R","M","R","BOSS","M","$","M","M"],"build_version":"2019-07-05","purchased_purges":0,"victory":false,"max_hp_per_floor":[66,66,66,66,66,66,66,66,66,66,66,66,66,66,66,66,66,66,66,66,66],"card_choices":[{"not_picked":["Sucker Punch","Dagger Throw"],"picked":"Backstab","floor":1.0},{"not_picked":["Slice","Blade Dance"],"picked":"Backstab","floor":4.0},{"not_picked":["Prepared","Underhanded Strike"],"picked":"Dash","floor":5.0},{"not_picked":["Burst","Leg Sweep"],"picked":"Well Laid Plans","floor":6.0},{"not_picked":["Caltrops","Slice"],"picked":"Flying Knee","floor":8.0},{"not_picked":["Accuracy+1","Poisoned Stab"],"picked":"Flying Knee","floor":10.0},{"not_picked":["Riddle With Holes","Acrobatics"],"picked":"Infinite Blades+1","floor":14.0},{"not_picked":["Phantasmal Killer","Doppelganger"],"picked":"Envenom+1","floor":16.0},{"not_picked":["Flying Knee","Deadly Poison"],"picked":"Blur","floor":18},{"not_picked":["Poisoned Stab","Dodge and Roll"],"picked":"Sucker Punch+1","floor":20}],"player_experience":903417,"relics_obtained":[{"floor":6.0,"key":"Du-Vu Doll"},{"floor":8.0,"key":"Juzu Bracelet"},{"floor":9.0,"key":"Frozen Egg 2"}],"event_choices":[{"damage_healed":0.0,"max_hp_gain":0.0,"max_hp_loss":0.0,"gold_gain":0.0,"event_name":"Living Wall","player_choice":"Grow","floor":2.0,"gold_loss":0.0,"damage_taken":0.0,"cards_upgraded":["Neutralize"]},{"damage_healed":0.0,"max_hp_gain":0.0,"max_hp_loss":0.0,"gold_gain":100.0,"event_name":"Wheel of Change","player_choice":"Gold","floor":3.0,"gold_loss":0.0,"damage_taken":0.0},{"damage_healed":0.0,"max_hp_gain":0.0,"max_hp_loss":0.0,"gold_gain":69.0,"event_name":"Golden Wing","player_choice":"Gained Gold","floor":7.0,"gold_loss":0.0,"damage_taken":0.0},{"damage_healed":0.0,"max_hp_gain":0.0,"max_hp_loss":0.0,"gold_gain":0.0,"event_name":"WeMeetAgain","player_choice":"Gave Potion","floor":12.0,"gold_loss":0.0,"damage_taken":0.0,"relics_obtained":["Gambling Chip"]}],"is_beta":false,"boss_relics":[{"not_picked":["HoveringKite","Busted Crown"],"picked":"Black Star"}],"items_purged_floors":[],"is_endless":false,"potions_floor_spawned":[1,8,10,16,18],"killed_by":"Snake Plant","ascension_level":20}