{"gold_per_floor":[110,125,137,137,137,137,177,16,64,64,79,118,118,142,142,235,235,253,267,267,343,362,362,387,29,99,99,117,117,117,161,161,161],"floor_reached":33,"playtime":827,"items_purged":["Strike_R"],"score":550,"play_id":"661f3f32-d3d5-4136-bff5-68dfc5991ad6","local_time":"20190621200933","is_ascension_mode":true,"campfire_choices":[{"floor":6.0,"key":"REST"},{"data":"Offering","floor":10.0,"key":"SMITH"},{"floor":13.0,"key":"REST"},{"data":"Seeing Red","floor":15.0,"key":"SMITH"},{"floor":23.0,"key":"REST"},{"floor":27,"key":"REST"},{"data":"Infernal Blade","floor":30,"key":"SMITH"},{"floor":32,"key":"REST"}],"neow_cost":"NONE","seed_source_timestamp":41124769749000,"circlet_count":0,"master_deck":["AscendersBane","Strike_R","Strike_R","Strike_R","Strike_R","Defend_R","Defend_R","Defend_R+1","Defend_R","Bash+1","Pommel Strike","Pommel Strike","Dropkick","Shockwave","Offering+1","Seeing Red+1","Rampage","Limit Break","Infernal Blade+1","Sever Soul+1","RitualDagger","Decay","Sentinel","Clumsy","Headbutt","Writhe","Dropkick"],"special_seed":0,"relics":["Burning Blood","Golden Idol","Pen Nib","Lantern","Blue Candle","Cursed Key","Mercury Hourglass","Shuriken","Meat on the Bone","Thread and Needle","The Courier"],"potions_floor_usage":[28],"damage_taken":[{"damage":19.0,"enemies":"Jaw Worm","floor":1.0,"turns":5.0},{"damage":8.0,"enemies":"2 Louse","floor":2.0,"turns":3.0},{"damage":6.0,"enemies":"Cultist","floor":3.0,"turns":3.0},{"damage":32.0,"enemies":"Gremlin Nob","floor":7.0,"turns":4.0},{"damage":4.0,"enemies":"Exordium Wildlife","floor":11.0,"turns":2.0},{"damage":25.0,"enemies":"3 Sentries","floor":12.0,"turns":5.0},{"damage":6.0,"enemies":"2 Fungi Beasts","floor":14.0,"turns":1.0},{"damage":24.0,"enemies":"Slime Boss","floor":16.0,"turns":7.0},{"damage":20.0,"enemies":"Shell Parasite","floor":18.0,"turns":3.0},{"damage":25.0,"enemies":"2 Thieves","floor":19.0,"turns":4.0},{"damage":9.0,"enemies":"Cultist and Chosen","floor":22.0,"turns":3.0},{"damage":28,"enemies":"Shelled Parasite and Fungi","floor":24,"turns":3},{"damage":1,"enemies":"Snake Plant","floor":28,"turns":2},{"damage":53,"enemies":"Slavers","floor":31,"turns":4},{"damage":96,"enemies":"Automaton","floor":33,"turns":6}],"seed_played":"3436063509111641301","potions_obtained":[{"floor":1.0,"key":"Explosive Potion"},{"floor":3.0,"key":"Regen Potion"},{"floor":11.0,"key":"LiquidBronze"},{"floor":18.0,"key":"BloodPotion"},{"floor":22.0,"key":"Dexterity Potion"},{"floor":28,"key":"Fruit Juice"}],"is_trial":false,"path_per_floor":["M","M","M","?","?","R","E","$","T","R","M","E","R","M","R","B",null,"M","M","?","T","M","R","M","$","T","R","M","?","R","E","R","B"],"character_chosen":"IRONCLAD","items_purchased":["Offering","Shuriken"],"campfire_rested":5,"item_purchase_floors":[8,25],"current_hp_per_floor":[62,60,60,35,35,57,31,31,31,31,33,28,50,50,50,32,64,50,38,32,32,29,51,29,29,29,51,61,61,61,26,49,0],"gold":161,"neow_bonus":"TEN_PERCENT_HP_BONUS","is_prod":false,"is_daily":false,"chose_seed":false,"campfire_upgraded":3,"win_rate":0,"timestamp":1561144173,"path_taken":["M","M","M","?","?","R","E","?","T","R","M","E","R","M","R","BOSS","M","M","?","?","M","R","M","$","T","R","?","?","R","E","R","BOSS"],"build_version":"2019-01-23","purchased_purges":1,"victory":false,"max_hp_per_floor":[82,82,82,82,74,74,74,74,74,74,74,74,74,74,74,74,74,74,74,74,74,74,74,74,74,74,74,79,79,79,79,79,79],"card_choices":[{"not_picked":["Seeing Red","Clothesline"],"picked":"Pommel Strike","floor":1.0},{"not_picked":["Metallicize","Seeing Red"],"picked":"Pommel Strike","floor":2.0},{"not_picked":["Uppercut","Ghostly Armor"],"picked":"Dropkick","floor":3.0},{"not_picked":["True Grit","Clash"],"picked":"Shockwave","floor":7.0},{"not_picked":["Exhume","Heavy Blade"],"picked":"Seeing Red","floor":11.0},{"not_picked":["Cleave","Iron Wave"],"picked":"Rampage","floor":12.0},{"not_picked":["Warcry","Searing Blow","Thunderclap"],"picked":"SKIP","floor":14.0},{"not_picked":["Juggernaut","Barricade"],"picked":"Limit Break","floor":16.0},{"not_picked":["Perfected Strike","Clash"],"picked":"Infernal Blade","floor":18.0},{"not_picked":["Wild Strike","Twin Strike"],"picked":"Sever Soul+1","floor":19.0},{"not_picked":["Flex","Blood for Blood","Perfected Strike"],"picked":"SKIP","floor":22.0},{"not_picked":["Dual Wield","Thunderclap"],"picked":"Sentinel","floor":24},{"not_picked":["Bloodletting","Iron Wave"],"picked":"Headbutt","floor":28},{"not_picked":["Double Tap","Intimidate+1"],"picked":"Dropkick","floor":31}],"player_experience":1489473,"relics_obtained":[{"floor":7.0,"key":"Pen Nib"},{"floor":9.0,"key":"Lantern"},{"floor":12.0,"key":"Blue Candle"},{"floor":21.0,"key":"Mercury Hourglass"},{"floor":26,"key":"Meat on the Bone"},{"floor":31,"key":"The Courier"}],"event_choices":[{"damage_healed":0.0,"max_hp_gain":0.0,"max_hp_loss":0.0,"gold_gain":0.0,"event_name":"Shining Light","player_choice":"Entered Light","floor":4.0,"gold_loss":0.0,"damage_taken":25.0,"cards_upgraded":["Bash","Defend_R"]},{"damage_healed":0.0,"max_hp_gain":0.0,"max_hp_loss":8.0,"gold_gain":0.0,"event_name":"Golden Idol","player_choice":"Lose Max HP","floor":5.0,"gold_loss":0.0,"damage_taken":0.0,"relics_obtained":["Golden Idol"]},{"damage_healed":0.0,"max_hp_gain":0.0,"max_hp_loss":0.0,"gold_gain":0.0,"event_name":"Nest","player_choice":"Joined the Cult","floor":20.0,"gold_loss":0.0,"damage_taken":6.0,"cards_obtained":["RitualDagger"]},{"damage_healed":0,"gold_gain":0,"player_choice":"Opened","damage_taken":0,"relics_obtained":["Thread and Needle"],"max_hp_gain":0,"max_hp_loss":0,"event_name":"The Mausoleum","floor":29,"gold_loss":0,"cards_obtained":["Writhe"]}],"is_beta":false,"boss_relics":[{"not_picked":["Empty Cage","Black Star"],"picked":"Cursed Key"}],"items_purged_floors":[25],"is_endless":false,"potions_floor_spawned":[1,3,11,18,22,28],"killed_by":"Automaton","ascension_level":20}