{"gold_per_floor":[212,232,232,124,124,124,155,94,121,131,131,149,159,159],"floor_reached":14,"playtime":381,"items_purged":[],"score":180,"play_id":"ec4785ea-bf44-4ce6-b71e-41a0c28e24c1","local_time":"20190704145258","is_ascension_mode":true,"campfire_choices":[{"data":"Choke","floor":6,"key":"SMITH"},{"floor":11,"key":"REST"}],"neow_cost":"NONE","seed_source_timestamp":5884231658559136,"circlet_count":0,"master_deck":["AscendersBane","Strike_G","Strike_G","Strike_G","Strike_G","Strike_G","Defend_G","Defend_G","Defend_G","Defend_G","Defend_G","Survivor","Neutralize","Slice","Choke+1","Finesse","Poisoned Stab","Terror","Blade Dance","Footwork"],"special_seed":0,"relics":["Ring of the Snake","Regal Pillow","Omamori"],"potions_floor_usage":[7,14],"damage_taken":[{"damage":4.0,"enemies":"Small Slimes","floor":1.0,"turns":4.0},{"damage":0.0,"enemies":"Jaw Worm","floor":2.0,"turns":7.0},{"damage":40,"enemies":"3 Sentries","floor":7,"turns":12},{"damage":0,"enemies":"2 Louse","floor":10,"turns":2},{"damage":13,"enemies":"Red Slaver","floor":12,"turns":5},{"damage":4,"enemies":"2 Fungi Beasts","floor":13,"turns":4},{"damage":45,"enemies":"Gremlin Nob","floor":14,"turns":4}],"seed_played":"-5284063918066920842","potions_obtained":[{"floor":2,"key":"Poison Potion"},{"floor":10,"key":"Regen Potion"},{"floor":12,"key":"Energy Potion"}],"is_trial":false,"path_per_floor":["M","M","?","$","?","R","E","?","T","M","R","M","M","E"],"character_chosen":"THE_SILENT","items_purchased":["Finesse"],"campfire_rested":1,"item_purchase_floors":[4],"current_hp_per_floor":[55,55,55,55,60,60,20,20,20,20,56,43,39,0],"gold":159,"neow_bonus":"HUNDRED_GOLD","is_prod":false,"is_daily":false,"chose_seed":false,"campfire_upgraded":1,"win_rate":0,"timestamp":1562266378,"path_taken":["M","M","?","$","?","R","E","?","T","M","R","M","M","E"],"build_version":"2019-07-01","purchased_purges":0,"victory":false,"max_hp_per_floor":[66,66,66,66,71,71,71,71,71,71,71,71,71,71],"card_choices":[{"not_picked":["Dagger Throw","Skewer"],"picked":"Slice","floor":1.0},{"not_picked":["Prepared","Poisoned Stab"],"picked":"Choke","floor":2},{"not_picked":["Underhanded Strike","Calculated Gamble"],"picked":"Poisoned Stab","floor":7},{"not_picked":["PiercingWail","Concentrate"],"picked":"Terror","floor":10},{"not_picked":["Noxious Fumes","Phantasmal Killer"],"picked":"Blade Dance","floor":12},{"not_picked":["Poisoned Stab","Sucker Punch"],"picked":"Footwork","floor":13}],"player_experience":857900,"relics_obtained":[{"floor":7,"key":"Regal Pillow"},{"floor":9,"key":"Omamori"}],"event_choices":[{"damage_healed":0,"gold_gain":0,"player_choice":"Ignored","damage_taken":0,"max_hp_gain":0,"max_hp_loss":0,"event_name":"Liars Game","floor":3,"gold_loss":0},{"damage_healed":0,"gold_gain":0,"player_choice":"Donut","damage_taken":0,"max_hp_gain":5,"max_hp_loss":0,"event_name":"Big Fish","floor":5,"gold_loss":0},{"damage_healed":0,"gold_gain":0,"player_choice":"Left Gold","damage_taken":0,"max_hp_gain":0,"max_hp_loss":0,"event_name":"World of Goop","floor":8,"gold_loss":61}],"is_beta":false,"boss_relics":[],"items_purged_floors":[],"is_endless":false,"potions_floor_spawned":[2,10,12],"killed_by":"Gremlin Nob","ascension_level":20}