{"gold_per_floor":[215,230,230,130,141,141,173,173,173,193,193,207,227,127,127,198,198,214,214,232,252,252,252,284,284,284,299,326,326,326,53,53,127,127,137,137,38,52,2,2],"floor_reached":40,"playtime":1966,"items_purged":["Strike_G","Strike_G"],"score":848,"play_id":"a55fc2a2-7df6-4f09-902a-4b5d9f668d86","local_time":"20190704175929","is_ascension_mode":true,"campfire_choices":[{"data":"Neutralize","floor":6.0,"key":"SMITH"},{"data":"Footwork","floor":8.0,"key":"SMITH"},{"data":"Well Laid Plans","floor":11.0,"key":"SMITH"},{"data":"Noxious Fumes","floor":15.0,"key":"SMITH"},{"floor":23.0,"key":"REST"},{"data":"Glass Knife","floor":25.0,"key":"SMITH"},{"floor":32.0,"key":"REST"}],"neow_cost":"NONE","seed_source_timestamp":5893745196491457,"circlet_count":0,"master_deck":["AscendersBane","Strike_G+1","Strike_G+1","Defend_G+1","Defend_G+1","Defend_G+1","Defend_G+1","Defend_G+1","Survivor","Neutralize+1","Sucker Punch","Noxious Fumes+1","Flying Knee","Footwork+1","Well Laid Plans+1","Dagger Throw","Glass Knife+1","Crippling Poison","Dagger Spray","Crippling Poison","Bane","Adrenaline+1","Crippling Poison+1","Dark Shackles+1","Caltrops","Dagger Spray"],"special_seed":0,"relics":["Ring of the Serpent","Pantograph","Paper Crane","Velvet Choker","Centennial Puzzle","Bottled Flame","Toxic Egg 2","MutagenicStrength","Shuriken"],"potions_floor_usage":[40],"damage_taken":[{"damage":1.0,"enemies":"2 Louse","floor":1.0,"turns":4.0},{"damage":3.0,"enemies":"Jaw Worm","floor":2.0,"turns":5.0},{"damage":0.0,"enemies":"Cultist","floor":5.0,"turns":4.0},{"damage":20.0,"enemies":"Gremlin Nob","floor":7.0,"turns":4.0},{"damage":1.0,"enemies":"Large Slime","floor":10.0,"turns":7.0},{"damage":0.0,"enemies":"3 Louse","floor":12.0,"turns":4.0},{"damage":12.0,"enemies":"Exordium Wildlife","floor":13.0,"turns":5.0},{"damage":31.0,"enemies":"Hexaghost","floor":16.0,"turns":10.0},{"damage":6.0,"enemies":"Shell Parasite","floor":18.0,"turns":8.0},{"damage":2.0,"enemies":"3 Byrds","floor":20.0,"turns":4.0},{"damage":11.0,"enemies":"Centurion and Healer","floor":21.0,"turns":8.0},{"damage":19.0,"enemies":"Gremlin Leader","floor":24.0,"turns":10.0},{"damage":0.0,"enemies":"Snake Plant","floor":27.0,"turns":6.0},{"damage":14.0,"enemies":"Slavers","floor":28.0,"turns":5.0},{"damage":11.0,"enemies":"Automaton","floor":33.0,"turns":11.0},{"damage":9,"enemies":"3 Darklings","floor":35,"turns":5},{"damage":4,"enemies":"3 Shapes","floor":38,"turns":3},{"damage":68,"enemies":"Giant Head","floor":40,"turns":11}],"seed_played":"-2032020304198197871","potions_obtained":[{"floor":5.0,"key":"FearPotion"},{"floor":7.0,"key":"FearPotion"},{"floor":10.0,"key":"LiquidBronze"},{"floor":18.0,"key":"PowerPotion"},{"floor":24.0,"key":"Strength Potion"},{"floor":38,"key":"SpeedPotion"}],"is_trial":false,"path_per_floor":["M","M","?","$","M","R","E","R","T","M","R","M","M","$","R","B",null,"M","?","M","M","?","R","E","R","T","M","E","?","?","$","R","B",null,"M","?","$","M","$","E"],"character_chosen":"THE_SILENT","items_purchased":["Flying Knee","Shuriken","Dark Shackles+1","Dagger Spray"],"campfire_rested":2,"item_purchase_floors":[4,31,37,39],"current_hp_per_floor":[58,55,60,60,60,60,40,40,40,39,39,39,27,27,27,21,59,53,53,51,40,40,61,42,42,42,42,28,28,28,28,49,60,68,59,59,59,55,55,0],"gold":2,"neow_bonus":"HUNDRED_GOLD","is_prod":false,"is_daily":false,"chose_seed":false,"campfire_upgraded":5,"win_rate":0,"timestamp":1562277569,"path_taken":["M","M","?","$","M","R","E","R","T","M","R","M","M","$","R","BOSS","M","?","?","M","?","R","E","R","T","M","E","?","?","$","R","BOSS","M","?","?","M","$","E"],"build_version":"2019-07-01","purchased_purges":2,"victory":false,"max_hp_per_floor":[66,66,71,71,71,71,71,71,71,71,71,71,71,71,71,71,71,71,71,71,71,71,71,71,71,71,71,71,71,71,71,71,71,71,71,67,67,67,67,67],"card_choices":[{"not_picked":["Blur","Cloak And Dagger"],"picked":"Sucker Punch","floor":1.0},{"not_picked":["Setup","Poisoned Stab"],"picked":"Noxious Fumes","floor":2.0},{"not_picked":["PiercingWail","Flying Knee"],"picked":"Footwork","floor":5.0},{"not_picked":["Cloak And Dagger","Deflect"],"picked":"Well Laid Plans","floor":7.0},{"not_picked":["Deadly Poison","Finisher","Flying Knee"],"picked":"SKIP","floor":10.0},{"not_picked":["Dagger Throw","Masterful Stab","Cloak And Dagger"],"picked":"SKIP","floor":12.0},{"not_picked":["Masterful Stab","Cloak And Dagger"],"picked":"Dagger Throw","floor":12.0},{"not_picked":["Acrobatics","Setup","Outmaneuver"],"picked":"SKIP","floor":13.0},{"not_picked":["Adrenaline","After Image"],"picked":"Glass Knife","floor":16.0},{"not_picked":["Blade Dance","Outmaneuver"],"picked":"Crippling Poison","floor":18.0},{"not_picked":["Bouncing Flask","Finisher"],"picked":"Dagger Spray","floor":20.0},{"not_picked":["Masterful Stab","Finisher"],"picked":"Crippling Poison","floor":21.0},{"not_picked":["Choke","Skewer","Quick Slash"],"picked":"SKIP","floor":24.0},{"not_picked":["Slice","Outmaneuver","Distraction"],"picked":"SKIP","floor":27.0},{"not_picked":["Deadly Poison","Slice"],"picked":"Bane","floor":28.0},{"not_picked":["Unload","Tools of the Trade"],"picked":"Adrenaline+1","floor":33.0},{"not_picked":["Endless Agony+1","Deflect+1"],"picked":"Crippling Poison+1","floor":35},{"not_picked":["Predator","Riddle With Holes"],"picked":"Caltrops","floor":38}],"player_experience":861640,"relics_obtained":[{"floor":7.0,"key":"Pantograph"},{"floor":9.0,"key":"Paper Crane"},{"floor":24.0,"key":"Centennial Puzzle"},{"floor":26.0,"key":"Bottled Flame"},{"floor":28.0,"key":"Toxic Egg 2"}],"event_choices":[{"damage_healed":0.0,"max_hp_gain":5.0,"max_hp_loss":0.0,"gold_gain":0.0,"event_name":"Big Fish","player_choice":"Donut","floor":3.0,"gold_loss":0.0,"damage_taken":0.0},{"cards_removed":["Strike_G"],"damage_healed":0.0,"max_hp_gain":0.0,"max_hp_loss":0.0,"gold_gain":0.0,"event_name":"Purifier","player_choice":"Purged","floor":19.0,"gold_loss":0.0,"damage_taken":0.0},{"damage_healed":0.0,"max_hp_gain":0.0,"max_hp_loss":0.0,"gold_gain":0.0,"event_name":"Ghosts","player_choice":"Ignored","floor":22.0,"gold_loss":0.0,"damage_taken":0.0},{"damage_healed":0.0,"max_hp_gain":0.0,"max_hp_loss":0.0,"gold_gain":0.0,"event_name":"Back to Basics","player_choice":"Simplicity","floor":29.0,"gold_loss":0.0,"damage_taken":0.0,"cards_upgraded":["Strike_G","Strike_G","Defend_G","Defend_G","Defend_G","Defend_G","Defend_G"]},{"damage_healed":0.0,"max_hp_gain":0.0,"max_hp_loss":0.0,"gold_gain":0.0,"event_name":"Drug Dealer","player_choice":"Inject Mutagens","floor":30.0,"gold_loss":0.0,"damage_taken":0.0,"relics_obtained":["MutagenicStrength"]},{"damage_healed":0,"gold_gain":0,"player_choice":"Max HP","damage_taken":0,"max_hp_gain":0,"max_hp_loss":4,"event_name":"Winding Halls","floor":36,"gold_loss":0}],"is_beta":false,"boss_relics":[{"not_picked":["Empty Cage","Sozu"],"picked":"Velvet Choker"},{"not_picked":["Astrolabe","Lizard Tail"],"picked":"Ring of the Serpent"}],"items_purged_floors":[4,14],"is_endless":false,"potions_floor_spawned":[5,7,10,18,21,24,27,38],"killed_by":"Giant Head","ascension_level":20}