{"gold_per_floor":[16,16,16,27,102,102,127,31,58,58,73,73,93,113,113,113],"floor_reached":16,"playtime":443,"items_purged":[],"score":200,"play_id":"0442ddd4-4c60-4b7c-8c82-de16b5537ac6","local_time":"20190612154443","is_ascension_mode":true,"campfire_choices":[{"data":"All Out Attack","floor":6,"key":"SMITH"},{"floor":12,"key":"REST"},{"data":"A Thousand Cuts","floor":15,"key":"SMITH"}],"neow_cost":"NO_GOLD","seed_source_timestamp":3986862073185533,"circlet_count":0,"master_deck":["AscendersBane","Defend_G","Defend_G","Defend_G","Defend_G","Defend_G","Strike_G","Strike_G","Strike_G","Strike_G","Survivor","Neutralize","Finesse","Finesse","Dodge and Roll","All Out Attack+1","A Thousand Cuts+1","Heel Hook","Dash"],"relics":["Ring of the Snake","The Courier","Tiny Chest","Smiling Mask"],"potions_floor_usage":[],"damage_taken":[{"damage":7,"enemies":"Jaw Worm","floor":1,"turns":5},{"damage":0,"enemies":"2 Louse","floor":4,"turns":5},{"damage":9,"enemies":"3 Sentries","floor":7,"turns":10},{"damage":0,"enemies":"Small Slimes","floor":11,"turns":4},{"damage":3,"enemies":"Blue Slaver","floor":13,"turns":5},{"damage":0,"enemies":"2 Fungi Beasts","floor":14,"turns":3},{"damage":44,"enemies":"Hexaghost","floor":16,"turns":9}],"seed_played":"-2840606604979848564","potions_obtained":[{"floor":1,"key":"Swift Potion"},{"floor":4,"key":"Swift Potion"},{"floor":13,"key":"EssenceOfSteel"}],"is_trial":false,"path_per_floor":["M","?","?","M","?","R","E","$","T","?","M","R","M","M","R","B"],"character_chosen":"THE_SILENT","items_purchased":["Tiny Chest"],"campfire_rested":1,"item_purchase_floors":[8],"current_hp_per_floor":[52,52,45,45,34,34,25,25,25,25,25,44,41,41,41,0],"gold":113,"neow_bonus":"RANDOM_COLORLESS_2","is_prod":false,"is_daily":false,"chose_seed":false,"campfire_upgraded":2,"win_rate":0,"timestamp":1560368683,"path_taken":["M","?","?","M","?","R","E","$","T","?","M","R","M","M","R","BOSS"],"build_version":"2019-01-23","purchased_purges":0,"victory":false,"max_hp_per_floor":[66,66,66,66,66,66,66,66,66,66,66,66,66,66,66,66],"card_choices":[{"not_picked":["Endless Agony","Acrobatics"],"picked":"Dodge and Roll","floor":1},{"not_picked":["Finisher","Outmaneuver"],"picked":"All Out Attack","floor":4},{"not_picked":["Concentrate","PiercingWail","Setup"],"picked":"SKIP","floor":7},{"not_picked":["Crippling Poison","Cloak And Dagger"],"picked":"A Thousand Cuts","floor":11},{"not_picked":["Deflect","Finisher"],"picked":"Heel Hook","floor":13},{"not_picked":["Calculated Gamble","Dodge and Roll"],"picked":"Dash","floor":14}],"player_experience":731532,"relics_obtained":[{"floor":7,"key":"The Courier"},{"floor":9,"key":"Smiling Mask"}],"event_choices":[{"damage_healed":0,"gold_gain":0,"player_choice":"Ignored","damage_taken":0,"max_hp_gain":0,"max_hp_loss":0,"event_name":"Liars Game","floor":2,"gold_loss":0},{"cards_removed":["Strike_G"],"damage_healed":0,"gold_gain":0,"player_choice":"Card Removal","damage_taken":7,"max_hp_gain":0,"max_hp_loss":0,"event_name":"Golden Wing","floor":3,"gold_loss":0},{"damage_healed":0,"gold_gain":75,"player_choice":"Gather Gold","damage_taken":11,"max_hp_gain":0,"max_hp_loss":0,"event_name":"World of Goop","floor":5,"gold_loss":0},{"damage_healed":0,"gold_gain":0,"player_choice":"Ignored","damage_taken":0,"max_hp_gain":0,"max_hp_loss":0,"event_name":"Shining Light","floor":10,"gold_loss":0}],"is_beta":false,"boss_relics":[],"items_purged_floors":[],"is_endless":false,"potions_floor_spawned":[1,4,13],"killed_by":"Hexaghost","ascension_level":20}