{"gold_per_floor":[112,122,197,197,209,209,242,85,161,161,161,187,187,200,200,297,297,316,335,192,208,208,240,240,340,340,340,340],"floor_reached":28,"playtime":648,"items_purged":[],"score":281,"play_id":"6cbd9666-9e5d-42fb-b88c-fc5d19171511","local_time":"20181213211057","is_ascension_mode":true,"campfire_choices":[{"data":"Bash","floor":6.0,"key":"SMITH"},{"data":"Apotheosis","floor":10.0,"key":"SMITH"},{"data":"Fire Breathing","floor":15.0,"key":"SMITH"},{"floor":24,"key":"REST"}],"neow_cost":"NONE","seed_source_timestamp":1061460201286018,"circlet_count":0,"master_deck":["Strike_R","Strike_R","Strike_R","Strike_R","Strike_R","Defend_R","Defend_R","Defend_R","Bash+1","Perfected Strike","Blood for Blood+1","Perfected Strike","Apotheosis+1","Fire Breathing+1","Rampage","Impervious","Twin Strike","Spot Weakness","Whirlwind","Entrench+1","Spot Weakness"],"special_seed":0,"relics":["Burning Blood","Vajra","MawBank","Singing Bowl","Strawberry","Sozu","Blood Vial","Girya","Darkstone Periapt","Smiling Mask"],"potions_floor_usage":[25],"damage_taken":[{"damage":2.0,"enemies":"Jaw Worm","floor":1.0,"turns":3.0},{"damage":1.0,"enemies":"2 Louse","floor":2.0,"turns":3.0},{"damage":6.0,"enemies":"Cultist","floor":5.0,"turns":3.0},{"damage":40.0,"enemies":"Lagavulin","floor":7.0,"turns":5.0},{"damage":11.0,"enemies":"3 Louse","floor":14.0,"turns":3.0},{"damage":28.0,"enemies":"The Guardian","floor":16.0,"turns":6.0},{"damage":17.0,"enemies":"2 Thieves","floor":18.0,"turns":4.0},{"damage":14.0,"enemies":"Shell Parasite","floor":19.0,"turns":3.0},{"damage":6.0,"enemies":"Cultist and Chosen","floor":21.0,"turns":4.0},{"damage":43,"enemies":"Gremlin Leader","floor":23,"turns":5},{"damage":34,"enemies":"Colosseum Slavers","floor":25,"turns":4},{"damage":24,"enemies":"Colosseum Nobs","floor":25,"turns":4},{"damage":17,"enemies":"Centurion and Healer","floor":28,"turns":2}],"seed_played":"4216715982899776998","potions_obtained":[{"floor":1.0,"key":"GamblersBrew"},{"floor":2.0,"key":"Poison Potion"},{"floor":7.0,"key":"Poison Potion"}],"is_trial":false,"path_per_floor":["M","M","?","$","M","M","R","E","$","T","R","?","T","?","M","R","B",null,"M","M","$","M","$","E","R","?","T","?","M"],"character_chosen":"IRONCLAD","items_purchased":["Apotheosis","Spot Weakness","Whirlwind"],"campfire_rested":1,"item_purchase_floors":[8,20,20],"current_hp_per_floor":[80,80,69,69,69,69,35,35,35,35,35,42,42,37,37,15,87,76,70,70,72,72,35,62,20,20,11,0],"gold":340,"neow_bonus":"RANDOM_COMMON_RELIC","is_prod":false,"is_daily":false,"chose_seed":false,"campfire_upgraded":3,"win_rate":0,"timestamp":1544753457,"path_taken":["M","M","?","$","M","R","E","$","T","R","?","?","?","M","R","BOSS","M","M","$","M","?","E","R","?","T","?","M"],"build_version":"2018-12-13","purchased_purges":0,"victory":false,"max_hp_per_floor":[80,80,80,80,80,80,80,80,80,80,80,87,87,87,87,87,87,87,89,89,91,91,91,91,91,91,91,91],"card_choices":[{"not_picked":["Sever Soul","True Grit"],"picked":"Perfected Strike","floor":1.0},{"not_picked":["Intimidate","Searing Blow"],"picked":"Blood for Blood","floor":2.0},{"not_picked":["Heavy Blade","Spot Weakness"],"picked":"Perfected Strike","floor":5.0},{"not_picked":["Reckless Charge","Cleave","Warcry"],"picked":"SKIP","floor":7.0},{"not_picked":["Disarm","Wild Strike"],"picked":"Rampage","floor":14.0},{"not_picked":["Exhume","Dark Embrace"],"picked":"Impervious","floor":16.0},{"not_picked":["Wild Strike","Clothesline"],"picked":"Twin Strike","floor":18.0},{"not_picked":["Wild Strike+1","Headbutt","Battle Trance"],"picked":"Singing Bowl","floor":19.0},{"not_picked":["Shockwave","Headbutt","Cleave"],"picked":"Singing Bowl","floor":21.0},{"not_picked":["Searing Blow","Body Slam"],"picked":"Entrench+1","floor":23},{"not_picked":["Headbutt","Body Slam+1"],"picked":"Spot Weakness","floor":25}],"player_experience":504263,"relics_obtained":[{"floor":7.0,"key":"MawBank"},{"floor":9.0,"key":"Singing Bowl"},{"floor":12.0,"key":"Strawberry"},{"floor":23,"key":"Blood Vial"},{"floor":25,"key":"Girya"},{"floor":25,"key":"Darkstone Periapt"},{"floor":26,"key":"Smiling Mask"}],"event_choices":[{"damage_healed":0.0,"max_hp_gain":0.0,"max_hp_loss":0.0,"gold_gain":75.0,"event_name":"World of Goop","player_choice":"Gather Gold","floor":3.0,"gold_loss":0.0,"damage_taken":11.0},{"damage_healed":0.0,"max_hp_gain":0.0,"max_hp_loss":0.0,"gold_gain":0.0,"event_name":"Living Wall","player_choice":"Grow","floor":11.0,"gold_loss":0.0,"damage_taken":0.0,"cards_upgraded":["Blood for Blood"]},{"damage_healed":0.0,"max_hp_gain":0.0,"max_hp_loss":0.0,"gold_gain":0.0,"cards_transformed":["Defend_R"],"event_name":"Transmorgrifier","player_choice":"Transformed","floor":13.0,"gold_loss":0.0,"damage_taken":0.0,"cards_obtained":["Fire Breathing"]},{"damage_healed":0,"gold_gain":0,"player_choice":"Fight","damage_taken":0,"max_hp_gain":0,"max_hp_loss":0,"event_name":"Colosseum","floor":25,"gold_loss":0},{"damage_healed":0,"gold_gain":0,"player_choice":"Fought Nobs","damage_taken":0,"max_hp_gain":0,"max_hp_loss":0,"event_name":"Colosseum","floor":25,"gold_loss":0},{"damage_healed":0,"gold_gain":0,"player_choice":"Damaged","damage_taken":9,"max_hp_gain":0,"max_hp_loss":0,"event_name":"Wheel of Change","floor":27,"gold_loss":0}],"is_beta":false,"boss_relics":[{"not_picked":["Ectoplasm","Cursed Key"],"picked":"Sozu"}],"items_purged_floors":[],"is_endless":false,"potions_floor_spawned":[1,2,7,18,19,25],"killed_by":"Centurion and Healer","ascension_level":4}