{"gold_per_floor":[111,131,151,42,62,92,92,127,127,127,140,168,168,178,178,178],"floor_reached":16,"playtime":838,"items_purged":["Defend_R"],"score":122,"play_id":"ff22162d-d349-4cc5-9550-eaa6dcef03c1","local_time":"20181202174131","is_ascension_mode":false,"campfire_choices":[{"data":"Armaments","floor":7.0,"key":"SMITH"},{"data":"Berserk","floor":10.0,"key":"SMITH"},{"data":"Whirlwind","floor":15.0,"key":"SMITH"}],"neow_cost":"NONE","seed_source_timestamp":98414431178143,"circlet_count":0,"master_deck":["Strike_R","Strike_R","Strike_R","Strike_R","Strike_R","Defend_R","Defend_R","Defend_R","Bash","Iron Wave","Whirlwind+1","Armaments+1","Inflame","Thunderclap","Berserk+1","Clothesline","Fire Breathing","Rage+1","Decay","Body Slam"],"special_seed":0,"relics":["Burning Blood","Art of War","Matryoshka","Lantern","Shuriken","Toxic Egg 2"],"potions_floor_usage":[],"damage_taken":[{"damage":1.0,"enemies":"2 Louse","floor":1.0,"turns":3.0},{"damage":4.0,"enemies":"Cultist","floor":2.0,"turns":4.0},{"damage":0.0,"enemies":"Small Slimes","floor":3.0,"turns":4.0},{"damage":9.0,"enemies":"Blue Slaver","floor":5.0,"turns":5.0},{"damage":28.0,"enemies":"Gremlin Nob","floor":6.0,"turns":4.0},{"damage":19.0,"enemies":"Lagavulin","floor":8.0,"turns":7.0},{"damage":11.0,"enemies":"Red Slaver","floor":11.0,"turns":4.0},{"damage":16.0,"enemies":"Gremlin Nob","floor":12.0,"turns":4.0},{"damage":0.0,"enemies":"Large Slime","floor":14.0,"turns":5.0},{"damage":38,"enemies":"Slime Boss","floor":16,"turns":6}],"seed_played":"3084757744469261423","potions_obtained":[{"floor":3.0,"key":"Dexterity Potion"},{"floor":5.0,"key":"Poison Potion"},{"floor":12.0,"key":"Ancient Potion"}],"is_trial":false,"path_per_floor":["M","M","M","$","M","E","R","E","T","R","M","E","?","M","R","B"],"character_chosen":"IRONCLAD","items_purchased":["Inflame"],"campfire_rested":0,"item_purchase_floors":[4],"current_hp_per_floor":[80,80,80,80,77,55,55,42,42,42,37,27,27,33,33,0],"gold":178,"neow_bonus":"THREE_CARDS","is_prod":false,"is_daily":false,"chose_seed":false,"campfire_upgraded":3,"win_rate":0.0,"timestamp":1543790491,"path_taken":["M","M","M","$","M","E","R","E","T","R","M","E","?","M","R","BOSS"],"build_version":"2018-11-15","purchased_purges":1,"victory":false,"max_hp_per_floor":[80,80,80,80,80,80,80,80,80,80,80,80,80,80,80,80],"card_choices":[{"not_picked":["Rupture","Perfected Strike"],"picked":"Iron Wave","floor":0.0},{"not_picked":["Anger","Ghostly Armor"],"picked":"Whirlwind","floor":1.0},{"not_picked":["Perfected Strike","Sword Boomerang","Clash"],"picked":"SKIP","floor":2.0},{"not_picked":["Twin Strike","Shockwave"],"picked":"Armaments","floor":3.0},{"not_picked":["Sever Soul","Perfected Strike"],"picked":"Thunderclap","floor":5.0},{"not_picked":["Brutality","Body Slam"],"picked":"Berserk","floor":6.0},{"not_picked":["Corruption","Burning Pact"],"picked":"Clothesline","floor":8.0},{"not_picked":["Flame Barrier","Headbutt"],"picked":"Fire Breathing","floor":11.0},{"not_picked":["Corruption","Dark Embrace"],"picked":"Rage","floor":12.0},{"not_picked":["Iron Wave","Sword Boomerang"],"picked":"Body Slam","floor":14.0}],"player_experience":476637,"relics_obtained":[{"floor":6.0,"key":"Art of War"},{"floor":8.0,"key":"Matryoshka"},{"floor":9.0,"key":"Lantern"},{"floor":9.0,"key":"Shuriken"},{"floor":12.0,"key":"Toxic Egg 2"}],"event_choices":[{"damage_healed":0.0,"max_hp_gain":0.0,"max_hp_loss":0.0,"gold_gain":0.0,"event_name":"Wheel of Change","player_choice":"Cursed","floor":13.0,"gold_loss":0.0,"damage_taken":0.0,"cards_obtained":["Decay"]}],"is_beta":false,"boss_relics":[],"items_purged_floors":[4],"is_endless":false,"potions_floor_spawned":[3,5,12,14],"killed_by":"Slime Boss","ascension_level":0}