{"gold_per_floor":[109,384,402,413,432,432,446,446,446,472,482,507,507,540,540,619,619,639,666,666,686,114,114,149,169,196,12,12,29,62,77,77,77],"floor_reached":33,"playtime":770,"items_purged":["Regret","Strike_R"],"score":789,"play_id":"78c38b68-63b6-472e-9b67-cd96ddb3a7ab","local_time":"20190624125223","is_ascension_mode":true,"campfire_choices":[{"floor":6.0,"key":"REST"},{"data":"Hemokinesis","floor":8.0,"key":"SMITH"},{"data":"Bludgeon","floor":13.0,"key":"SMITH"},{"floor":15.0,"key":"REST"},{"data":"Immolate","floor":23.0,"key":"SMITH"},{"data":"Flame Barrier","floor":32,"key":"SMITH"}],"neow_cost":"NONE","seed_source_timestamp":274218987749800,"circlet_count":0,"master_deck":["AscendersBane","Strike_R","Strike_R","Strike_R","Strike_R","Defend_R","Defend_R","Defend_R","Defend_R","Bash+1","Hemokinesis+1","Hemokinesis","Dropkick","Cleave","Anger","Bludgeon+1","Twin Strike","Feed","Inflame+1","Carnage","Immolate+1","Shockwave","Inflame","Battle Trance","Flame Barrier+1","Ghostly Armor"],"special_seed":0,"relics":["Burning Blood","Meat on the Bone","Mercury Hourglass","Pear","Ancient Tea Set","Sozu","Omamori","WarpedTongs","Ginger","Blood Vial","Art of War","Frozen Egg 2","Incense Burner"],"potions_floor_usage":[33],"damage_taken":[{"damage":1.0,"enemies":"Cultist","floor":1.0,"turns":3.0},{"damage":18.0,"enemies":"2 Louse","floor":3.0,"turns":2.0},{"damage":14.0,"enemies":"Jaw Worm","floor":4.0,"turns":3.0},{"damage":27.0,"enemies":"Blue Slaver","floor":5.0,"turns":3.0},{"damage":6.0,"enemies":"Gremlin Gang","floor":7.0,"turns":2.0},{"damage":30.0,"enemies":"Gremlin Nob","floor":10.0,"turns":4.0},{"damage":14.0,"enemies":"3 Louse","floor":11.0,"turns":2.0},{"damage":24.0,"enemies":"3 Sentries","floor":12.0,"turns":6.0},{"damage":44.0,"enemies":"Lagavulin","floor":14.0,"turns":5.0},{"damage":13.0,"enemies":"Slime Boss","floor":16.0,"turns":7.0},{"damage":12.0,"enemies":"2 Thieves","floor":18.0,"turns":3.0},{"damage":35.0,"enemies":"3 Byrds","floor":21.0,"turns":4.0},{"damage":37,"enemies":"Book of Stabbing","floor":24,"turns":3},{"damage":15,"enemies":"Cultist and Chosen","floor":25,"turns":4},{"damage":10,"enemies":"Snecko","floor":29,"turns":3},{"damage":2,"enemies":"Gremlin Leader","floor":30,"turns":3},{"damage":21,"enemies":"Centurion and Healer","floor":31,"turns":4},{"damage":62,"enemies":"Automaton","floor":33,"turns":6}],"seed_played":"2251026414465493600","potions_obtained":[{"floor":3.0,"key":"SneckoOil"},{"floor":4.0,"key":"EntropicBrew"},{"floor":7.0,"key":"SkillPotion"},{"floor":16.0,"key":"SpeedPotion"}],"is_trial":false,"path_per_floor":["M","?","M","M","M","R","M","R","T","E","M","E","R","E","R","B",null,"M","T","?","M","$","R","E","M","T","$","T","M","E","M","R","B"],"character_chosen":"IRONCLAD","items_purchased":["Immolate","Ginger","Inflame"],"campfire_rested":2,"item_purchase_floors":[22,22,27],"current_hp_per_floor":[73,73,61,53,32,54,54,54,54,42,46,50,50,24,49,54,77,74,74,74,57,57,57,42,51,51,51,51,61,70,57,57,0],"gold":77,"neow_bonus":"UPGRADE_CARD","is_prod":false,"is_daily":false,"chose_seed":false,"campfire_upgraded":4,"win_rate":0,"timestamp":1561377143,"path_taken":["M","?","M","?","M","R","M","R","T","E","M","E","R","E","R","BOSS","M","?","?","M","$","R","E","?","T","?","?","M","E","M","R","BOSS"],"build_version":"2019-01-23","purchased_purges":2,"victory":false,"max_hp_per_floor":[75,75,75,75,75,75,75,75,75,75,75,85,85,85,85,85,85,88,88,88,88,88,88,92,96,96,96,96,96,99,99,99,99],"card_choices":[{"not_picked":["Thunderclap","Armaments"],"picked":"Hemokinesis","floor":1.0},{"not_picked":["Cleave","Iron Wave"],"picked":"Hemokinesis","floor":3.0},{"not_picked":["Sword Boomerang","Perfected Strike"],"picked":"Dropkick","floor":4.0},{"not_picked":["Thunderclap","Heavy Blade"],"picked":"Cleave","floor":5.0},{"not_picked":["Hemokinesis","Perfected Strike"],"picked":"Anger","floor":7.0},{"not_picked":["Perfected Strike","Entrench"],"picked":"Bludgeon","floor":10.0},{"not_picked":["Havoc","Clash","Cleave"],"picked":"SKIP","floor":11.0},{"not_picked":["Dual Wield","Cleave","Wild Strike"],"picked":"SKIP","floor":12.0},{"not_picked":["Armaments","Warcry"],"picked":"Twin Strike","floor":14.0},{"not_picked":["Bludgeon","Impervious"],"picked":"Feed","floor":16.0},{"not_picked":["Rampage","Warcry"],"picked":"Inflame+1","floor":18.0},{"not_picked":["Uppercut","Pummel"],"picked":"Carnage","floor":21.0},{"not_picked":["Iron Wave","Carnage","Sword Boomerang"],"picked":"SKIP","floor":24},{"not_picked":["Twin Strike","Anger"],"picked":"Shockwave","floor":25},{"not_picked":["Ghostly Armor","Cleave"],"picked":"Battle Trance","floor":29},{"not_picked":["Juggernaut+1","Warcry"],"picked":"Flame Barrier","floor":30},{"not_picked":["Pommel Strike","Clothesline"],"picked":"Ghostly Armor","floor":31}],"player_experience":1493429,"relics_obtained":[{"floor":9.0,"key":"Meat on the Bone"},{"floor":10.0,"key":"Mercury Hourglass"},{"floor":12.0,"key":"Pear"},{"floor":14.0,"key":"Ancient Tea Set"},{"floor":19.0,"key":"Omamori"},{"floor":24,"key":"Blood Vial"},{"floor":26,"key":"Art of War"},{"floor":28,"key":"Frozen Egg 2"},{"floor":30,"key":"Incense Burner"}],"event_choices":[{"damage_healed":0.0,"max_hp_gain":0.0,"max_hp_loss":0.0,"gold_gain":275.0,"event_name":"Golden Shrine","player_choice":"Desecrate","floor":2.0,"gold_loss":0.0,"damage_taken":0.0,"cards_obtained":["Regret"]},{"damage_healed":0.0,"max_hp_gain":0.0,"max_hp_loss":0.0,"gold_gain":0.0,"event_name":"Accursed Blacksmith","player_choice":"Rummage","floor":20.0,"gold_loss":0.0,"damage_taken":0.0,"relics_obtained":["WarpedTongs"],"cards_obtained":["Pain"]}],"is_beta":false,"boss_relics":[{"not_picked":["Lizard Tail","Velvet Choker"],"picked":"Sozu"}],"items_purged_floors":[22,27],"is_endless":false,"potions_floor_spawned":[3,4,7,16,21,24,25,29],"killed_by":"Automaton","ascension_level":20}