{"gold_per_floor":[119,137,152,77,152,152,164,339,339,339,350,350,380,380,380,503,503,519,300,400,419,439,473,473,493,493,493,509,527,565,363,363,363],"floor_reached":33,"playtime":1534,"items_purged":["Strike_B","Strike_B","Defend_B"],"score":402,"play_id":"7a8fbb9b-82f7-4c4e-b762-b573fc355a3a","local_time":"20190709022732","is_ascension_mode":true,"campfire_choices":[{"data":"Zap","floor":6.0,"key":"SMITH"},{"data":"Defragment","floor":10.0,"key":"SMITH"},{"data":"Doubt","floor":12.0,"key":"PURGE"},{"data":"Strike_B","floor":15.0,"key":"PURGE"},{"floor":24.0,"key":"REST"},{"data":"Defend_B","floor":27.0,"key":"PURGE"},{"data":"Discovery","floor":32,"key":"SMITH"}],"neow_cost":"NONE","seed_source_timestamp":22908879227806,"circlet_count":0,"master_deck":["Defend_B","Defend_B","Zap+1","Dualcast","Ball Lightning","Defragment+1","Cold Snap","Reboot","Cold Snap","Discovery+1","Coolheaded","Glacier","Gash"],"special_seed":0,"relics":["Cracked Core","Peace Pipe","Golden Idol","Nuclear Battery","Pantograph","Bottled Tornado","Symbiotic Virus"],"potions_floor_usage":[30,33],"damage_taken":[{"damage":7.0,"enemies":"Jaw Worm","floor":1.0,"turns":3.0},{"damage":0.0,"enemies":"Small Slimes","floor":2.0,"turns":3.0},{"damage":1.0,"enemies":"Cultist","floor":3.0,"turns":3.0},{"damage":4.0,"enemies":"Red Slaver","floor":7.0,"turns":3.0},{"damage":0.0,"enemies":"Large Slime","floor":11.0,"turns":4.0},{"damage":9.0,"enemies":"3 Sentries","floor":13.0,"turns":7.0},{"damage":1.0,"enemies":"Slime Boss","floor":16.0,"turns":8.0},{"damage":5.0,"enemies":"Spheric Guardian","floor":18.0,"turns":4.0},{"damage":2.0,"enemies":"Chosen","floor":21.0,"turns":3.0},{"damage":12.0,"enemies":"3 Cultists","floor":22.0,"turns":6.0},{"damage":36.0,"enemies":"Slavers","floor":23.0,"turns":6.0},{"damage":0.0,"enemies":"Shelled Parasite and Fungi","floor":25.0,"turns":7.0},{"damage":0.0,"enemies":"Snake Plant","floor":28.0,"turns":4.0},{"damage":2.0,"enemies":"Chosen and Byrds","floor":29.0,"turns":4.0},{"damage":23,"enemies":"Gremlin Leader","floor":30,"turns":11},{"damage":55,"enemies":"Collector","floor":33,"turns":6}],"seed_played":"6014674710020946362","potions_obtained":[{"floor":1.0,"key":"Block Potion"},{"floor":7.0,"key":"Regen Potion"},{"floor":18.0,"key":"Fire Potion"},{"floor":22.0,"key":"LiquidBronze"},{"floor":28.0,"key":"Energy Potion"},{"floor":30,"key":"SpeedPotion"}],"is_trial":false,"path_per_floor":["M","M","M","$","?","R","M","?","T","R","M","R","E","?","R","B",null,"M","$","?","M","M","E","R","M","T","R","M","M","E","$","R","B"],"character_chosen":"DEFECT","items_purchased":["Cold Snap","Discovery","Gash","AttackPotion"],"campfire_rested":1,"item_purchase_floors":[19,19,31,31],"current_hp_per_floor":[61,61,60,60,49,49,45,45,45,45,45,45,36,36,36,35,61,56,56,56,54,42,21,41,41,41,41,41,39,16,16,16,0],"gold":363,"neow_bonus":"TRANSFORM_CARD","is_prod":false,"is_daily":false,"chose_seed":false,"campfire_upgraded":3,"win_rate":0,"timestamp":1562632052,"path_taken":["M","M","M","$","?","R","M","?","T","R","M","R","E","?","R","BOSS","M","$","?","M","M","E","R","M","T","R","M","?","E","$","R","BOSS"],"build_version":"2019-07-05","purchased_purges":3,"victory":false,"max_hp_per_floor":[75,75,75,75,75,75,75,75,75,75,75,75,75,69,69,69,69,69,69,69,69,69,69,69,69,69,69,69,69,69,69,69,69],"card_choices":[{"not_picked":["Sweeping Beam","Conserve Battery"],"picked":"Defragment","floor":1.0},{"not_picked":["Streamline","Auto Shields","Beam Cell"],"picked":"SKIP","floor":2.0},{"not_picked":["Sweeping Beam","Rip and Tear"],"picked":"Cold Snap","floor":3.0},{"not_picked":["Rebound","Stack","Turbo"],"picked":"SKIP","floor":7.0},{"not_picked":["FTL","Stack","Steam"],"picked":"SKIP","floor":11.0},{"not_picked":["Streamline","Beam Cell","Auto Shields"],"picked":"SKIP","floor":13.0},{"not_picked":["Multi-Cast","Rainbow"],"picked":"Reboot","floor":16.0},{"not_picked":["Barrage","Streamline","Stack"],"picked":"SKIP","floor":18.0},{"not_picked":["Tempest","Turbo+1","Stack"],"picked":"SKIP","floor":21.0},{"not_picked":["Barrage+1","Redo"],"picked":"Coolheaded","floor":22.0},{"not_picked":["Scrape","Steam","Steam Power"],"picked":"SKIP","floor":23.0},{"not_picked":["BootSequence+1","Buffer"],"picked":"Glacier","floor":25.0},{"not_picked":["Darkness","Genetic Algorithm+1","Barrage"],"picked":"SKIP","floor":28.0},{"not_picked":["Chaos","Steam","Leap"],"picked":"SKIP","floor":29.0},{"not_picked":["BootSequence+1","Storm","Tempest"],"picked":"SKIP","floor":30}],"player_experience":42834,"relics_obtained":[{"floor":9.0,"key":"Peace Pipe"},{"floor":23.0,"key":"Pantograph"},{"floor":26.0,"key":"Bottled Tornado"},{"floor":30,"key":"Symbiotic Virus"}],"event_choices":[{"damage_healed":0.0,"max_hp_gain":0.0,"max_hp_loss":0.0,"gold_gain":75.0,"event_name":"World of Goop","player_choice":"Gather Gold","floor":5.0,"gold_loss":0.0,"damage_taken":11.0},{"damage_healed":0.0,"max_hp_gain":0.0,"max_hp_loss":0.0,"gold_gain":175.0,"event_name":"Liars Game","player_choice":"AGREE","floor":8.0,"gold_loss":0.0,"damage_taken":0.0,"cards_obtained":["Doubt"]},{"damage_healed":0.0,"max_hp_gain":0.0,"max_hp_loss":6.0,"gold_gain":0.0,"event_name":"Golden Idol","player_choice":"Lose Max HP","floor":14.0,"gold_loss":0.0,"damage_taken":0.0,"relics_obtained":["Golden Idol"]},{"damage_healed":0.0,"max_hp_gain":0.0,"max_hp_loss":0.0,"gold_gain":100.0,"event_name":"Golden Shrine","player_choice":"Pray","floor":20.0,"gold_loss":0.0,"damage_taken":0.0}],"is_beta":false,"boss_relics":[{"not_picked":["Lizard Tail","Busted Crown"],"picked":"Nuclear Battery"}],"items_purged_floors":[4,19,31],"is_endless":false,"potions_floor_spawned":[1,7,18,22,28,30],"killed_by":"Collector","ascension_level":8}