{"gold_per_floor":[119,119,119,135,135,173,173,192,192,215,215,228,188,209,209,299,299,313,313,313,313,313],"floor_reached":22,"playtime":570,"items_purged":[],"score":418,"play_id":"518523e4-b9a5-43df-b696-95d972576d92","local_time":"20190422201455","is_ascension_mode":true,"campfire_choices":[{"data":"Noxious Fumes","floor":7,"key":"SMITH"},{"data":"1","floor":15,"key":"LIFT"}],"neow_cost":"NONE","seed_source_timestamp":0,"circlet_count":0,"master_deck":["AscendersBane","Defend_G+1","Defend_G+1","Defend_G+1","Defend_G+1","Defend_G+1","Strike_G+1","Strike_G+1","Strike_G+1","Strike_G+1","Strike_G+1","Survivor","Neutralize","Cloak And Dagger","Noxious Fumes+1","Catalyst","Noxious Fumes","Flying Knee","Sucker Punch","Infinite Blades","Envenom","Backflip"],"special_seed":0,"relics":["Ring of the Snake","NeowsBlessing","Golden Idol","Girya","Orichalcum","Calipers","Philosopher\u0027s Stone","Vajra"],"potions_floor_usage":[16,18],"damage_taken":[{"damage":0.0,"enemies":"Jaw Worm","floor":1.0,"turns":1.0},{"damage":0,"enemies":"Small Slimes","floor":4,"turns":1},{"damage":0,"enemies":"3 Sentries","floor":6,"turns":1},{"damage":0,"enemies":"Cultist","floor":8,"turns":5},{"damage":10,"enemies":"Large Slime","floor":10,"turns":6},{"damage":15,"enemies":"3 Louse","floor":12,"turns":4},{"damage":1,"enemies":"Looter","floor":13,"turns":4},{"damage":0,"enemies":"2 Fungi Beasts","floor":14,"turns":4},{"damage":9,"enemies":"Hexaghost","floor":16,"turns":9},{"damage":40,"enemies":"3 Byrds","floor":18,"turns":5},{"damage":11,"enemies":"Spheric Guardian","floor":22,"turns":3}],"seed_played":"3240525394121691651","potions_obtained":[{"floor":4,"key":"GamblersBrew"},{"floor":10,"key":"Dexterity Potion"},{"floor":16,"key":"Block Potion"},{"floor":18,"key":"GamblersBrew"}],"is_trial":false,"path_per_floor":["M","?","?","M","?","E","R","M","T","M","$","M","M","M","R","B",null,"M","?","?","T","M"],"character_chosen":"THE_SILENT","items_purchased":[],"campfire_rested":0,"item_purchase_floors":[],"current_hp_per_floor":[59,36,58,58,40,40,40,40,40,30,30,15,14,14,14,5,51,11,11,11,11,0],"gold":313,"neow_bonus":"THREE_ENEMY_KILL","is_prod":false,"is_daily":false,"chose_seed":false,"campfire_upgraded":1,"win_rate":0,"timestamp":1555978495,"path_taken":["M","?","?","M","?","E","R","M","T","M","$","M","M","M","R","BOSS","M","?","?","?","?"],"build_version":"2019-01-23","purchased_purges":0,"victory":false,"max_hp_per_floor":[66,66,66,66,66,66,66,66,66,66,66,66,66,66,66,66,66,66,66,66,66,66],"card_choices":[{"not_picked":["Deadly Poison","Bane"],"picked":"Cloak And Dagger","floor":1},{"not_picked":["Deadly Poison","Outmaneuver","Tactician"],"picked":"SKIP","floor":4},{"not_picked":["Cloak And Dagger","Terror"],"picked":"Noxious Fumes","floor":6},{"not_picked":["Slice","Infinite Blades"],"picked":"Catalyst","floor":8},{"not_picked":["Outmaneuver","Dodge and Roll"],"picked":"Noxious Fumes","floor":10},{"not_picked":["Escape Plan","Slice"],"picked":"Flying Knee","floor":12},{"not_picked":["Concentrate","Prepared"],"picked":"Sucker Punch","floor":13},{"not_picked":["All Out Attack","Dagger Spray"],"picked":"Infinite Blades","floor":14},{"not_picked":["Unload","Adrenaline"],"picked":"Envenom","floor":16},{"not_picked":["Slice","Flying Knee"],"picked":"Backflip","floor":18}],"player_experience":655486,"relics_obtained":[{"floor":6,"key":"Orichalcum"},{"floor":9,"key":"Calipers"},{"floor":21,"key":"Vajra"}],"event_choices":[{"damage_healed":0,"gold_gain":0,"player_choice":"Take Damage","damage_taken":23,"relics_obtained":["Golden Idol"],"max_hp_gain":0,"max_hp_loss":0,"event_name":"Golden Idol","floor":2,"gold_loss":0},{"damage_healed":22,"gold_gain":0,"player_choice":"Banana","damage_taken":0,"max_hp_gain":0,"max_hp_loss":0,"event_name":"Big Fish","floor":3,"gold_loss":0},{"damage_healed":0,"gold_gain":0,"player_choice":"Success","damage_taken":18,"relics_obtained":["Girya"],"max_hp_gain":0,"max_hp_loss":0,"event_name":"Scrap Ooze","floor":5,"gold_loss":0},{"damage_healed":0,"gold_gain":0,"player_choice":"Simplicity","damage_taken":0,"max_hp_gain":0,"max_hp_loss":0,"event_name":"Back to Basics","floor":19,"gold_loss":0,"cards_upgraded":["Defend_G","Defend_G","Defend_G","Defend_G","Defend_G","Strike_G","Strike_G","Strike_G","Strike_G","Strike_G"]},{"damage_healed":0,"gold_gain":0,"player_choice":"Ignored","damage_taken":0,"max_hp_gain":0,"max_hp_loss":0,"event_name":"The Mausoleum","floor":20,"gold_loss":0}],"is_beta":false,"boss_relics":[{"not_picked":["Coffee Dripper","Ring of the Serpent"],"picked":"Philosopher\u0027s Stone"}],"items_purged_floors":[],"is_endless":false,"potions_floor_spawned":[4,10,14,16,18],"killed_by":"Spheric Guardian","ascension_level":20}