{"gold_per_floor":[113,16,16,16,36,97,97,129,129,129,162,98,98,98],"floor_reached":14,"playtime":234,"items_purged":[],"score":258,"play_id":"f779ff1d-f8d9-45e5-a44d-f5349c1fa6dc","local_time":"20190701150813","is_ascension_mode":true,"campfire_choices":[{"data":"Zap","floor":7.0,"key":"SMITH"},{"data":"Coolheaded","floor":10.0,"key":"SMITH"}],"neow_cost":"NONE","seed_source_timestamp":103010588431300,"circlet_count":0,"master_deck":["AscendersBane","Strike_B","Strike_B","Strike_B","Strike_B","Defend_B","Defend_B","Defend_B","Defend_B","Zap+1","Dualcast","Beam Cell","Gash","Reprogram","Beam Cell","Coolheaded+1","Redo","Echo Form"],"special_seed":0,"relics":["Cracked Core","NeowsBlessing","WarpedTongs","Tiny Chest","Sundial","Gremlin Horn","Meat on the Bone"],"potions_floor_usage":[],"damage_taken":[{"damage":0.0,"enemies":"Cultist","floor":1.0,"turns":1.0},{"damage":0.0,"enemies":"2 Louse","floor":5.0,"turns":1.0},{"damage":1.0,"enemies":"Gremlin Nob","floor":6.0,"turns":1.0},{"damage":25.0,"enemies":"Lagavulin","floor":8.0,"turns":7.0},{"damage":34.0,"enemies":"Gremlin Nob","floor":11.0,"turns":4.0},{"damage":9,"enemies":"Small Slimes","floor":14,"turns":1}],"seed_played":"-6071986664996370679","potions_obtained":[{"floor":5.0,"key":"Explosive Potion"},{"floor":6.0,"key":"FocusPotion"}],"is_trial":false,"path_per_floor":["M","$","?","$","M","E","R","E","T","R","E","?","?","M"],"character_chosen":"DEFECT","items_purchased":["Gash","Reprogram"],"campfire_rested":0,"item_purchase_floors":[2,2],"current_hp_per_floor":[64,64,64,64,64,63,63,38,38,38,4,4,4,0],"gold":98,"neow_bonus":"THREE_ENEMY_KILL","is_prod":false,"is_daily":false,"chose_seed":false,"campfire_upgraded":2,"win_rate":0,"timestamp":1561990093,"path_taken":["M","$","?","?","M","E","R","E","T","R","E","?","?","?"],"build_version":"2019-01-23","purchased_purges":0,"victory":false,"max_hp_per_floor":[71,71,71,71,71,71,71,71,71,71,71,71,71,71],"card_choices":[{"not_picked":["Coolheaded","Hello World"],"picked":"Beam Cell","floor":1.0},{"not_picked":["Doom and Gloom","Redo"],"picked":"Beam Cell","floor":5.0},{"not_picked":["Reprogram","Lockon"],"picked":"Coolheaded","floor":6.0},{"not_picked":["Stack","Leap"],"picked":"Redo","floor":8.0},{"not_picked":["Rip and Tear","Hello World"],"picked":"Echo Form","floor":11.0}],"player_experience":1520287,"relics_obtained":[{"floor":6.0,"key":"Tiny Chest"},{"floor":8.0,"key":"Sundial"},{"floor":9.0,"key":"Gremlin Horn"},{"floor":11.0,"key":"Meat on the Bone"}],"event_choices":[{"damage_healed":0.0,"max_hp_gain":0.0,"max_hp_loss":0.0,"gold_gain":0.0,"event_name":"Accursed Blacksmith","player_choice":"Rummage","floor":3.0,"gold_loss":0.0,"damage_taken":0.0,"relics_obtained":["WarpedTongs"],"cards_obtained":["Pain"]},{"damage_healed":0.0,"max_hp_gain":0.0,"max_hp_loss":0.0,"gold_gain":0.0,"event_name":"World of Goop","player_choice":"Left Gold","floor":12.0,"gold_loss":64.0,"damage_taken":0.0},{"cards_removed":["Pain"],"damage_healed":0.0,"max_hp_gain":0.0,"max_hp_loss":0.0,"gold_gain":0.0,"event_name":"Fountain of Cleansing","player_choice":"Removed Curses","floor":13.0,"gold_loss":0.0,"damage_taken":0.0}],"is_beta":false,"boss_relics":[],"items_purged_floors":[],"is_endless":false,"potions_floor_spawned":[5,6],"killed_by":"Small Slimes","ascension_level":20}