{"gold_per_floor":[111,111,111,134,148,148,200,225,248,31,55,79,119,138,138,138],"floor_reached":16,"playtime":293,"items_purged":[],"score":254,"play_id":"dd24a0af-1436-48a8-8bae-70b39301c9bb","local_time":"20190525221506","is_ascension_mode":true,"campfire_choices":[{"floor":6.0,"key":"REST"},{"floor":15,"key":"REST"}],"neow_cost":"TEN_PERCENT_HP_LOSS","seed_source_timestamp":13894356130900,"circlet_count":0,"master_deck":["AscendersBane","Strike_B","Strike_B","Strike_B","Strike_B+1","Defend_B","Defend_B","Defend_B+1","Defend_B","Zap","Dualcast","Finesse","Deep Breath","Streamline+1","Compile Driver+1","Conserve Battery","Steam","Leap","FTL","Steam"],"special_seed":0,"relics":["Cracked Core","Golden Idol","Vajra","Whetstone","Bag of Marbles","Runic Capacitor","Bottled Lightning"],"potions_floor_usage":[14],"damage_taken":[{"damage":8.0,"enemies":"Small Slimes","floor":1.0,"turns":3.0},{"damage":0.0,"enemies":"2 Louse","floor":5.0,"turns":2.0},{"damage":7.0,"enemies":"Jaw Worm","floor":8.0,"turns":3.0},{"damage":10.0,"enemies":"Gremlin Gang","floor":11.0,"turns":3.0},{"damage":9.0,"enemies":"Exordium Thugs","floor":12.0,"turns":5.0},{"damage":0.0,"enemies":"Gremlin Nob","floor":13.0,"turns":2.0},{"damage":2,"enemies":"Exordium Wildlife","floor":14,"turns":2},{"damage":17,"enemies":"The Guardian","floor":16,"turns":5}],"seed_played":"-5831731715168209097","potions_obtained":[{"floor":5.0,"key":"Energy Potion"},{"floor":11.0,"key":"Strength Potion"},{"floor":12.0,"key":"FairyPotion"},{"floor":13.0,"key":"Poison Potion"}],"is_trial":false,"path_per_floor":["M","?","?","T","M","R","T","M","T","$","M","M","E","M","R","B"],"character_chosen":"DEFECT","items_purchased":["Runic Capacitor"],"campfire_rested":2,"item_purchase_floors":[10],"current_hp_per_floor":[56,34,15,15,15,34,34,27,27,27,17,8,8,6,25,8],"gold":138,"neow_bonus":"RANDOM_COLORLESS_2","is_prod":false,"is_daily":false,"chose_seed":false,"campfire_upgraded":0,"win_rate":0,"timestamp":1558818906,"path_taken":["M","?","?","?","?","R","?","M","T","?","?","M","E","M","R","BOSS"],"build_version":"2019-01-23","purchased_purges":0,"victory":false,"max_hp_per_floor":[64,64,64,64,64,64,64,64,64,64,64,64,64,64,64,64],"card_choices":[{"not_picked":["Fusion","Coolheaded"],"picked":"Streamline","floor":1.0},{"not_picked":["Hologram","Gash"],"picked":"Compile Driver","floor":5.0},{"not_picked":["Coolheaded","Redo"],"picked":"Conserve Battery","floor":8.0},{"not_picked":["Chill","Conserve Battery"],"picked":"Steam","floor":11.0},{"not_picked":["Go for the Eyes","Coolheaded"],"picked":"Leap","floor":12.0},{"not_picked":["Turbo","Chaos"],"picked":"FTL","floor":13.0},{"not_picked":["Compile Driver","Rebound"],"picked":"Steam","floor":14}],"player_experience":1402842,"relics_obtained":[{"floor":4.0,"key":"Vajra"},{"floor":7.0,"key":"Whetstone"},{"floor":9.0,"key":"Bag of Marbles"},{"floor":13.0,"key":"Bottled Lightning"}],"event_choices":[{"damage_healed":0.0,"max_hp_gain":0.0,"max_hp_loss":0.0,"gold_gain":0.0,"event_name":"Golden Idol","player_choice":"Take Damage","floor":2.0,"gold_loss":0.0,"damage_taken":22.0,"relics_obtained":["Golden Idol"]},{"damage_healed":0.0,"max_hp_gain":0.0,"max_hp_loss":0.0,"gold_gain":0.0,"event_name":"Shining Light","player_choice":"Entered Light","floor":3.0,"gold_loss":0.0,"damage_taken":19.0,"cards_upgraded":["Strike_B","Defend_B"]}],"is_beta":false,"boss_relics":[],"items_purged_floors":[],"is_endless":false,"potions_floor_spawned":[5,11,12,13],"killed_by":"The Guardian","ascension_level":20}