{"gold_per_floor":[117,117,29,29,53,92,16,47,47,47,47,61,101,117,117,117],"floor_reached":16,"playtime":478,"items_purged":[],"score":286,"play_id":"c36ec02b-b616-486b-956b-c13b4dec3b23","local_time":"20190226062832","is_ascension_mode":true,"campfire_choices":[{"floor":10,"key":"REST"},{"floor":15,"key":"REST"}],"neow_cost":"NONE","seed_source_timestamp":20126616036000,"circlet_count":0,"master_deck":["AscendersBane","Defend_G","Defend_G","Defend_G","Defend_G","Defend_G","Strike_G","Strike_G","Strike_G","Strike_G","Survivor","Neutralize","Slice","Infinite Blades","Accuracy","Cloak And Dagger","Crippling Poison","Distraction","Escape Plan"],"relics":["Ring of the Snake","NeowsBlessing","Golden Idol","Gremlin Horn","Lantern","Regal Pillow","Juzu Bracelet","Art of War"],"potions_floor_usage":[8,16],"damage_taken":[{"damage":0,"enemies":"Small Slimes","floor":1,"turns":1},{"damage":0,"enemies":"Jaw Worm","floor":5,"turns":1},{"damage":0,"enemies":"3 Sentries","floor":6,"turns":2},{"damage":28,"enemies":"Gremlin Nob","floor":8,"turns":4},{"damage":4,"enemies":"2 Louse","floor":12,"turns":3},{"damage":38,"enemies":"3 Sentries","floor":13,"turns":10},{"damage":1,"enemies":"Gremlin Gang","floor":14,"turns":5},{"damage":47,"enemies":"Hexaghost","floor":16,"turns":11}],"seed_played":"-2343500007408734006","potions_obtained":[{"floor":5,"key":"Strength Potion"},{"floor":12,"key":"SpeedPotion"}],"is_trial":false,"path_per_floor":["M","?","$","?","M","E","?","E","T","R","?","M","E","M","R","B"],"character_chosen":"THE_SILENT","items_purchased":["Infinite Blades"],"campfire_rested":2,"item_purchase_floors":[3],"current_hp_per_floor":[59,52,52,52,52,52,52,24,24,57,57,53,15,14,47,0],"gold":117,"neow_bonus":"THREE_ENEMY_KILL","is_prod":false,"is_daily":false,"chose_seed":false,"campfire_upgraded":0,"win_rate":0,"timestamp":1551191312,"path_taken":["M","?","$","?","M","E","?","E","T","R","?","M","E","M","R","BOSS"],"build_version":"2019-01-23","purchased_purges":0,"victory":false,"max_hp_per_floor":[66,66,66,60,60,60,60,60,60,60,60,60,60,60,60,60],"card_choices":[{"not_picked":["Sucker Punch","Concentrate"],"picked":"Slice","floor":1},{"not_picked":["Backflip","Sucker Punch"],"picked":"Accuracy","floor":5},{"not_picked":["Predator","Masterful Stab"],"picked":"Cloak And Dagger","floor":6},{"not_picked":["Deflect","Masterful Stab"],"picked":"Crippling Poison","floor":8},{"not_picked":["Calculated Gamble","Skewer"],"picked":"Distraction","floor":12},{"not_picked":["Dagger Throw","Sucker Punch","Predator"],"picked":"SKIP","floor":13},{"not_picked":["Slice","Deadly Poison"],"picked":"Escape Plan","floor":14}],"player_experience":1205833,"relics_obtained":[{"floor":6,"key":"Gremlin Horn"},{"floor":8,"key":"Regal Pillow"},{"floor":9,"key":"Juzu Bracelet"},{"floor":13,"key":"Art of War"}],"event_choices":[{"cards_removed":["Strike_G"],"damage_healed":0,"gold_gain":0,"player_choice":"Card Removal","damage_taken":7,"max_hp_gain":0,"max_hp_loss":0,"event_name":"Golden Wing","floor":2,"gold_loss":0},{"damage_healed":0,"gold_gain":0,"player_choice":"Lose Max HP","damage_taken":0,"relics_obtained":["Golden Idol"],"max_hp_gain":0,"max_hp_loss":6,"event_name":"Golden Idol","floor":4,"gold_loss":0},{"damage_healed":0,"gold_gain":0,"player_choice":"Paid Gold","damage_taken":0,"relics_obtained":["Lantern"],"max_hp_gain":0,"max_hp_loss":0,"event_name":"WeMeetAgain","floor":7,"gold_loss":76},{"damage_healed":0,"gold_gain":0,"player_choice":"Leave","damage_taken":0,"max_hp_gain":0,"max_hp_loss":0,"event_name":"The Cleric","floor":11,"gold_loss":0}],"is_beta":false,"boss_relics":[],"items_purged_floors":[],"is_endless":false,"potions_floor_spawned":[5,12],"killed_by":"Hexaghost","ascension_level":20}