{"gold_per_floor":[111,125,105,122,132,161,161,192,222,222,256,273,301,22,22,98,98,108,33,33,49,60,95,108,108,108,133,133,143,143,153,153,153],"floor_reached":33,"playtime":1319,"items_purged":[],"score":709,"play_id":"4b2b1859-a21c-47b7-aac5-7a6eecfb8fe4","local_time":"20190630154541","is_ascension_mode":true,"campfire_choices":[{"floor":7.0,"key":"REST"},{"floor":10.0,"key":"REST"},{"data":"Bouncing Flask","floor":15.0,"key":"SMITH"},{"data":"Neutralize","floor":25.0,"key":"SMITH"},{"floor":30.0,"key":"REST"},{"floor":32.0,"key":"REST"}],"neow_cost":"NONE","seed_source_timestamp":5540420827169836,"circlet_count":0,"master_deck":["AscendersBane","Defend_G","Defend_G","Defend_G","Defend_G","Defend_G","Survivor","Neutralize+1","Dash","Bane","Poisoned Stab","Bouncing Flask+1","Backflip","Dagger Spray","Caltrops","Backstab","Envenom","Bullet Time","Dodge and Roll","Bite","Bite","Bite","Bite","Bite","PiercingWail+1","Burst","Dagger Spray","Backflip+1","Escape Plan","Outmaneuver","Sucker Punch+1","Infinite Blades"],"special_seed":0,"relics":["Ring of the Snake","NeowsBlessing","Bottled Lightning","PreservedInsect","Tiny Chest","Ninja Scroll","Bronze Scales","Mummified Hand","Sozu","Sundial","Question Card","Pantograph"],"potions_floor_usage":[33,33],"damage_taken":[{"damage":0.0,"enemies":"Small Slimes","floor":1.0,"turns":1.0},{"damage":0.0,"enemies":"Cultist","floor":2.0,"turns":1.0},{"damage":0.0,"enemies":"2 Louse","floor":4.0,"turns":1.0},{"damage":3.0,"enemies":"Large Slime","floor":5.0,"turns":4.0},{"damage":35.0,"enemies":"3 Sentries","floor":6.0,"turns":14.0},{"damage":17.0,"enemies":"Lagavulin","floor":8.0,"turns":5.0},{"damage":0.0,"enemies":"Gremlin Nob","floor":11.0,"turns":3.0},{"damage":7.0,"enemies":"Exordium Thugs","floor":12.0,"turns":6.0},{"damage":5.0,"enemies":"3 Sentries","floor":13.0,"turns":6.0},{"damage":34.0,"enemies":"The Guardian","floor":16.0,"turns":8.0},{"damage":9.0,"enemies":"Spheric Guardian","floor":18.0,"turns":4.0},{"damage":22.0,"enemies":"Shell Parasite","floor":21.0,"turns":5.0},{"damage":3.0,"enemies":"Centurion and Healer","floor":22.0,"turns":7.0},{"damage":1.0,"enemies":"Book of Stabbing","floor":23.0,"turns":3.0},{"damage":3.0,"enemies":"Snecko","floor":24.0,"turns":4.0},{"damage":10.0,"enemies":"Slavers","floor":27.0,"turns":3.0},{"damage":39.0,"enemies":"Cultist and Chosen","floor":29.0,"turns":8.0},{"damage":19.0,"enemies":"Snake Plant","floor":31.0,"turns":2.0},{"damage":73,"enemies":"Champ","floor":33,"turns":11}],"seed_played":"4321282159383430806","potions_obtained":[{"floor":2.0,"key":"Fire Potion"},{"floor":3.0,"key":"EssenceOfSteel"},{"floor":11.0,"key":"Regen Potion"},{"floor":13.0,"key":"EssenceOfSteel"},{"floor":16.0,"key":"AttackPotion"}],"is_trial":false,"path_per_floor":["M","M","?","M","M","E","R","E","T","R","E","M","E","$","R","B",null,"M","?","?","M","M","E","M","R","T","E","?","M","R","M","R","B"],"character_chosen":"THE_SILENT","items_purchased":["Mummified Hand"],"campfire_rested":4,"item_purchase_floors":[14],"current_hp_per_floor":[59,59,59,59,56,21,40,23,23,42,42,35,45,45,45,11,52,43,43,43,33,42,41,46,46,46,40,40,15,28,11,24,0],"gold":153,"neow_bonus":"THREE_ENEMY_KILL","is_prod":false,"is_daily":false,"chose_seed":false,"campfire_upgraded":2,"win_rate":0,"timestamp":1561923941,"path_taken":["M","M","?","M","?","E","R","E","T","R","E","?","E","?","R","BOSS","M","?","?","M","M","E","M","R","T","E","?","M","R","M","R","BOSS"],"build_version":"2019-01-23","purchased_purges":0,"victory":false,"max_hp_per_floor":[66,66,66,66,66,66,66,66,66,66,66,66,66,66,66,66,66,66,66,46,46,46,46,46,46,46,46,46,46,46,46,46,46],"card_choices":[{"not_picked":["Acrobatics","Cloak And Dagger"],"picked":"Dash","floor":1.0},{"not_picked":["Outmaneuver","Dodge and Roll"],"picked":"Bane","floor":2.0},{"not_picked":["Deflect","Acrobatics"],"picked":"Poisoned Stab","floor":4.0},{"not_picked":["Setup","Catalyst"],"picked":"Bouncing Flask","floor":5.0},{"not_picked":["Phantasmal Killer","Underhanded Strike"],"picked":"Backflip","floor":6.0},{"not_picked":["Blur","Outmaneuver"],"picked":"Dagger Spray","floor":8.0},{"not_picked":["Outmaneuver","Blur"],"picked":"Caltrops","floor":11.0},{"not_picked":["PiercingWail","Crippling Poison"],"picked":"Backstab","floor":12.0},{"not_picked":["Finisher","Dash"],"picked":"Envenom","floor":13.0},{"not_picked":["Envenom","Storm of Steel"],"picked":"Bullet Time","floor":16.0},{"not_picked":["Bouncing Flask","Quick Slash"],"picked":"Dodge and Roll","floor":18.0},{"not_picked":["Backflip","Dagger Throw"],"picked":"PiercingWail+1","floor":21.0},{"not_picked":["Expertise","Backflip"],"picked":"Burst","floor":22.0},{"not_picked":["Dagger Throw+1","Venomology"],"picked":"Dagger Spray","floor":23.0},{"not_picked":["Outmaneuver","Deflect"],"picked":"Backflip+1","floor":24.0},{"not_picked":["Slice","Poisoned Stab","Glass Knife"],"picked":"Escape Plan","floor":27.0},{"not_picked":["Quick Slash","Deadly Poison","Underhanded Strike"],"picked":"Sucker Punch+1","floor":29.0},{"not_picked":["Catalyst","Prepared","All Out Attack+1"],"picked":"Infinite Blades","floor":31.0}],"player_experience":815899,"relics_obtained":[{"floor":6.0,"key":"Bottled Lightning"},{"floor":8.0,"key":"PreservedInsect"},{"floor":9.0,"key":"Tiny Chest"},{"floor":11.0,"key":"Ninja Scroll"},{"floor":13.0,"key":"Bronze Scales"},{"floor":23.0,"key":"Sundial"},{"floor":26.0,"key":"Question Card"},{"floor":27.0,"key":"Pantograph"}],"event_choices":[{"damage_healed":0.0,"max_hp_gain":0.0,"max_hp_loss":0.0,"gold_gain":0.0,"event_name":"The Woman in Blue","player_choice":"Bought 1 Potion","floor":3.0,"gold_loss":0.0,"damage_taken":0.0},{"cards_removed":["Strike_G"],"damage_healed":0.0,"max_hp_gain":0.0,"max_hp_loss":0.0,"gold_gain":0.0,"event_name":"Beggar","player_choice":"Gave Gold","floor":19.0,"gold_loss":75.0,"damage_taken":0.0},{"damage_healed":0.0,"max_hp_gain":0.0,"max_hp_loss":20.0,"gold_gain":0.0,"event_name":"Vampires","player_choice":"Became a vampire","floor":20.0,"gold_loss":0.0,"damage_taken":0.0,"cards_obtained":["Bite","Bite","Bite","Bite","Bite"]},{"damage_healed":0.0,"max_hp_gain":0.0,"max_hp_loss":0.0,"gold_gain":0.0,"event_name":"The Library","player_choice":"Read","floor":28.0,"gold_loss":0.0,"damage_taken":0.0,"cards_obtained":["Outmaneuver"]}],"is_beta":false,"boss_relics":[{"not_picked":["Lizard Tail","Black Star"],"picked":"Sozu"}],"items_purged_floors":[],"is_endless":false,"potions_floor_spawned":[2,4,11,13,16,18,21,23,31],"killed_by":"Champ","ascension_level":20}