{"gold_per_floor":[109,34,54,71,36,36,66,66,66,66,93,111,30,59,59,59],"floor_reached":16,"playtime":456,"items_purged":["Strike_R"],"score":236,"play_id":"135c7bb3-2e49-47c0-9298-8781e00acdea","local_time":"20190601142427","is_ascension_mode":true,"campfire_choices":[{"data":"Bash","floor":6,"key":"SMITH"},{"data":"Rampage","floor":8,"key":"SMITH"},{"floor":10,"key":"REST"},{"floor":15,"key":"REST"}],"neow_cost":"NONE","seed_source_timestamp":25474165863500,"circlet_count":0,"master_deck":["AscendersBane","Strike_R","Strike_R","Strike_R","Strike_R","Defend_R","Defend_R","Defend_R","Defend_R","Bash+1","Rampage+1","Clothesline","Second Wind","Impervious","Feed","Shockwave","Inflame","Iron Wave","Rampage"],"relics":["Burning Blood","Bag of Preparation","StoneCalendar","Blue Candle","Dream Catcher","Juzu Bracelet"],"potions_floor_usage":[12],"damage_taken":[{"damage":11,"enemies":"Small Slimes","floor":1,"turns":6},{"damage":4,"enemies":"Jaw Worm","floor":3,"turns":4},{"damage":4,"enemies":"2 Louse","floor":4,"turns":3},{"damage":55,"enemies":"3 Sentries","floor":7,"turns":10},{"damage":27,"enemies":"Gremlin Nob","floor":11,"turns":4},{"damage":6,"enemies":"Blue Slaver","floor":12,"turns":3},{"damage":20,"enemies":"3 Sentries","floor":14,"turns":7},{"damage":34,"enemies":"The Guardian","floor":16,"turns":9}],"seed_played":"-8711660207035232170","potions_obtained":[{"floor":3,"key":"Dexterity Potion"},{"floor":11,"key":"AttackPotion"}],"is_trial":false,"path_per_floor":["M","$","M","M","?","R","E","R","T","R","E","M","$","E","R","B"],"character_chosen":"IRONCLAD","items_purchased":["Inflame"],"campfire_rested":2,"item_purchase_floors":[13],"current_hp_per_floor":[63,63,65,67,75,75,26,26,26,48,27,27,27,13,35,1],"gold":59,"neow_bonus":"RANDOM_COMMON_RELIC","is_prod":false,"is_daily":false,"chose_seed":false,"campfire_upgraded":2,"win_rate":0,"timestamp":1559395467,"path_taken":["M","$","M","M","?","R","E","R","T","R","E","M","$","E","R","BOSS"],"build_version":"2019-01-23","purchased_purges":1,"victory":false,"max_hp_per_floor":[75,75,75,75,75,75,75,75,75,75,75,75,75,75,75,75],"card_choices":[{"not_picked":["Cleave","Metallicize"],"picked":"Rampage","floor":1},{"not_picked":["Armaments","Spot Weakness"],"picked":"Clothesline","floor":3},{"not_picked":["Heavy Blade","Havoc"],"picked":"Second Wind","floor":4},{"not_picked":["Anger","Blood for Blood"],"picked":"Impervious","floor":7},{"not_picked":["Dual Wield","Intimidate"],"picked":"Feed","floor":11},{"not_picked":["Reckless Charge","Heavy Blade"],"picked":"Shockwave","floor":12},{"not_picked":["Rupture","Berserk"],"picked":"Iron Wave","floor":14},{"not_picked":["Burning Pact","Rupture"],"picked":"Rampage","floor":15}],"player_experience":1417096,"relics_obtained":[{"floor":7,"key":"StoneCalendar"},{"floor":9,"key":"Blue Candle"},{"floor":11,"key":"Dream Catcher"},{"floor":14,"key":"Juzu Bracelet"}],"event_choices":[{"damage_healed":18,"gold_gain":0,"player_choice":"Healed","damage_taken":0,"max_hp_gain":0,"max_hp_loss":0,"event_name":"The Cleric","floor":5,"gold_loss":35}],"is_beta":false,"boss_relics":[],"items_purged_floors":[2],"is_endless":false,"potions_floor_spawned":[3,11],"killed_by":"The Guardian","ascension_level":20}