{"gold_per_floor":[112,112,112,125,125,125,151,0,0,14,14,49,49,49,49,123,123,142,0,0,12,23,23,23,23,98,130,130,150,150,65,65,65],"floor_reached":33,"playtime":958,"items_purged":["Pain"],"score":613,"play_id":"05f996df-40d8-4a65-bdce-c67590c29e09","local_time":"20190528194047","is_ascension_mode":true,"campfire_choices":[{"data":"Hologram","floor":6.0,"key":"SMITH"},{"data":"Self Repair","floor":11.0,"key":"SMITH"},{"data":"Echo Form","floor":13.0,"key":"SMITH"},{"floor":15.0,"key":"RECALL"},{"floor":24,"key":"REST"},{"floor":28,"key":"REST"},{"floor":32,"key":"REST"}],"neow_cost":"NONE","seed_source_timestamp":2704627940347891,"circlet_count":0,"master_deck":["AscendersBane","Defend_B","Defend_B","Defend_B","Defend_B","Zap","Dualcast","Ball Lightning","Hologram+1","Streamline","Self Repair+1","Sunder","Echo Form+1","Thunder Strike","Hologram+1","Coolheaded","Bite","Bite","Bite","Bite","Bite","Stack","Capacitor"],"special_seed":0,"relics":["Cracked Core","NeowsBlessing","WarpedTongs","Bottled Flame","Ornamental Fan","Bottled Lightning","Fusion Hammer","Pantograph","Mercury Hourglass"],"potions_floor_usage":[27,33],"damage_taken":[{"damage":0.0,"enemies":"Small Slimes","floor":1.0,"turns":1.0},{"damage":0.0,"enemies":"2 Louse","floor":4.0,"turns":1.0},{"damage":0.0,"enemies":"3 Sentries","floor":7.0,"turns":1.0},{"damage":0.0,"enemies":"Cultist","floor":10.0,"turns":3.0},{"damage":20.0,"enemies":"Lagavulin","floor":12.0,"turns":6.0},{"damage":17.0,"enemies":"The Guardian","floor":16.0,"turns":9.0},{"damage":21.0,"enemies":"Spheric Guardian","floor":18.0,"turns":4.0},{"damage":39.0,"enemies":"3 Byrds","floor":21.0,"turns":5.0},{"damage":53.0,"enemies":"Centurion and Healer","floor":22.0,"turns":8.0},{"damage":64,"enemies":"Book of Stabbing","floor":27,"turns":7},{"damage":13,"enemies":"Snake Plant","floor":29,"turns":3},{"damage":75,"enemies":"Collector","floor":33,"turns":5}],"seed_played":"-4098193668731221059","potions_obtained":[{"floor":4.0,"key":"FearPotion"},{"floor":7.0,"key":"Poison Potion"},{"floor":12.0,"key":"LiquidBronze"},{"floor":16.0,"key":"Regen Potion"},{"floor":18.0,"key":"Weak Potion"},{"floor":27,"key":"AttackPotion"}],"is_trial":false,"path_per_floor":["M","?","?","M","?","R","E","$","T","M","R","E","R","$","R","B",null,"M","?","?","M","M","?","R","?","T","E","R","M","T","$","R","B"],"character_chosen":"DEFECT","items_purchased":["Self Repair","Capacitor"],"campfire_rested":3,"item_purchase_floors":[8,31],"current_hp_per_floor":[64,59,52,54,54,54,56,56,56,68,68,60,60,60,60,55,67,58,58,58,41,25,39,60,60,60,33,54,46,46,46,67,0],"gold":65,"neow_bonus":"THREE_ENEMY_KILL","is_prod":false,"is_daily":false,"chose_seed":false,"campfire_upgraded":3,"win_rate":0,"timestamp":1559086847,"path_taken":["M","?","?","M","?","R","E","$","T","?","R","E","R","?","R","BOSS","M","?","?","?","M","?","R","?","T","E","R","M","?","$","R","BOSS"],"build_version":"2019-01-23","purchased_purges":1,"victory":false,"max_hp_per_floor":[71,71,71,71,71,71,71,71,71,71,71,71,71,71,71,71,71,71,71,71,71,71,71,71,71,71,71,71,71,71,71,71,71],"card_choices":[{"not_picked":["Fusion","Redo"],"picked":"Ball Lightning","floor":1.0},{"not_picked":["Stack","Storm"],"picked":"Hologram","floor":4.0},{"not_picked":["Redo","Auto Shields"],"picked":"Streamline","floor":7.0},{"not_picked":["Chill","Turbo"],"picked":"Sunder","floor":10.0},{"not_picked":["Consume","Barrage"],"picked":"Echo Form","floor":12.0},{"not_picked":["Amplify","Meteor Strike"],"picked":"Thunder Strike","floor":16.0},{"not_picked":["Sweeping Beam","BootSequence"],"picked":"Hologram+1","floor":18.0},{"not_picked":["Chill","Compile Driver"],"picked":"Coolheaded","floor":21.0},{"not_picked":["Reprogram+1","Barrage","Hologram"],"picked":"SKIP","floor":22.0},{"not_picked":["Compile Driver","Undo","Streamline"],"picked":"SKIP","floor":27},{"not_picked":["Barrage","Consume+1"],"picked":"Stack","floor":29}],"player_experience":716462,"relics_obtained":[{"floor":7.0,"key":"Bottled Flame"},{"floor":9.0,"key":"Ornamental Fan"},{"floor":12.0,"key":"Bottled Lightning"},{"floor":26,"key":"Pantograph"},{"floor":27,"key":"Mercury Hourglass"}],"event_choices":[{"damage_healed":0.0,"max_hp_gain":0.0,"max_hp_loss":0.0,"gold_gain":0.0,"event_name":"Scrap Ooze","player_choice":"Success","floor":2.0,"gold_loss":0.0,"damage_taken":5.0,"relics_obtained":["Blood Vial"]},{"cards_removed":["Strike_B"],"damage_healed":0.0,"max_hp_gain":0.0,"max_hp_loss":0.0,"gold_gain":0.0,"event_name":"Golden Wing","player_choice":"Card Removal","floor":3.0,"gold_loss":0.0,"damage_taken":7.0},{"damage_healed":0.0,"max_hp_gain":0.0,"max_hp_loss":0.0,"gold_gain":0.0,"event_name":"Accursed Blacksmith","player_choice":"Rummage","floor":5.0,"gold_loss":0.0,"damage_taken":0.0,"relics_obtained":["WarpedTongs"],"cards_obtained":["Pain"]},{"damage_healed":0.0,"max_hp_gain":0.0,"max_hp_loss":0.0,"gold_gain":0.0,"event_name":"Masked Bandits","player_choice":"Paid Fearfully","floor":19.0,"gold_loss":142.0,"damage_taken":0.0},{"damage_healed":0.0,"max_hp_gain":0.0,"max_hp_loss":0.0,"gold_gain":0.0,"event_name":"The Mausoleum","player_choice":"Ignored","floor":20.0,"gold_loss":0.0,"damage_taken":0.0},{"damage_healed":14,"gold_gain":0,"player_choice":"Heal","damage_taken":0,"max_hp_gain":0,"max_hp_loss":0,"event_name":"The Library","floor":23,"gold_loss":0},{"damage_healed":0,"gold_gain":0,"player_choice":"Became a vampire (Vial)","damage_taken":0,"max_hp_gain":0,"max_hp_loss":0,"event_name":"Vampires","floor":25,"relics_lost":["Blood Vial"],"gold_loss":0,"cards_obtained":["Bite","Bite","Bite","Bite","Bite"]}],"is_beta":false,"boss_relics":[{"not_picked":["Snecko Eye","Coffee Dripper"],"picked":"Fusion Hammer"}],"items_purged_floors":[8],"is_endless":false,"potions_floor_spawned":[4,7,12,16,18,27],"killed_by":"Collector","ascension_level":20}