{"gold_per_floor":[116,191,191,191,28,48,48,73,73,91,102,102,116,142,142,220,220,190,190,190,205,215,215,226,226,226,226,239,250,250],"floor_reached":30,"playtime":938,"items_purged":[],"score":584,"play_id":"4db9d217-792f-4627-8622-5070a732cd62","local_time":"20190508151308","is_ascension_mode":true,"campfire_choices":[{"data":"A Thousand Cuts","floor":7.0,"key":"SMITH"},{"floor":12.0,"key":"REST"},{"data":"Neutralize","floor":15.0,"key":"SMITH"},{"floor":23.0,"key":"REST"},{"floor":25.0,"key":"REST"}],"neow_cost":"NONE","seed_source_timestamp":0,"circlet_count":0,"master_deck":["AscendersBane","Defend_G","Defend_G","Defend_G","Defend_G","Defend_G","Strike_G","Strike_G","Strike_G","Strike_G","Survivor","Neutralize+1","Quick Slash","A Thousand Cuts+1","Blade Dance","Blade Dance","Backflip","Quick Slash","Bullet Time","Cloak And Dagger","Envenom","Flying Knee","Backflip","Bane"],"special_seed":0,"relics":["Ring of the Snake","NeowsBlessing","Lantern","Happy Flower","Shuriken","Potion Belt","Fusion Hammer","MutagenicStrength"],"potions_floor_usage":[29],"damage_taken":[{"damage":0.0,"enemies":"2 Louse","floor":1.0,"turns":1.0},{"damage":0.0,"enemies":"Cultist","floor":6.0,"turns":1.0},{"damage":0.0,"enemies":"3 Sentries","floor":8.0,"turns":1.0},{"damage":1.0,"enemies":"Jaw Worm","floor":10.0,"turns":3.0},{"damage":0.0,"enemies":"Large Slime","floor":11.0,"turns":4.0},{"damage":0.0,"enemies":"Red Slaver","floor":13.0,"turns":3.0},{"damage":0.0,"enemies":"Gremlin Nob","floor":14.0,"turns":2.0},{"damage":35.0,"enemies":"The Guardian","floor":16.0,"turns":14.0},{"damage":14.0,"enemies":"2 Thieves","floor":18.0,"turns":4.0},{"damage":18.0,"enemies":"Chosen","floor":21.0,"turns":4.0},{"damage":3.0,"enemies":"Centurion and Healer","floor":22.0,"turns":6.0},{"damage":0.0,"enemies":"3 Cultists","floor":24.0,"turns":3.0},{"damage":45,"enemies":"Snake Plant","floor":28,"turns":5},{"damage":8,"enemies":"Centurion and Healer","floor":29,"turns":4},{"damage":4,"enemies":"Shelled Parasite and Fungi","floor":30,"turns":1}],"seed_played":"-9164207517286430502","potions_obtained":[{"floor":4.0,"key":"Weak Potion"},{"floor":4.0,"key":"Energy Potion"},{"floor":10.0,"key":"Explosive Potion"},{"floor":14.0,"key":"AttackPotion"},{"floor":18.0,"key":"Ancient Potion"},{"floor":22.0,"key":"LiquidBronze"},{"floor":28,"key":"AttackPotion"}],"is_trial":false,"path_per_floor":["M","?","?","?","$","M","R","E","T","M","M","R","M","E","R","B",null,"M","?","?","M","M","R","M","R","T","?","M","M","M"],"character_chosen":"THE_SILENT","items_purchased":["A Thousand Cuts"],"campfire_rested":3,"item_purchase_floors":[5],"current_hp_per_floor":[59,48,30,30,30,30,30,30,30,29,29,48,48,48,48,13,53,39,39,39,21,18,37,37,56,56,56,11,3,0],"gold":250,"neow_bonus":"THREE_ENEMY_KILL","is_prod":false,"is_daily":false,"chose_seed":false,"campfire_upgraded":2,"win_rate":0,"timestamp":1557342788,"path_taken":["M","?","?","?","$","M","R","E","T","?","M","R","M","E","R","BOSS","M","?","?","M","?","R","M","R","T","?","M","M","?"],"build_version":"2019-01-23","purchased_purges":0,"victory":false,"max_hp_per_floor":[66,66,66,66,66,66,66,66,66,66,66,66,66,66,66,66,66,66,66,66,66,66,66,66,66,66,66,66,66,66],"card_choices":[{"not_picked":["Outmaneuver","Backflip"],"picked":"Quick Slash","floor":1.0},{"not_picked":["Endless Agony","Setup"],"picked":"Blade Dance","floor":6.0},{"not_picked":["Underhanded Strike","Riddle With Holes"],"picked":"Blade Dance","floor":8.0},{"not_picked":["Underhanded Strike","Quick Slash"],"picked":"Backflip","floor":10.0},{"not_picked":["Bane","Deflect"],"picked":"Quick Slash","floor":11.0},{"not_picked":["Tactician","Sucker Punch"],"picked":"Bullet Time","floor":13.0},{"not_picked":["Accuracy","Tools of the Trade"],"picked":"Cloak And Dagger","floor":14.0},{"not_picked":["Night Terror","Bullet Time"],"picked":"Envenom","floor":16.0},{"not_picked":["Slice","Masterful Stab","Deflect"],"picked":"SKIP","floor":18.0},{"not_picked":["Bane","Prepared","Terror"],"picked":"SKIP","floor":21.0},{"not_picked":["Acrobatics","Prepared","Bane"],"picked":"SKIP","floor":22.0},{"not_picked":["Distraction","Slice"],"picked":"Flying Knee","floor":24.0},{"not_picked":["Envenom","Outmaneuver"],"picked":"Backflip","floor":28},{"not_picked":["Quick Slash","Backflip"],"picked":"Bane","floor":29}],"player_experience":677496,"relics_obtained":[{"floor":8.0,"key":"Happy Flower"},{"floor":9.0,"key":"Shuriken"},{"floor":14.0,"key":"Potion Belt"}],"event_choices":[{"damage_healed":0.0,"max_hp_gain":0.0,"max_hp_loss":0.0,"gold_gain":75.0,"event_name":"World of Goop","player_choice":"Gather Gold","floor":2.0,"gold_loss":0.0,"damage_taken":11.0},{"damage_healed":0.0,"max_hp_gain":0.0,"max_hp_loss":0.0,"gold_gain":0.0,"event_name":"Scrap Ooze","player_choice":"Success","floor":3.0,"gold_loss":0.0,"damage_taken":18.0,"relics_obtained":["Lantern"]},{"damage_healed":0.0,"max_hp_gain":0.0,"max_hp_loss":0.0,"gold_gain":0.0,"event_name":"Lab","player_choice":"Got Potions","floor":4.0,"gold_loss":0.0,"damage_taken":0.0},{"damage_healed":0.0,"max_hp_gain":0.0,"max_hp_loss":0.0,"gold_gain":0.0,"event_name":"Drug Dealer","player_choice":"Inject Mutagens","floor":19.0,"gold_loss":0.0,"damage_taken":0.0,"relics_obtained":["MutagenicStrength"]},{"damage_healed":0.0,"max_hp_gain":0.0,"max_hp_loss":0.0,"gold_gain":0.0,"event_name":"Match and Keep!","player_choice":"0 cards matched","floor":20.0,"gold_loss":0.0,"damage_taken":0.0,"cards_obtained":[]},{"cards_removed":["Strike_G"],"damage_healed":0,"gold_gain":0,"player_choice":"Purged","damage_taken":0,"max_hp_gain":0,"max_hp_loss":0,"event_name":"Purifier","floor":27,"gold_loss":0}],"is_beta":false,"boss_relics":[{"not_picked":["Astrolabe","Black Star"],"picked":"Fusion Hammer"}],"items_purged_floors":[],"is_endless":false,"potions_floor_spawned":[10,13,14,18,22,28],"killed_by":"Shelled Parasite and Fungi","ascension_level":20}