{"gold_per_floor":[117,217,232,248,248,282,64,64,116,141,141,154,170,135,135,211,211,228,245,645,137,187,187,255,286,354,408,408,408,440,59,59,59],"floor_reached":33,"playtime":1339,"items_purged":["Strike_B"],"score":575,"play_id":"b48a3574-4694-4722-b5c3-6d572102b242","local_time":"20190531201353","is_ascension_mode":true,"campfire_choices":[{"floor":8.0,"key":"REST"},{"floor":11.0,"key":"REST"},{"data":"Zap","floor":15.0,"key":"SMITH"},{"floor":23.0,"key":"REST"},{"floor":28,"key":"REST"},{"floor":32,"key":"REST"}],"neow_cost":"NONE","seed_source_timestamp":2965375992865825,"circlet_count":0,"master_deck":["AscendersBane","Strike_B","Strike_B","Strike_B","Defend_B","Defend_B","Defend_B","Defend_B","Zap+1","Dualcast","Sweeping Beam","Streamline","Conserve Battery","Leap","Well Laid Plans","Clothesline","Hyperbeam","Static Discharge+1","Streamline","HandOfGreed","Noxious Fumes","Cloak And Dagger","Conserve Battery"],"special_seed":0,"relics":["Cracked Core","NeowsBlessing","Bag of Marbles","PrismaticShard","Blood Vial","Anchor","Snecko Eye","Old Coin","Kunai","Omamori","Thread and Needle","Singing Bowl","Necronomicon","Oddly Smooth Stone","DataDisk"],"potions_floor_usage":[30,33],"damage_taken":[{"damage":0.0,"enemies":"Jaw Worm","floor":1.0,"turns":1.0},{"damage":0.0,"enemies":"Cultist","floor":3.0,"turns":1.0},{"damage":0.0,"enemies":"Small Slimes","floor":4.0,"turns":1.0},{"damage":18.0,"enemies":"Lagavulin","floor":6.0,"turns":7.0},{"damage":40.0,"enemies":"Gremlin Nob","floor":10.0,"turns":5.0},{"damage":0.0,"enemies":"Blue Slaver","floor":12.0,"turns":3.0},{"damage":17.0,"enemies":"Large Slime","floor":13.0,"turns":5.0},{"damage":20.0,"enemies":"The Guardian","floor":16.0,"turns":12.0},{"damage":24.0,"enemies":"3 Byrds","floor":18.0,"turns":5.0},{"damage":4.0,"enemies":"Chosen","floor":19.0,"turns":3.0},{"damage":0.0,"enemies":"Colosseum Slavers","floor":20.0,"turns":2.0},{"damage":35.0,"enemies":"Colosseum Nobs","floor":20.0,"turns":4.0},{"damage":9.0,"enemies":"Slavers","floor":24.0,"turns":4.0},{"damage":0.0,"enemies":"Snake Plant","floor":25.0,"turns":2.0},{"damage":0,"enemies":"Centurion and Healer","floor":27,"turns":4},{"damage":0,"enemies":"Cultist and Chosen","floor":30,"turns":5},{"damage":85,"enemies":"Collector","floor":33,"turns":9}],"seed_played":"-3631090889866029345","potions_obtained":[{"floor":4.0,"key":"Block Potion"},{"floor":6.0,"key":"AttackPotion"},{"floor":12.0,"key":"PowerPotion"},{"floor":13.0,"key":"GamblersBrew"},{"floor":19.0,"key":"Swift Potion"}],"is_trial":false,"path_per_floor":["M","?","M","M","?","E","$","R","T","E","R","M","M","?","R","B",null,"M","M","?","$","?","R","E","M","T","M","R","?","M","$","R","B"],"character_chosen":"DEFECT","items_purchased":["PrismaticShard","Omamori","Block Potion","HandOfGreed","Oddly Smooth Stone","Conserve Battery","DataDisk"],"campfire_rested":5,"item_purchase_floors":[7,21,21,21,31,31,31],"current_hp_per_floor":[64,64,64,64,64,46,46,67,67,29,50,52,37,54,54,36,62,40,38,7,7,7,28,21,23,23,25,46,25,29,29,50,0],"gold":59,"neow_bonus":"THREE_ENEMY_KILL","is_prod":false,"is_daily":false,"chose_seed":false,"campfire_upgraded":1,"win_rate":0,"timestamp":1559348033,"path_taken":["M","?","?","M","?","E","$","R","T","E","R","M","M","?","R","BOSS","M","M","?","$","?","R","E","M","T","M","R","?","M","$","R","BOSS"],"build_version":"2019-01-23","purchased_purges":1,"victory":false,"max_hp_per_floor":[71,71,71,71,71,71,71,71,71,71,71,71,71,71,71,71,71,71,71,71,71,71,71,71,71,71,71,71,71,73,73,73,73],"card_choices":[{"not_picked":["Hologram","Hello World"],"picked":"Sweeping Beam","floor":1.0},{"not_picked":["Steam Power","Gash"],"picked":"Streamline","floor":3.0},{"not_picked":["Chill","Compile Driver"],"picked":"Conserve Battery","floor":4.0},{"not_picked":["Steam","Beam Cell"],"picked":"Leap","floor":6.0},{"not_picked":["Terror","Infinite Blades"],"picked":"Well Laid Plans","floor":10.0},{"not_picked":["Dagger Throw","Secret Technique"],"picked":"Clothesline","floor":12.0},{"not_picked":["Underhanded Strike","Stack","Setup"],"picked":"SKIP","floor":13.0},{"not_picked":["Thunder Strike","Storm of Steel"],"picked":"Hyperbeam","floor":16.0},{"not_picked":["Twin Strike","Redo","Blade Dance"],"picked":"SKIP","floor":18.0},{"not_picked":["Turbo","Underhanded Strike"],"picked":"Static Discharge+1","floor":19.0},{"not_picked":["Burning Pact","Searing Blow"],"picked":"Streamline","floor":20.0},{"not_picked":["PiercingWail","A Thousand Cuts"],"picked":"Noxious Fumes","floor":24.0},{"not_picked":["Deflect","Deadly Poison","Ghostly Armor"],"picked":"SKIP","floor":25.0},{"not_picked":["Reprogram+1","Stack"],"picked":"Cloak And Dagger","floor":27},{"not_picked":["Twin Strike","Battle Trance+1","Deflect"],"picked":"Singing Bowl","floor":30}],"player_experience":719915,"relics_obtained":[{"floor":6.0,"key":"Bag of Marbles"},{"floor":9.0,"key":"Blood Vial"},{"floor":10.0,"key":"Anchor"},{"floor":20.0,"key":"Old Coin"},{"floor":20.0,"key":"Kunai"},{"floor":24.0,"key":"Thread and Needle"},{"floor":26.0,"key":"Singing Bowl"},{"floor":29,"key":"Necronomicon"}],"event_choices":[{"damage_healed":0.0,"max_hp_gain":0.0,"max_hp_loss":0.0,"gold_gain":100.0,"event_name":"Wheel of Change","player_choice":"Gold","floor":2.0,"gold_loss":0.0,"damage_taken":0.0},{"damage_healed":0.0,"max_hp_gain":0.0,"max_hp_loss":0.0,"gold_gain":0.0,"event_name":"Shining Light","player_choice":"Ignored","floor":5.0,"gold_loss":0.0,"damage_taken":0.0},{"damage_healed":17.0,"max_hp_gain":0.0,"max_hp_loss":0.0,"gold_gain":0.0,"event_name":"The Cleric","player_choice":"Healed","floor":14.0,"gold_loss":35.0,"damage_taken":0.0},{"damage_healed":0.0,"max_hp_gain":0.0,"max_hp_loss":0.0,"gold_gain":0.0,"event_name":"Colosseum","player_choice":"Fight","floor":20.0,"gold_loss":0.0,"damage_taken":0.0},{"damage_healed":0.0,"max_hp_gain":0.0,"max_hp_loss":0.0,"gold_gain":0.0,"event_name":"Colosseum","player_choice":"Fought Nobs","floor":20.0,"gold_loss":0.0,"damage_taken":0.0},{"damage_healed":0.0,"max_hp_gain":0.0,"max_hp_loss":0.0,"gold_gain":50.0,"event_name":"Nest","player_choice":"Stole From Cult","floor":22.0,"gold_loss":0.0,"damage_taken":0.0},{"damage_healed":0,"gold_gain":0,"player_choice":"Obtained Book","damage_taken":21,"max_hp_gain":0,"max_hp_loss":0,"event_name":"Cursed Tome","floor":29,"gold_loss":0}],"is_beta":false,"boss_relics":[{"not_picked":["Runic Dome","Busted Crown"],"picked":"Snecko Eye"}],"items_purged_floors":[21],"is_endless":false,"potions_floor_spawned":[4,6,12,13,19,24,25,27],"killed_by":"Collector","ascension_level":20}