{"gold_per_floor":[112,112,125,125,143,143,143,143,143,143,153,172,172,186,186,259,259,270,270,250,268,268,268,268],"floor_reached":24,"playtime":672,"items_purged":[],"score":353,"play_id":"cd046cb7-2392-466f-b2a2-a2beee6f209b","local_time":"20180901123241","is_ascension_mode":true,"campfire_choices":[{"data":"Zap","floor":6,"key":"SMITH"},{"data":"White Noise","floor":8,"key":"SMITH"},{"data":"Leap","floor":10,"key":"SMITH"},{"floor":15,"key":"REST"},{"floor":23,"key":"REST"}],"neow_cost":"","seed_source_timestamp":4808457779112157,"circlet_count":0,"master_deck":["Strike_B","Strike_B","Strike_B","Defend_B","Defend_B+1","Defend_B","Defend_B+1","Zap+1","Dualcast","AscendersBane","Ball Lightning","Leap+1","White Noise+1","Ball Lightning","Compile Driver","Steam Power","Hologram","Cold Snap","Go for the Eyes+1"],"relics":["Cracked Core","Smiling Mask","Bottled Lightning","Nuclear Battery"],"potions_floor_usage":[12,12,20,24],"damage_taken":[{"damage":2,"enemies":"2 Louse","floor":1,"turns":3},{"damage":0,"enemies":"Jaw Worm","floor":3,"turns":2},{"damage":0,"enemies":"Cultist","floor":5,"turns":3},{"damage":1,"enemies":"Blue Slaver","floor":11,"turns":4},{"damage":3,"enemies":"Looter","floor":12,"turns":3},{"damage":15,"enemies":"Exordium Thugs","floor":14,"turns":4},{"damage":16,"enemies":"The Guardian","floor":16,"turns":13},{"damage":10,"enemies":"Spheric Guardian","floor":18,"turns":5},{"damage":0,"enemies":"Chosen","floor":21,"turns":5},{"damage":59,"enemies":"Gremlin Leader","floor":24,"turns":10}],"seed_played":"-7156306530178753941","potions_obtained":[{"floor":5,"key":"GamblersBrew"},{"floor":12,"key":"Fruit Juice"},{"floor":16,"key":"Dexterity Potion"},{"floor":20,"key":"Fruit Juice"}],"is_trial":false,"path_per_floor":["M","?","M","T","M","R","?","R","T","R","M","M","?","M","R","B",null,"M","?","?","M","?","R"],"character_chosen":"DEFECT","items_purchased":[],"campfire_rested":2,"item_purchase_floors":[],"current_hp_per_floor":[62,41,41,41,41,41,23,23,23,23,22,24,24,9,31,15,61,51,29,34,34,34,59,0],"gold":268,"neow_bonus":"","is_prod":false,"is_daily":false,"chose_seed":false,"campfire_upgraded":3,"win_rate":0,"timestamp":1535819561,"path_taken":["M","?","M","?","M","R","?","R","T","R","?","M","?","M","R","BOSS","M","?","?","M","?","R","E"],"build_version":"2018-08-30","purchased_purges":0,"victory":false,"max_hp_per_floor":[71,71,71,71,71,71,71,71,71,71,71,76,76,76,76,76,76,76,81,86,86,86,86,86],"card_choices":[{"not_picked":["Steam","Force Field"],"picked":"Ball Lightning","floor":1},{"not_picked":["Gash","Darkness"],"picked":"Leap","floor":3},{"not_picked":["Barrage","Gash"],"picked":"White Noise","floor":5},{"not_picked":["Rip and Tear","Leap"],"picked":"Ball Lightning","floor":11},{"not_picked":["Undo","Redo"],"picked":"Compile Driver","floor":12},{"not_picked":["Streamline","Fusion"],"picked":"Hologram","floor":14},{"not_picked":["Leap","Stack+1"],"picked":"Cold Snap","floor":18},{"not_picked":["Ball Lightning+1","Stack"],"picked":"Go for the Eyes","floor":21}],"player_experience":297746,"relics_obtained":[{"floor":4,"key":"Smiling Mask"},{"floor":9,"key":"Bottled Lightning"}],"event_choices":[{"event_name":"Shining Light","player_choice":"Entered Light","floor":2,"damage_taken":0},{"event_name":"Scrap Ooze","player_choice":"unsuccessful","floor":7,"damage_taken":18},{"event_name":"Transmorgrifier","player_choice":"Transform","floor":13,"damage_taken":0},{"event_name":"Forgotten Altar","player_choice":"Shed Blood","floor":19,"damage_taken":0},{"event_name":"The Woman in Blue","player_choice":"Bought 1 Potion","floor":20,"damage_taken":0},{"event_name":"Upgrade Shrine","player_choice":"Upgraded","floor":22,"damage_taken":0}],"is_beta":false,"boss_relics":[{"not_picked":["Velvet Choker","Astrolabe"],"picked":"Nuclear Battery"}],"items_purged_floors":[],"is_endless":false,"potions_floor_spawned":[5,12,16],"killed_by":"Gremlin Leader","ascension_level":18}