{"gold_per_floor":[115,132,132,207,207,232,242,257,257,290,290,318,318,385,385,385],"floor_reached":16,"playtime":325,"items_purged":[],"score":336,"play_id":"ee50913d-c7af-4abc-823e-a7ed9f86c4b4","local_time":"20190621165959","is_ascension_mode":true,"campfire_choices":[{"floor":11,"key":"REST"},{"data":"Bash","floor":13,"key":"SMITH"},{"data":"True Grit","floor":15,"key":"SMITH"}],"neow_cost":"NONE","seed_source_timestamp":4768905910549726,"circlet_count":0,"master_deck":["AscendersBane","Strike_R","Strike_R","Strike_R","Strike_R","Strike_R","Defend_R","Defend_R","Defend_R","Defend_R","Bash+1","Thunderclap","Cleave","True Grit+1","Whirlwind","Iron Wave","Clothesline"],"special_seed":0,"relics":["Burning Blood","NeowsBlessing","Smiling Mask","Ice Cream","Pear","Ornamental Fan","Du-Vu Doll"],"potions_floor_usage":[12,12],"damage_taken":[{"damage":0.0,"enemies":"2 Louse","floor":1.0,"turns":1.0},{"damage":0.0,"enemies":"Small Slimes","floor":2.0,"turns":1.0},{"damage":0.0,"enemies":"Lagavulin","floor":6.0,"turns":1.0},{"damage":19.0,"enemies":"Jaw Worm","floor":7.0,"turns":4.0},{"damage":6.0,"enemies":"2 Fungi Beasts","floor":8.0,"turns":3.0},{"damage":56,"enemies":"Gremlin Nob","floor":10,"turns":5},{"damage":0,"enemies":"Lagavulin","floor":12,"turns":4},{"damage":48,"enemies":"Hexaghost","floor":16,"turns":10}],"seed_played":"2552133461569789659","potions_obtained":[{"floor":6.0,"key":"Swift Potion"},{"floor":10,"key":"SteroidPotion"},{"floor":12,"key":"Fire Potion"}],"is_trial":false,"path_per_floor":["M","M","?","?","T","E","M","M","T","E","R","E","R","?","R","B"],"character_chosen":"IRONCLAD","items_purchased":[],"campfire_rested":1,"item_purchase_floors":[],"current_hp_per_floor":[74,75,75,64,64,70,57,57,67,17,42,48,48,48,48,0],"gold":385,"neow_bonus":"THREE_ENEMY_KILL","is_prod":false,"is_daily":false,"chose_seed":false,"campfire_upgraded":2,"win_rate":0,"timestamp":1561150799,"path_taken":["M","M","?","?","?","E","M","M","T","E","R","E","R","?","R","BOSS"],"build_version":"2019-01-23","purchased_purges":0,"victory":false,"max_hp_per_floor":[75,75,75,75,75,75,75,75,85,85,85,85,85,85,85,85],"card_choices":[{"not_picked":["Entrench","Corruption"],"picked":"Thunderclap","floor":1.0},{"not_picked":["Warcry","Intimidate","Burning Pact"],"picked":"SKIP","floor":2.0},{"not_picked":["Armaments","Sword Boomerang"],"picked":"Cleave","floor":6.0},{"not_picked":["Heavy Blade","Dual Wield"],"picked":"True Grit","floor":7.0},{"not_picked":["Inflame","Body Slam"],"picked":"Whirlwind","floor":8.0},{"not_picked":["Corruption","Clash"],"picked":"Iron Wave","floor":10},{"not_picked":["Inflame","Pummel"],"picked":"Clothesline","floor":12}],"player_experience":768559,"relics_obtained":[{"floor":5.0,"key":"Smiling Mask"},{"floor":6.0,"key":"Ice Cream"},{"floor":9.0,"key":"Pear"},{"floor":10,"key":"Ornamental Fan"},{"floor":12,"key":"Du-Vu Doll"}],"event_choices":[{"damage_healed":0.0,"max_hp_gain":0.0,"max_hp_loss":0.0,"gold_gain":0.0,"event_name":"The Cleric","player_choice":"Leave","floor":3.0,"gold_loss":0.0,"damage_taken":0.0},{"damage_healed":0.0,"max_hp_gain":0.0,"max_hp_loss":0.0,"gold_gain":75.0,"event_name":"World of Goop","player_choice":"Gather Gold","floor":4.0,"gold_loss":0.0,"damage_taken":11.0},{"damage_healed":0,"gold_gain":67,"player_choice":"Gained Gold","damage_taken":0,"max_hp_gain":0,"max_hp_loss":0,"event_name":"Golden Wing","floor":14,"gold_loss":0}],"is_beta":false,"boss_relics":[],"items_purged_floors":[],"is_endless":false,"potions_floor_spawned":[6,10,12],"killed_by":"Hexaghost","ascension_level":20}