{"gold_per_floor":[119,119,134,84,9,38,38,38,38,71,71,71,71,71,71,192,192,216,33,33,33,33,71,71,104,150,150,188,208,208,83,83,83],"floor_reached":33,"playtime":1095,"items_purged":["Defend_R","Corruption","Fiend Fire"],"score":318,"play_id":"fc0ed72e-ebbe-4d06-8411-a6a4f8e3ad29","local_time":"20190112152517","is_ascension_mode":true,"campfire_choices":[{"floor":7,"key":"REST"},{"floor":11,"key":"REST"},{"floor":15,"key":"REST"},{"floor":24,"key":"REST"},{"floor":27,"key":"REST"},{"floor":32,"key":"REST"}],"neow_cost":"NONE","seed_source_timestamp":222889289875965,"circlet_count":0,"master_deck":["Bash","Cleave","Immolate","True Grit","Inflame","Heavy Blade","Hemokinesis","Double Tap","Searing Blow","Power Through","Corruption","Searing Blow","Heavy Blade+1","Forethought","True Grit"],"relics":["Burning Blood","Blood Vial","Torii","Shuriken","WingedGreaves","Matryoshka","Golden Idol","Oddly Smooth Stone","Paper Frog","Pandora\u0027s Box","Boot","Regal Pillow","Ornamental Fan","Juzu Bracelet","Red Mask"],"potions_floor_usage":[16,23,30],"damage_taken":[{"damage":14,"enemies":"Small Slimes","floor":1,"turns":5},{"damage":1,"enemies":"Cultist","floor":3,"turns":3},{"damage":35,"enemies":"Gremlin Nob","floor":6,"turns":5},{"damage":18,"enemies":"3 Sentries","floor":10,"turns":4},{"damage":16,"enemies":"Slime Boss","floor":16,"turns":8},{"damage":20,"enemies":"2 Thieves","floor":18,"turns":4},{"damage":58,"enemies":"Gremlin Leader","floor":23,"turns":7},{"damage":48,"enemies":"Slavers","floor":25,"turns":4},{"damage":21,"enemies":"Masked Bandits","floor":28,"turns":4},{"damage":27,"enemies":"Shell Parasite","floor":29,"turns":6},{"damage":0,"enemies":"Book of Stabbing","floor":30,"turns":1},{"damage":90,"enemies":"Collector","floor":33,"turns":8}],"seed_played":"-6453171135036436391","potions_obtained":[{"floor":3,"key":"SkillPotion"},{"floor":16,"key":"SteroidPotion"},{"floor":23,"key":"SmokeBomb"}],"is_trial":false,"path_per_floor":["M","?","M","?","$","E","R","?","T","E","R","?","T","$","R","B",null,"M","$","?","$","?","E","R","E","T","R","?","M","E","$","R","B"],"character_chosen":"IRONCLAD","items_purchased":["Forethought"],"campfire_rested":6,"item_purchase_floors":[19],"current_hp_per_floor":[72,72,79,79,79,51,75,63,63,53,77,57,57,57,80,70,80,66,66,66,66,80,28,52,12,12,51,38,19,27,27,66,0],"gold":83,"neow_bonus":"RANDOM_COMMON_RELIC","is_prod":false,"is_daily":false,"chose_seed":false,"campfire_upgraded":0,"win_rate":0,"timestamp":1547335517,"path_taken":["M","?","?","?","$","E","R","?","T","E","R","?","?","?","R","BOSS","M","$","?","?","?","E","R","E","T","R","?","M","E","$","R","BOSS"],"build_version":"2019-01-10","purchased_purges":3,"victory":false,"max_hp_per_floor":[80,80,80,80,80,80,80,80,80,80,80,80,80,80,80,80,80,80,80,80,80,80,80,80,80,80,80,80,80,80,80,80,80],"card_choices":[{"not_picked":["Dual Wield","Clash"],"picked":"Cleave","floor":1},{"not_picked":["Armaments","Hemokinesis"],"picked":"True Grit","floor":3},{"not_picked":["Thunderclap","Iron Wave"],"picked":"Inflame","floor":6},{"not_picked":["Armaments","Havoc"],"picked":"Heavy Blade","floor":10},{"not_picked":["Barricade","Berserk"],"picked":"Fiend Fire","floor":16},{"not_picked":["Anger","Armaments"],"picked":"Heavy Blade+1","floor":18},{"not_picked":["Clothesline","Headbutt","Rage"],"picked":"SKIP","floor":23},{"not_picked":["Flame Barrier","Pommel Strike"],"picked":"True Grit","floor":25},{"not_picked":["Pommel Strike","Bloodletting","Flex"],"picked":"SKIP","floor":29}],"player_experience":120523,"relics_obtained":[{"floor":6,"key":"Torii"},{"floor":9,"key":"WingedGreaves"},{"floor":10,"key":"Matryoshka"},{"floor":13,"key":"Oddly Smooth Stone"},{"floor":13,"key":"Paper Frog"},{"floor":23,"key":"Boot"},{"floor":25,"key":"Regal Pillow"},{"floor":26,"key":"Ornamental Fan"},{"floor":26,"key":"Juzu Bracelet"},{"floor":28,"key":"Red Mask"}],"event_choices":[{"damage_healed":0,"gold_gain":0,"player_choice":"1 cards matched","damage_taken":0,"max_hp_gain":0,"max_hp_loss":0,"event_name":"Match and Keep!","floor":2,"gold_loss":0,"cards_obtained":["Immolate"]},{"cards_removed":["Strike_R"],"damage_healed":0,"gold_gain":0,"player_choice":"Card Removal","damage_taken":0,"max_hp_gain":0,"max_hp_loss":0,"event_name":"The Cleric","floor":4,"gold_loss":50},{"damage_healed":0,"gold_gain":0,"player_choice":"Success","damage_taken":12,"relics_obtained":["Shuriken"],"max_hp_gain":0,"max_hp_loss":0,"event_name":"Scrap Ooze","floor":8,"gold_loss":0},{"damage_healed":0,"gold_gain":0,"player_choice":"Take Damage","damage_taken":20,"relics_obtained":["Golden Idol"],"max_hp_gain":0,"max_hp_loss":0,"event_name":"Golden Idol","floor":12,"gold_loss":0},{"damage_healed":0,"gold_gain":0,"player_choice":"0 cards matched","damage_taken":0,"max_hp_gain":0,"max_hp_loss":0,"event_name":"Match and Keep!","floor":20,"gold_loss":0,"cards_obtained":[]},{"damage_healed":14,"gold_gain":0,"player_choice":"Full Heal","damage_taken":0,"max_hp_gain":0,"max_hp_loss":0,"event_name":"Wheel of Change","floor":22,"gold_loss":0},{"damage_healed":0,"gold_gain":0,"player_choice":"Fought Bandits","damage_taken":0,"max_hp_gain":0,"max_hp_loss":0,"event_name":"Masked Bandits","floor":28,"gold_loss":0}],"is_beta":false,"boss_relics":[{"not_picked":["Runic Dome","White Beast Statue"],"picked":"Pandora\u0027s Box"}],"items_purged_floors":[5,19,31],"is_endless":false,"potions_floor_spawned":[3,16,23,30],"killed_by":"Collector","ascension_level":1}