{"gold_per_floor":[119,44,44,44,62,89,89,102,102,118,151,151,178,196,196,294,294,304,320,334,351,50,50,63,63,63,79,179,192,192],"floor_reached":30,"playtime":985,"items_purged":["Defend_R","Defend_R"],"score":355,"play_id":"2fe3db65-f2e7-4ea4-8b67-a3ad4599e1dc","local_time":"20190126194229","is_ascension_mode":true,"campfire_choices":[{"floor":7,"key":"REST"},{"floor":12,"key":"REST"},{"floor":15,"key":"REST"},{"floor":23,"key":"REST"},{"floor":25,"key":"REST"}],"neow_cost":"NONE","seed_source_timestamp":183397526469952,"circlet_count":0,"master_deck":["Strike_R","Strike_R","Strike_R","Defend_R","Defend_R","Bash","Rage","Perfected Strike","Wild Strike","True Grit","Wild Strike","Perfected Strike","Inflame","Perfected Strike","Offering","Inflame+1","Shrug It Off","Dual Wield","Perfected Strike","Writhe","Searing Blow+1"],"relics":["Burning Blood","Gremlin Horn","Darkstone Periapt","Torii","Oddly Smooth Stone","Cursed Key","Happy Flower","The Courier","Thread and Needle","Molten Egg 2"],"potions_floor_usage":[13,21,28,30],"damage_taken":[{"damage":0,"enemies":"Cultist","floor":1,"turns":3},{"damage":1,"enemies":"2 Louse","floor":5,"turns":2},{"damage":49,"enemies":"3 Sentries","floor":6,"turns":9},{"damage":3,"enemies":"Jaw Worm","floor":8,"turns":3},{"damage":0,"enemies":"2 Fungi Beasts","floor":10,"turns":4},{"damage":66,"enemies":"Gremlin Nob","floor":11,"turns":5},{"damage":21,"enemies":"3 Sentries","floor":13,"turns":9},{"damage":1,"enemies":"Looter","floor":14,"turns":2},{"damage":24,"enemies":"Slime Boss","floor":16,"turns":9},{"damage":8,"enemies":"3 Byrds","floor":18,"turns":4},{"damage":11,"enemies":"2 Thieves","floor":19,"turns":3},{"damage":32,"enemies":"Centurion and Healer","floor":20,"turns":3},{"damage":18,"enemies":"Snecko","floor":21,"turns":3},{"damage":30,"enemies":"Snake Plant","floor":24,"turns":2},{"damage":16,"enemies":"3 Cultists","floor":27,"turns":4},{"damage":27,"enemies":"Colosseum Slavers","floor":28,"turns":3},{"damage":42,"enemies":"Colosseum Nobs","floor":28,"turns":4},{"damage":7,"enemies":"Cultist and Chosen","floor":29,"turns":3},{"damage":22,"enemies":"Slavers","floor":30,"turns":1}],"seed_played":"-137360807765032167","potions_obtained":[{"floor":8,"key":"GamblersBrew"},{"floor":10,"key":"SpeedPotion"},{"floor":13,"key":"Fruit Juice"},{"floor":16,"key":"Regen Potion"},{"floor":21,"key":"SkillPotion"},{"floor":28,"key":"Strength Potion"}],"is_trial":false,"path_per_floor":["M","$","?","?","M","E","R","M","T","M","E","R","E","M","R","B",null,"M","M","M","M","$","R","M","R","T","M","?","M","E"],"character_chosen":"IRONCLAD","items_purchased":["Perfected Strike","Happy Flower"],"campfire_rested":5,"item_purchase_floors":[22,22],"current_hp_per_floor":[80,80,85,85,85,42,67,70,70,76,16,41,31,36,63,45,90,88,83,57,54,54,81,57,84,90,80,23,22,0],"gold":192,"neow_bonus":"TRANSFORM_CARD","is_prod":false,"is_daily":false,"chose_seed":false,"campfire_upgraded":0,"win_rate":0,"timestamp":1548560549,"path_taken":["M","?","?","?","M","E","R","M","T","?","E","R","E","M","R","BOSS","M","?","?","?","$","R","M","R","T","M","?","M","E"],"build_version":"2019-01-23","purchased_purges":2,"victory":false,"max_hp_per_floor":[80,80,85,85,85,85,85,85,85,85,85,85,90,90,90,90,90,90,90,90,90,90,90,90,90,96,96,96,96,96],"card_choices":[{"not_picked":["Clash","Ghostly Armor"],"picked":"Perfected Strike","floor":1},{"not_picked":["Cleave","Flex"],"picked":"Wild Strike","floor":5},{"not_picked":["Second Wind","Fiend Fire","Iron Wave"],"picked":"SKIP","floor":6},{"not_picked":["Clash","Entrench"],"picked":"True Grit","floor":8},{"not_picked":["Cleave","Sentinel"],"picked":"Wild Strike","floor":10},{"not_picked":["Demon Form","Dark Embrace"],"picked":"Perfected Strike","floor":11},{"not_picked":["Fire Breathing","Rupture"],"picked":"Inflame","floor":13},{"not_picked":["Blood for Blood","Evolve"],"picked":"Perfected Strike","floor":14},{"not_picked":["Barricade","Immolate"],"picked":"Offering","floor":16},{"not_picked":["Cleave+1","Fire Breathing"],"picked":"Inflame+1","floor":18},{"not_picked":["Havoc","Searing Blow","Armaments"],"picked":"SKIP","floor":19},{"not_picked":["Clothesline","Clash"],"picked":"Shrug It Off","floor":20},{"not_picked":["Sword Boomerang","Dark Embrace"],"picked":"Dual Wield","floor":21},{"not_picked":["Anger","Feel No Pain+1","Fire Breathing"],"picked":"SKIP","floor":24},{"not_picked":["Blood for Blood","Ghostly Armor","Seeing Red"],"picked":"SKIP","floor":27},{"not_picked":["Ghostly Armor+1","Pommel Strike+1"],"picked":"Searing Blow+1","floor":29}],"player_experience":166096,"relics_obtained":[{"floor":6,"key":"Gremlin Horn"},{"floor":9,"key":"Darkstone Periapt"},{"floor":11,"key":"Torii"},{"floor":13,"key":"Oddly Smooth Stone"},{"floor":26,"key":"The Courier"},{"floor":28,"key":"Thread and Needle"},{"floor":28,"key":"Molten Egg 2"}],"event_choices":[{"damage_healed":0,"gold_gain":0,"player_choice":"Donut","damage_taken":0,"max_hp_gain":5,"max_hp_loss":0,"event_name":"Big Fish","floor":3,"gold_loss":0},{"cards_removed":["Strike_R"],"damage_healed":0,"gold_gain":0,"player_choice":"Purged","damage_taken":0,"max_hp_gain":0,"max_hp_loss":0,"event_name":"Purifier","floor":4,"gold_loss":0},{"damage_healed":0,"gold_gain":0,"player_choice":"Fight","damage_taken":0,"max_hp_gain":0,"max_hp_loss":0,"event_name":"Colosseum","floor":28,"gold_loss":0},{"damage_healed":0,"gold_gain":0,"player_choice":"Fought Nobs","damage_taken":0,"max_hp_gain":0,"max_hp_loss":0,"event_name":"Colosseum","floor":28,"gold_loss":0}],"is_beta":false,"boss_relics":[{"not_picked":["Orrery","Lizard Tail"],"picked":"Cursed Key"}],"items_purged_floors":[2,22],"is_endless":false,"potions_floor_spawned":[8,10,13,16,20,21,28,28],"killed_by":"Slavers","ascension_level":4}