{"gold_per_floor":[118,134,148,166,183,183,198,61,87,87,112,131,158,52,52,124,124,144,0,12,12,12,12,24,24,24,24,44,54,74,15,15,15],"floor_reached":33,"playtime":1510,"items_purged":[],"score":489,"play_id":"f878e699-76c8-4111-b63e-0b95177be523","local_time":"20181005130617","is_ascension_mode":true,"campfire_choices":[{"data":"Zap","floor":6.0,"key":"SMITH"},{"floor":10.0,"key":"REST"},{"floor":15.0,"key":"REST"},{"floor":23,"key":"REST"},{"data":"Loop","floor":25,"key":"SMITH"},{"data":"Hologram","floor":27,"key":"SMITH"},{"floor":32,"key":"REST"}],"neow_cost":"NONE","seed_source_timestamp":0,"circlet_count":0,"master_deck":["Strike_B","Strike_B","Strike_B","Strike_B","Defend_B","Defend_B","Defend_B","Defend_B","Zap+1","Dualcast","AscendersBane","Cold Snap","Reinforced Body","Cold Snap","Conserve Battery","Leap","FTL","Loop+1","Conserve Battery","All For One","Conserve Battery","Coolheaded","Ball Lightning","Gash","Machine Learning","Hologram+1","Hologram+1","Leap+1","Buffer","Glacier"],"special_seed":0,"relics":["Cracked Core","Lantern","Bag of Marbles","Odd Mushroom","Nuclear Battery","Bronze Scales"],"potions_floor_usage":[33,33],"damage_taken":[{"damage":1.0,"enemies":"Cultist","floor":1.0,"turns":3.0},{"damage":5.0,"enemies":"Small Slimes","floor":2.0,"turns":3.0},{"damage":1.0,"enemies":"2 Louse","floor":3.0,"turns":2.0},{"damage":7.0,"enemies":"Red Slaver","floor":4.0,"turns":3.0},{"damage":4.0,"enemies":"Blue Slaver","floor":5.0,"turns":4.0},{"damage":0.0,"enemies":"3 Louse","floor":7.0,"turns":4.0},{"damage":64.0,"enemies":"Gremlin Nob","floor":11.0,"turns":5.0},{"damage":9.0,"enemies":"Looter","floor":12.0,"turns":3.0},{"damage":0.0,"enemies":"The Mushroom Lair","floor":13.0,"turns":4.0},{"damage":17.0,"enemies":"Hexaghost","floor":16.0,"turns":13.0},{"damage":6.0,"enemies":"Chosen","floor":18.0,"turns":5.0},{"damage":0,"enemies":"Shell Parasite","floor":20,"turns":7},{"damage":9,"enemies":"Colosseum Slavers","floor":22,"turns":7},{"damage":11,"enemies":"Centurion and Healer","floor":24,"turns":9},{"damage":11,"enemies":"Cultist and Chosen","floor":28,"turns":7},{"damage":14,"enemies":"Shelled Parasite and Fungi","floor":29,"turns":7},{"damage":7,"enemies":"Snake Plant","floor":30,"turns":4},{"damage":52,"enemies":"Collector","floor":33,"turns":9}],"seed_played":"-5326199002247934107","potions_obtained":[{"floor":2.0,"key":"Dexterity Potion"},{"floor":4.0,"key":"Dexterity Potion"},{"floor":12.0,"key":"AttackPotion"},{"floor":16.0,"key":"Block Potion"},{"floor":29,"key":"FocusPotion"},{"floor":30,"key":"SteroidPotion"}],"is_trial":false,"path_per_floor":["M","M","M","M","M","R","M","$","T","R","E","M","?","$","R","B",null,"M","?","M","?","?","R","M","R","T","R","M","M","M","$","R"],"character_chosen":"DEFECT","items_purchased":["Loop","Conserve Battery","Ball Lightning","Gash","Dexterity Potion"],"campfire_rested":4,"item_purchase_floors":[8,8,14,14,31],"current_hp_per_floor":[70,65,64,57,53,53,53,53,53,76,12,3,3,3,26,9,61,55,55,55,55,46,69,58,58,58,58,47,33,26,26,49,0],"gold":15,"neow_bonus":"TEN_PERCENT_HP_BONUS","is_prod":false,"is_daily":false,"chose_seed":false,"campfire_upgraded":3,"win_rate":0,"timestamp":1538759177,"path_taken":["M","?","M","M","M","R","M","$","T","R","E","M","?","$","R","BOSS","M","?","M","?","?","R","M","R","T","R","M","?","M","?","R","BOSS"],"build_version":"2018-10-04","purchased_purges":0,"victory":false,"max_hp_per_floor":[78,78,78,78,78,78,78,78,78,78,78,78,78,78,78,78,78,78,78,78,78,78,78,78,78,78,78,78,78,78,78,78,78],"card_choices":[{"not_picked":["Aggregate","Leap"],"picked":"Cold Snap","floor":1.0},{"not_picked":["Chill","Barrage"],"picked":"Reinforced Body","floor":2.0},{"not_picked":["Steam Power","Hello World"],"picked":"Cold Snap","floor":3.0},{"not_picked":["Chill","Go for the Eyes"],"picked":"Conserve Battery","floor":4.0},{"not_picked":["Storm","Compile Driver"],"picked":"Leap","floor":5.0},{"not_picked":["Cold Snap","Beam Cell"],"picked":"FTL","floor":7.0},{"not_picked":["Redo","Barrage"],"picked":"All For One","floor":11.0},{"not_picked":["Beam Cell","Redo"],"picked":"Conserve Battery","floor":12.0},{"not_picked":["Rip and Tear","Cold Snap"],"picked":"Coolheaded","floor":13.0},{"not_picked":["Thunder Strike","All For One"],"picked":"Machine Learning","floor":16.0},{"not_picked":["Beam Cell+1","Cold Snap+1"],"picked":"Hologram","floor":18.0},{"not_picked":["Stack","Conserve Battery"],"picked":"Hologram+1","floor":20},{"not_picked":["Turbo","Barrage"],"picked":"Leap+1","floor":24},{"not_picked":["Beam Cell","Steam"],"picked":"Buffer","floor":28},{"not_picked":["Conserve Battery","Chaos"],"picked":"Glacier","floor":29},{"not_picked":["Redo","Melter","Aggregate"],"picked":"SKIP","floor":30}],"player_experience":352879,"relics_obtained":[{"floor":9.0,"key":"Lantern"},{"floor":11.0,"key":"Bag of Marbles"},{"floor":13.0,"key":"Odd Mushroom"},{"floor":26,"key":"Bronze Scales"}],"event_choices":[{"event_name":"Mushrooms","player_choice":"Fought Mushrooms","floor":13.0,"damage_taken":0.0},{"event_name":"Masked Bandits","player_choice":"Paid Fearfully","floor":19.0,"damage_taken":0.0},{"event_name":"Beggar","player_choice":"Ignored","floor":21,"damage_taken":0},{"event_name":"Colosseum","player_choice":"Fight","floor":22,"damage_taken":0},{"event_name":"Colosseum","player_choice":"Fled From Nobs","floor":22,"damage_taken":0}],"is_beta":false,"boss_relics":[{"not_picked":["Orrery","Busted Crown"],"picked":"Nuclear Battery"}],"items_purged_floors":[],"is_endless":false,"potions_floor_spawned":[2,4,5,12,16,22,29,30],"killed_by":"Collector","ascension_level":19}