{"gold_per_floor":[109,109,123,70,81,107,123,123,123,123,151,151,165,176,176,176],"floor_reached":16,"playtime":630,"items_purged":[],"score":233,"play_id":"0010408b-9e74-4e53-b4e6-eeb659b6708a","local_time":"20180728165705","is_ascension_mode":true,"campfire_choices":[{"data":"Hologram","floor":8,"key":"SMITH"},{"data":"Reinforced Body","floor":10,"key":"SMITH"},{"data":"Dualcast","floor":12,"key":"SMITH"},{"floor":15,"key":"REST"}],"neow_cost":"NONE","seed_source_timestamp":1801165263346056,"circlet_count":0,"master_deck":["Strike_B","Strike_B","Strike_B","Strike_B","Defend_B","Defend_B","Defend_B","Defend_B","Zap+1","Dualcast+1","AscendersBane","Leap","Hologram+1","Reinforced Body+1","Cold Snap","Cold Snap","Compile Driver","Auto Shields","Sunder","Compile Driver","Cold Snap"],"relics":["Cracked Core","Peace Pipe","Prayer Wheel","Shuriken"],"potions_floor_usage":[],"damage_taken":[{"damage":9,"enemies":"Small Slimes","floor":1,"turns":4},{"damage":1,"enemies":"2 Louse","floor":3,"turns":3},{"damage":0,"enemies":"Jaw Worm","floor":5,"turns":4},{"damage":0,"enemies":"3 Sentries","floor":6,"turns":10},{"damage":5,"enemies":"Lots of Slimes","floor":7,"turns":5},{"damage":17,"enemies":"Gremlin Nob","floor":11,"turns":4},{"damage":13,"enemies":"Gremlin Gang","floor":13,"turns":6},{"damage":1,"enemies":"Large Slime","floor":14,"turns":6},{"damage":43,"enemies":"The Guardian","floor":16,"turns":4}],"seed_played":"3464642476155354643","potions_obtained":[{"floor":11,"key":"Swift Potion"},{"floor":13,"key":"Energy Potion"}],"is_trial":false,"path_per_floor":["M","?","M","$","M","E","M","R","T","R","E","R","M","M","R"],"character_chosen":"DEFECT","items_purchased":["Cold Snap"],"campfire_rested":1,"item_purchase_floors":[4],"current_hp_per_floor":[55,55,54,54,54,54,49,49,49,49,32,32,19,18,39,0],"gold":176,"neow_bonus":"THREE_CARDS","is_prod":false,"is_daily":false,"chose_seed":false,"campfire_upgraded":3,"win_rate":0,"timestamp":1532811425,"path_taken":["M","?","M","$","M","E","?","R","T","R","E","R","M","M","R","BOSS"],"build_version":"2018-07-26","purchased_purges":0,"victory":false,"max_hp_per_floor":[71,71,71,71,71,71,71,71,71,71,71,71,71,71,71,71],"card_choices":[{"not_picked":["Beam Cell","Turbo"],"picked":"Leap","floor":0},{"not_picked":["Leap","Beam Cell"],"picked":"Hologram","floor":1},{"not_picked":["Lockon","Aggregate"],"picked":"Reinforced Body","floor":3},{"not_picked":["Sweeping Beam","Conserve Battery"],"picked":"Cold Snap","floor":5},{"not_picked":["Amplify","Double Energy","Turbo"],"picked":"SKIP","floor":6},{"not_picked":["Gash","Leap"],"picked":"Compile Driver","floor":7},{"not_picked":["Blizzard","Streamline"],"picked":"Auto Shields","floor":11},{"not_picked":["Undo","Hologram"],"picked":"Sunder","floor":13},{"not_picked":["Streamline","Rainbow"],"picked":"Compile Driver","floor":13},{"not_picked":["Hello World","Barrage"],"picked":"Cold Snap","floor":14},{"not_picked":["Streamline","Barrage","Gash"],"picked":"SKIP","floor":14}],"player_experience":176971,"relics_obtained":[{"floor":6,"key":"Peace Pipe"},{"floor":9,"key":"Prayer Wheel"},{"floor":11,"key":"Shuriken"}],"event_choices":[{"event_name":"Living Wall","player_choice":"Grow","floor":2,"damage_taken":0}],"is_beta":false,"boss_relics":[],"items_purged_floors":[],"is_endless":false,"potions_floor_spawned":[11,13,14],"killed_by":"The Guardian","ascension_level":14}