{"gold_per_floor":[115,128,128,89,12,12,43,53,53,53,81,81,81,91,91,194,244,261,281,296,296,346,346,374,391,471,471,471],"floor_reached":28,"playtime":928,"items_purged":[],"score":342,"play_id":"9a979974-03a4-458f-afca-cea9f126df37","local_time":"20190708152432","is_ascension_mode":true,"campfire_choices":[{"data":"True Grit","floor":6,"key":"SMITH"},{"floor":10,"key":"REST"},{"data":"Spot Weakness","floor":12,"key":"SMITH"},{"data":"Uppercut","floor":15,"key":"SMITH"},{"floor":23,"key":"REST"},{"floor":27,"key":"REST"}],"neow_cost":"NONE","seed_source_timestamp":56999021594062,"circlet_count":0,"master_deck":["Strike_R","Strike_R+1","Strike_R+1","Strike_R+1","Defend_R","Defend_R","Defend_R+1","Defend_R","Bash","True Grit+1","Pommel Strike","Uppercut+1","Cleave+1","Spot Weakness+1","Heavy Blade+1","Flame Barrier","Limit Break+1","Power Through","Anger+1","Disarm","Burning Pact"],"relics":["Burning Blood","Molten Egg 2","Whetstone","Ornamental Fan","Odd Mushroom","Tiny House","Bottled Lightning","Tiny Chest"],"potions_floor_usage":[7,14,19],"damage_taken":[{"damage":0,"enemies":"2 Louse","floor":1,"turns":2},{"damage":0,"enemies":"Cultist","floor":2,"turns":4},{"damage":48,"enemies":"3 Sentries","floor":7,"turns":9},{"damage":0,"enemies":"Small Slimes","floor":8,"turns":3},{"damage":8,"enemies":"The Mushroom Lair","floor":11,"turns":3},{"damage":3,"enemies":"2 Fungi Beasts","floor":14,"turns":2},{"damage":9,"enemies":"The Guardian","floor":16,"turns":11},{"damage":19,"enemies":"Shell Parasite","floor":18,"turns":10},{"damage":0,"enemies":"3 Byrds","floor":19,"turns":5},{"damage":18,"enemies":"Cultist and Chosen","floor":20,"turns":6},{"damage":37,"enemies":"Book of Stabbing","floor":24,"turns":5},{"damage":34,"enemies":"Shelled Parasite and Fungi","floor":25,"turns":8},{"damage":59,"enemies":"3 Cultists","floor":28,"turns":5}],"seed_played":"3834694548500493407","potions_obtained":[{"floor":1,"key":"AttackPotion"},{"floor":11,"key":"EntropicBrew"},{"floor":17,"key":"GamblersBrew"}],"is_trial":false,"path_per_floor":["M","M","?","$","?","R","E","M","T","R","?","R","?","M","R","B",null,"M","M","M","?","?","R","E","M","T","R","M"],"character_chosen":"IRONCLAD","items_purchased":["Uppercut"],"campfire_rested":3,"item_purchase_floors":[4],"current_hp_per_floor":[78,80,64,64,64,64,22,28,28,52,50,50,50,53,53,50,78,65,71,59,59,59,84,53,25,25,50,0],"gold":471,"neow_bonus":"REMOVE_CARD","is_prod":false,"is_daily":false,"chose_seed":false,"campfire_upgraded":3,"win_rate":0,"timestamp":1562570672,"path_taken":["M","M","?","$","?","R","E","?","T","R","?","R","?","?","R","BOSS","M","M","?","?","?","R","E","?","T","R","M"],"build_version":"2019-07-05","purchased_purges":0,"victory":false,"max_hp_per_floor":[80,80,80,80,80,80,80,80,80,80,80,80,80,80,80,80,85,85,85,85,85,85,85,85,85,85,85,85],"card_choices":[{"not_picked":["Ghostly Armor","Perfected Strike"],"picked":"True Grit","floor":1},{"not_picked":["True Grit","Entrench"],"picked":"Pommel Strike","floor":2},{"not_picked":["Fire Breathing","Double Tap"],"picked":"Cleave+1","floor":7},{"not_picked":["Thunderclap+1","Sword Boomerang+1"],"picked":"Spot Weakness","floor":8},{"not_picked":["Rampage+1","Ghostly Armor"],"picked":"Heavy Blade+1","floor":11},{"not_picked":["Searing Blow+1","Blood for Blood+1"],"picked":"Flame Barrier","floor":14},{"not_picked":["Brutality","Impervious"],"picked":"Limit Break","floor":16},{"not_picked":["Clothesline+1","Reckless Charge+1"],"picked":"Power Through","floor":17},{"not_picked":["Havoc","Sever Soul+1"],"picked":"Anger+1","floor":18},{"not_picked":["Flex","Anger+1","Warcry+1"],"picked":"SKIP","floor":19},{"not_picked":["Headbutt+1","Twin Strike+1"],"picked":"Disarm","floor":20},{"not_picked":["Seeing Red","Anger+1"],"picked":"Burning Pact","floor":24},{"not_picked":["Cleave+1","Shrug It Off","Double Tap"],"picked":"SKIP","floor":25}],"player_experience":1031159,"relics_obtained":[{"floor":7,"key":"Whetstone"},{"floor":9,"key":"Ornamental Fan"},{"floor":11,"key":"Odd Mushroom"},{"floor":24,"key":"Bottled Lightning"},{"floor":26,"key":"Tiny Chest"}],"event_choices":[{"damage_healed":0,"gold_gain":0,"player_choice":"Entered Light","damage_taken":16,"max_hp_gain":0,"max_hp_loss":0,"event_name":"Shining Light","floor":3,"gold_loss":0,"cards_upgraded":["Defend_R","Strike_R"]},{"damage_healed":0,"gold_gain":0,"player_choice":"Paid Gold","damage_taken":0,"relics_obtained":["Molten Egg 2"],"max_hp_gain":0,"max_hp_loss":0,"event_name":"WeMeetAgain","floor":5,"gold_loss":77},{"damage_healed":0,"gold_gain":0,"player_choice":"Fought Mushrooms","damage_taken":0,"max_hp_gain":0,"max_hp_loss":0,"event_name":"Mushrooms","floor":11,"gold_loss":0},{"damage_healed":0,"gold_gain":0,"player_choice":"0 cards matched","damage_taken":0,"max_hp_gain":0,"max_hp_loss":0,"event_name":"Match and Keep!","floor":13,"gold_loss":0,"cards_obtained":[]},{"damage_healed":0,"gold_gain":0,"player_choice":"Ignored","damage_taken":0,"max_hp_gain":0,"max_hp_loss":0,"event_name":"The Mausoleum","floor":21,"gold_loss":0},{"damage_healed":0,"gold_gain":100,"player_choice":"Bet on Murderer","damage_taken":0,"max_hp_gain":0,"max_hp_loss":0,"event_name":"The Joust","floor":22,"gold_loss":50}],"is_beta":false,"boss_relics":[{"not_picked":["Sozu","Philosopher\u0027s Stone"],"picked":"Tiny House"}],"items_purged_floors":[],"is_endless":false,"potions_floor_spawned":[1,11,14,18],"killed_by":"3 Cultists","ascension_level":9}