{"gold_per_floor":[117,117,131,131,131,131,151,151,151,182,182,210,86,137,137,137],"floor_reached":16,"playtime":586,"items_purged":[],"score":175,"play_id":"40964649-f3b9-4168-b53e-267c6258c79f","local_time":"20180726215414","is_ascension_mode":true,"campfire_choices":[{"data":"Zap","floor":6,"key":"SMITH"},{"floor":8,"key":"REST"},{"data":"Compile Driver","floor":11,"key":"SMITH"},{"data":"Go for the Eyes","floor":15,"key":"SMITH"}],"neow_cost":"NONE","seed_source_timestamp":1646286484553834,"circlet_count":0,"master_deck":["Strike_B","Strike_B","Strike_B","Strike_B","Defend_B","Defend_B","Defend_B","Defend_B","Zap+1","Dualcast","AscendersBane","Gash","Compile Driver+1","Conserve Battery+1","Go for the Eyes+1"],"relics":["Cracked Core","Toxic Egg 2","Darkstone Periapt","The Courier","Gremlin Horn","Thread and Needle","Bronze Scales"],"potions_floor_usage":[12],"damage_taken":[{"damage":1,"enemies":"Cultist","floor":1,"turns":4},{"damage":0,"enemies":"2 Louse","floor":3,"turns":3},{"damage":10,"enemies":"Small Slimes","floor":7,"turns":3},{"damage":37,"enemies":"Lagavulin","floor":10,"turns":7},{"damage":13,"enemies":"3 Sentries","floor":12,"turns":6},{"damage":38,"enemies":"The Guardian","floor":16,"turns":14}],"seed_played":"1364553519292575571","potions_obtained":[{"floor":1,"key":"Swift Potion"}],"is_trial":false,"path_per_floor":["M","T","M","?","?","R","M","R","T","E","R","E","$","?","R"],"character_chosen":"DEFECT","items_purchased":["Bronze Scales"],"campfire_rested":1,"item_purchase_floors":[13],"current_hp_per_floor":[74,74,74,74,79,79,69,87,87,50,50,37,37,37,37,0],"gold":137,"neow_bonus":"TEN_PERCENT_HP_BONUS","is_prod":false,"is_daily":false,"chose_seed":false,"campfire_upgraded":3,"win_rate":0,"timestamp":1532656454,"path_taken":["M","?","M","?","?","R","M","R","T","E","R","E","$","?","R","BOSS"],"build_version":"2018-07-26","purchased_purges":0,"victory":false,"max_hp_per_floor":[82,82,82,82,87,87,87,87,87,87,87,87,87,87,87,87],"card_choices":[{"not_picked":["Undo","Barrage","Rebound"],"picked":"SKIP","floor":1},{"not_picked":["Tempest+1","Rebound"],"picked":"Gash","floor":3},{"not_picked":["Static Discharge","Redo+1"],"picked":"Compile Driver","floor":7},{"not_picked":["Reprogram+1","Rebound"],"picked":"Conserve Battery+1","floor":10},{"not_picked":["Blizzard","Conserve Battery+1"],"picked":"Go for the Eyes","floor":12}],"player_experience":165417,"relics_obtained":[{"floor":2,"key":"Toxic Egg 2"},{"floor":9,"key":"The Courier"},{"floor":10,"key":"Gremlin Horn"},{"floor":12,"key":"Thread and Needle"}],"event_choices":[{"event_name":"Wheel of Change","player_choice":"Relic","floor":4,"damage_taken":0},{"event_name":"Big Fish","player_choice":"Donut","floor":5,"damage_taken":0},{"event_name":"Golden Wing","player_choice":"Gained Gold","floor":14,"damage_taken":0}],"is_beta":false,"boss_relics":[],"items_purged_floors":[],"is_endless":false,"potions_floor_spawned":[1],"killed_by":"The Guardian","ascension_level":13}