{"gold_per_floor":[112,128,78,78,153,184,31,43,43,61,93,93,93,111,111,215,215,229,229,139,156,156,156],"floor_reached":23,"playtime":658,"items_purged":[],"score":291,"play_id":"38592f32-3b50-4970-8d8d-57500b72e4b3","local_time":"20181220173657","is_ascension_mode":true,"campfire_choices":[{"data":"Rampage","floor":13,"key":"SMITH"},{"data":"Armaments","floor":15,"key":"SMITH"}],"neow_cost":"NONE","seed_source_timestamp":1653342499911870,"circlet_count":0,"master_deck":["Strike_R+1","Strike_R","Strike_R","Defend_R","Defend_R+1","Defend_R","Defend_R","Bash+1","Clothesline","Rampage+1","Flame Barrier","Twin Strike","Iron Wave+1","Armaments+1","Immolate","Flex"],"relics":["Burning Blood","Gremlin Horn","Strawberry","Blood Vial","Red Skull","Eternal Feather","Nilry\u0027s Codex"],"potions_floor_usage":[1,11,12,18],"damage_taken":[{"damage":0,"enemies":"2 Louse","floor":1,"turns":3},{"damage":4,"enemies":"Jaw Worm","floor":2,"turns":3},{"damage":15,"enemies":"Gremlin Nob","floor":6,"turns":4},{"damage":0,"enemies":"Small Slimes","floor":8,"turns":3},{"damage":4,"enemies":"Exordium Thugs","floor":10,"turns":4},{"damage":35,"enemies":"Lagavulin","floor":11,"turns":7},{"damage":0,"enemies":"Exordium Wildlife","floor":12,"turns":3},{"damage":1,"enemies":"3 Louse","floor":14,"turns":2},{"damage":25,"enemies":"The Guardian","floor":16,"turns":12},{"damage":24,"enemies":"2 Thieves","floor":18,"turns":4},{"damage":22,"enemies":"Spheric Guardian","floor":21,"turns":4},{"damage":38,"enemies":"Book of Stabbing","floor":23,"turns":4}],"seed_played":"866949080291768887","potions_obtained":[{"floor":1,"key":"Fruit Juice"},{"floor":10,"key":"BloodPotion"},{"floor":11,"key":"SmokeBomb"},{"floor":16,"key":"Block Potion"},{"floor":21,"key":"Ancient Potion"}],"is_trial":false,"path_per_floor":["M","M","?","?","?","E","$","M","T","M","E","M","R","M","R","B",null,"M","?","?","M","?","E"],"character_chosen":"IRONCLAD","items_purchased":["Strawberry"],"campfire_rested":0,"item_purchase_floors":[7],"current_hp_per_floor":[83,85,85,68,57,48,55,61,61,65,47,55,55,62,62,45,80,64,64,64,50,34,0],"gold":156,"neow_bonus":"UPGRADE_CARD","is_prod":false,"is_daily":false,"chose_seed":false,"campfire_upgraded":2,"win_rate":0,"timestamp":1545345417,"path_taken":["M","M","?","?","?","E","$","M","T","?","E","M","R","M","R","BOSS","M","?","?","?","?","E"],"build_version":"2018-12-13","purchased_purges":0,"victory":false,"max_hp_per_floor":[85,85,85,85,85,85,92,92,92,92,92,92,92,92,92,92,92,92,92,92,92,92,92],"card_choices":[{"not_picked":["Entrench","Sword Boomerang"],"picked":"Clothesline","floor":1},{"not_picked":["Intimidate","Power Through"],"picked":"Rampage","floor":2},{"not_picked":["Reckless Charge","Thunderclap"],"picked":"Flame Barrier","floor":6},{"not_picked":["Clothesline","True Grit"],"picked":"Twin Strike","floor":8},{"not_picked":["Hemokinesis","Twin Strike","Sentinel"],"picked":"SKIP","floor":10},{"not_picked":["Perfected Strike","Intimidate"],"picked":"Iron Wave","floor":11},{"not_picked":["Exhume","Pommel Strike"],"picked":"Armaments","floor":14},{"not_picked":["Brutality","Berserk"],"picked":"Immolate","floor":16},{"not_picked":["Cleave","Iron Wave+1","Warcry"],"picked":"SKIP","floor":18},{"not_picked":["Seeing Red+1","Burning Pact"],"picked":"Flex","floor":21}],"player_experience":526112,"relics_obtained":[{"floor":6,"key":"Gremlin Horn"},{"floor":9,"key":"Blood Vial"},{"floor":11,"key":"Red Skull"},{"floor":22,"key":"Nilry\u0027s Codex"}],"event_choices":[{"cards_removed":["Strike_R"],"damage_healed":0,"gold_gain":0,"player_choice":"Card Removal","damage_taken":0,"max_hp_gain":0,"max_hp_loss":0,"event_name":"The Cleric","floor":3,"gold_loss":50},{"damage_healed":0,"gold_gain":0,"player_choice":"Entered Light","damage_taken":17,"max_hp_gain":0,"max_hp_loss":0,"event_name":"Shining Light","floor":4,"gold_loss":0,"cards_upgraded":["Defend_R","Strike_R"]},{"damage_healed":0,"gold_gain":75,"player_choice":"Gather Gold","damage_taken":11,"max_hp_gain":0,"max_hp_loss":0,"event_name":"World of Goop","floor":5,"gold_loss":0},{"damage_healed":0,"gold_gain":0,"player_choice":"Ignored","damage_taken":0,"max_hp_gain":0,"max_hp_loss":0,"event_name":"Ghosts","floor":19,"gold_loss":0},{"cards_removed":["Strike_R"],"damage_healed":0,"gold_gain":0,"player_choice":"Upgrade and Remove","damage_taken":0,"max_hp_gain":0,"max_hp_loss":0,"event_name":"Designer","floor":20,"gold_loss":90,"cards_upgraded":["Iron Wave"]},{"damage_healed":0,"gold_gain":0,"player_choice":"Obtained Book","damage_taken":16,"max_hp_gain":0,"max_hp_loss":0,"event_name":"Cursed Tome","floor":22,"gold_loss":0}],"is_beta":false,"boss_relics":[{"not_picked":["White Beast Statue","Calling Bell"],"picked":"Eternal Feather"}],"items_purged_floors":[],"is_endless":false,"potions_floor_spawned":[1,10,11,16,21],"killed_by":"Book of Stabbing","ascension_level":9}