{"gold_per_floor":[111,111,186,199,199,199,227,242,268,296,296,296,308,327,327,430,430,443,443,259,259,270,270,126,126,126,126,140,140,159,169,169,169],"floor_reached":33,"playtime":1670,"items_purged":[],"score":306,"play_id":"cc51c97f-ecc6-4df6-9e34-1ef6d388d66c","local_time":"20180804170428","is_ascension_mode":true,"campfire_choices":[{"data":"Neutralize","floor":6,"key":"SMITH"},{"floor":12,"key":"REST"},{"floor":15,"key":"REST"},{"data":"Caltrops","floor":23,"key":"SMITH"},{"data":"After Image","floor":25,"key":"SMITH"},{"data":"Malaise","floor":27,"key":"SMITH"},{"data":"A Thousand Cuts","floor":32,"key":"SMITH"}],"neow_cost":"NONE","seed_source_timestamp":2405207989477366,"circlet_count":0,"master_deck":["Defend_G+1","Defend_G+1","Defend_G+1","Defend_G+1","Defend_G+1","Strike_G+1","Strike_G+1","Strike_G+1","Strike_G+1","Survivor","Neutralize+1","Quick Slash","Backflip","Caltrops+1","Crippling Poison","A Thousand Cuts+1","Malaise+1","Unload","Blade Dance","Dagger Spray","Quick Slash","After Image+1","Leg Sweep","Dodge and Roll"],"relics":["Ring of the Serpent","Pen Nib","Lantern","Bag of Preparation","Snake Skull","Nloth\u0027s Gift","Pear"],"potions_floor_usage":[10,10,18,31,33],"damage_taken":[{"damage":0,"enemies":"Small Slimes","floor":1,"turns":3},{"damage":1,"enemies":"Cultist","floor":4,"turns":3},{"damage":31,"enemies":"3 Sentries","floor":7,"turns":15},{"damage":0,"enemies":"2 Louse","floor":8,"turns":4},{"damage":5,"enemies":"Lagavulin","floor":10,"turns":11},{"damage":10,"enemies":"Large Slime","floor":13,"turns":6},{"damage":29,"enemies":"Gremlin Gang","floor":14,"turns":4},{"damage":23,"enemies":"The Guardian","floor":16,"turns":17},{"damage":13,"enemies":"2 Thieves","floor":18,"turns":5},{"damage":0,"enemies":"Shell Parasite","floor":22,"turns":8},{"damage":18,"enemies":"Cultist and Chosen","floor":28,"turns":6},{"damage":4,"enemies":"Snecko","floor":30,"turns":7},{"damage":1,"enemies":"Centurion and Healer","floor":31,"turns":13},{"damage":81,"enemies":"Collector","floor":33,"turns":10}],"seed_played":"-5051823496148793953","potions_obtained":[{"floor":7,"key":"Poison Potion"},{"floor":8,"key":"Dexterity Potion"},{"floor":10,"key":"Ancient Potion"},{"floor":16,"key":"Block Potion"},{"floor":18,"key":"Swift Potion"},{"floor":30,"key":"Regen Potion"}],"is_trial":false,"path_per_floor":["M","?","?","M","?","R","E","M","T","E","?","R","M","M","R","B",null,"M","?","$","?","M","R","$","R","T","R","M","$","M","M","R"],"character_chosen":"THE_SILENT","items_purchased":["Snake Skull","Dagger Spray","After Image"],"campfire_rested":2,"item_purchase_floors":[20,20,24],"current_hp_per_floor":[70,70,59,58,58,58,27,27,27,22,22,43,33,4,25,2,70,57,57,57,57,57,57,57,57,67,67,49,49,45,58,58,0],"gold":169,"neow_bonus":"RANDOM_COMMON_RELIC","is_prod":false,"is_daily":false,"chose_seed":false,"campfire_upgraded":5,"win_rate":0,"timestamp":1533416668,"path_taken":["M","?","?","M","?","R","E","?","T","E","?","R","M","M","R","BOSS","M","?","$","?","M","R","?","R","T","R","M","$","M","M","R","BOSS"],"build_version":"2018-08-02","purchased_purges":0,"victory":false,"max_hp_per_floor":[70,70,70,70,70,70,70,70,70,70,70,70,70,70,70,70,70,70,70,70,70,70,70,70,70,80,80,80,80,80,80,80,80],"card_choices":[{"not_picked":["Underhanded Strike","Predator"],"picked":"Quick Slash","floor":1},{"not_picked":["Catalyst","Bane"],"picked":"Backflip","floor":4},{"not_picked":["Dagger Spray","Acrobatics"],"picked":"Caltrops","floor":7},{"not_picked":["Accuracy","Underhanded Strike"],"picked":"Crippling Poison","floor":8},{"not_picked":["Predator","Setup","Distraction"],"picked":"SKIP","floor":10},{"not_picked":["Setup","Flechettes","Underhanded Strike"],"picked":"SKIP","floor":13},{"not_picked":["Deadly Poison","Blade Dance"],"picked":"Malaise","floor":14},{"not_picked":["Grand Finale","Night Terror"],"picked":"Unload","floor":16},{"not_picked":["Outmaneuver","Bane"],"picked":"Blade Dance","floor":18},{"not_picked":["Underhanded Strike","Slice+1"],"picked":"Quick Slash","floor":22},{"not_picked":["Dagger Throw","Cloak And Dagger"],"picked":"Leg Sweep","floor":28},{"not_picked":["Slice","PiercingWail"],"picked":"Dodge and Roll","floor":30},{"not_picked":["Sucker Punch","Flying Knee","Expertise+1"],"picked":"SKIP","floor":31}],"player_experience":213968,"relics_obtained":[{"floor":7,"key":"Centennial Puzzle"},{"floor":9,"key":"Lantern"},{"floor":10,"key":"Bag of Preparation"},{"floor":26,"key":"Pear"}],"event_choices":[{"event_name":"The Cleric","player_choice":"Leave","floor":2,"damage_taken":0},{"event_name":"World of Goop","player_choice":"Gather Gold","floor":3,"damage_taken":0},{"event_name":"Golden Wing","player_choice":"Ignored","floor":5,"damage_taken":0},{"event_name":"Living Wall","player_choice":"Change","floor":11,"damage_taken":0},{"event_name":"Back to Basics","player_choice":"Simplicity","floor":19,"damage_taken":0},{"event_name":"N\u0027loth","player_choice":"Traded a Centennial Puzzle","floor":21,"damage_taken":0}],"is_beta":false,"boss_relics":[{"not_picked":["Tiny House","WristBlade"],"picked":"Ring of the Serpent"}],"items_purged_floors":[],"is_endless":false,"potions_floor_spawned":[7,8,10,16,18,30],"killed_by":"Collector","ascension_level":4}