{"gold_per_floor":[112,112,123,143,143,143,174,189,189,209,65,75,0,33,33,132,132,151,167,147,163,178,178,208,218,218,218,252,252,252,352,352,450,450,465,484,201,201,214,214,225,244,244,244,256,61,61,76,76,76],"floor_reached":51,"playtime":2530,"items_purged":["Strike_R","Strike_R"],"score":921,"play_id":"f65e9df5-279f-4858-b0c6-f28afe5d0a9f","local_time":"20181217142615","is_ascension_mode":true,"campfire_choices":[{"data":"Uppercut","floor":6.0,"key":"SMITH"},{"data":"Armaments","floor":15.0,"key":"SMITH"},{"floor":23.0,"key":"REST"},{"floor":27.0,"key":"REST"},{"floor":29.0,"key":"REST"},{"floor":32.0,"key":"REST"},{"floor":40,"key":"REST"},{"floor":47,"key":"RECALL"},{"floor":49,"key":"REST"}],"neow_cost":"NONE","seed_source_timestamp":0,"circlet_count":0,"master_deck":["Strike_R","Strike_R","Strike_R","Defend_R+1","Defend_R+1","Defend_R","Defend_R","Bash","Armaments+1","Shrug It Off","Spot Weakness","Uppercut+1","Twin Strike","Armaments+1","Double Tap","Rampage","Dropkick","Feed","Dual Wield+1","Battle Trance+1","Inflame+1","Inflame+1","Shrug It Off+1","Limit Break+1","Flex+1","Flex+1","Twin Strike","Metallicize","Decay","Heavy Blade","Sword Boomerang+1"],"special_seed":0,"relics":["Burning Blood","Bag of Marbles","Matryoshka","Toxic Egg 2","Fusion Hammer","War Paint","Anchor","Gremlin Horn","StoneCalendar","Prayer Wheel","Self Forming Clay","White Beast Statue","Oddly Smooth Stone","Blood Vial","Shuriken","Lee\u0027s Waffle"],"potions_floor_usage":[39,42,42,45,50,50,50],"damage_taken":[{"damage":0.0,"enemies":"2 Louse","floor":1.0,"turns":5.0},{"damage":2.0,"enemies":"Cultist","floor":3.0,"turns":5.0},{"damage":0.0,"enemies":"Jaw Worm","floor":4.0,"turns":4.0},{"damage":30.0,"enemies":"Lagavulin","floor":7.0,"turns":7.0},{"damage":1.0,"enemies":"Red Slaver","floor":8.0,"turns":5.0},{"damage":11.0,"enemies":"Exordium Thugs","floor":10.0,"turns":3.0},{"damage":6.0,"enemies":"3 Louse","floor":12.0,"turns":5.0},{"damage":22.0,"enemies":"Gremlin Nob","floor":14.0,"turns":4.0},{"damage":39.0,"enemies":"Slime Boss","floor":16.0,"turns":11.0},{"damage":12.0,"enemies":"2 Thieves","floor":18.0,"turns":3.0},{"damage":12.0,"enemies":"Shell Parasite","floor":19.0,"turns":7.0},{"damage":5.0,"enemies":"Snecko","floor":21.0,"turns":4.0},{"damage":7.0,"enemies":"Chosen and Byrds","floor":22.0,"turns":4.0},{"damage":41.0,"enemies":"Book of Stabbing","floor":24.0,"turns":4.0},{"damage":19.0,"enemies":"Snake Plant","floor":25.0,"turns":2.0},{"damage":24.0,"enemies":"Slavers","floor":28.0,"turns":6.0},{"damage":17.0,"enemies":"Colosseum Slavers","floor":31.0,"turns":4.0},{"damage":18.0,"enemies":"Colosseum Nobs","floor":31.0,"turns":4.0},{"damage":63.0,"enemies":"Collector","floor":33.0,"turns":10.0},{"damage":1.0,"enemies":"Orb Walker","floor":35.0,"turns":3.0},{"damage":28,"enemies":"3 Darklings","floor":36,"turns":6},{"damage":24,"enemies":"Sphere and 2 Shapes","floor":39,"turns":5},{"damage":47,"enemies":"Writhing Mass","floor":41,"turns":7},{"damage":0,"enemies":"Transient","floor":42,"turns":5},{"damage":22,"enemies":"Maw","floor":45,"turns":7},{"damage":31,"enemies":"Sphere and 2 Shapes","floor":48,"turns":9},{"damage":67,"enemies":"Donu and Deca","floor":50,"turns":7}],"seed_played":"7878873831322139823","potions_obtained":[{"floor":3.0,"key":"BloodPotion"},{"floor":7.0,"key":"EssenceOfSteel"},{"floor":12.0,"key":"SteroidPotion"},{"floor":14.0,"key":"Ancient Potion"},{"floor":16.0,"key":"Ancient Potion"},{"floor":20.0,"key":"Swift Potion"},{"floor":35.0,"key":"SteroidPotion"},{"floor":36,"key":"Poison Potion"},{"floor":39,"key":"GamblersBrew"},{"floor":41,"key":"Poison Potion"},{"floor":42,"key":"EssenceOfSteel"},{"floor":45,"key":"LiquidBronze"},{"floor":48,"key":"Weak Potion"}],"is_trial":false,"path_per_floor":["M","?","M","M","?","R","E","M","T","M","$","M","$","E","R","B",null,"M","M","?","M","M","R","E","M","T","R","E","R","?","?","R","B",null,"M","M","$","?","M","R","M","M","T","?","M","$","R","M","R","B",null],"character_chosen":"IRONCLAD","items_purchased":["Double Tap","Oddly Smooth Stone","Metallicize","Lee\u0027s Waffle"],"campfire_rested":6,"item_purchase_floors":[11,37,37,46],"current_hp_per_floor":[78,78,80,80,85,85,61,66,66,69,69,69,69,53,53,20,69,66,60,60,61,60,86,51,38,38,64,50,77,77,54,81,24,75,80,58,58,58,43,71,30,36,36,36,22,102,102,80,105,44],"gold":76,"neow_bonus":"THREE_CARDS","is_prod":false,"is_daily":false,"chose_seed":false,"campfire_upgraded":2,"win_rate":0,"timestamp":1545074775,"path_taken":["M","?","M","?","?","R","E","M","T","M","$","M","$","E","R","BOSS","M","M","?","M","?","R","E","M","T","R","E","R","?","?","R","BOSS","M","M","$","?","M","R","?","M","T","?","M","$","R","?","R","BOSS"],"build_version":"2018-12-13","purchased_purges":2,"victory":true,"max_hp_per_floor":[80,80,80,80,85,85,85,85,85,85,85,85,85,85,85,85,85,88,88,88,88,88,88,88,88,88,88,92,92,92,92,92,92,92,92,92,92,92,95,95,95,95,95,95,95,102,102,105,105,105],"card_choices":[{"not_picked":["Infernal Blade","Headbutt"],"picked":"Armaments","floor":0.0},{"not_picked":["Armaments","Wild Strike"],"picked":"Shrug It Off","floor":1.0},{"not_picked":["Armaments","Body Slam"],"picked":"Spot Weakness","floor":3.0},{"not_picked":["Clash","Wild Strike"],"picked":"Uppercut","floor":4.0},{"not_picked":["True Grit","Seeing Red"],"picked":"Twin Strike","floor":7.0},{"not_picked":["Warcry","Cleave"],"picked":"Armaments","floor":8.0},{"not_picked":["Carnage","Searing Blow","Wild Strike"],"picked":"SKIP","floor":10.0},{"not_picked":["Infernal Blade","Clothesline"],"picked":"Rampage","floor":12.0},{"not_picked":["Shockwave","Rupture"],"picked":"Dropkick","floor":14.0},{"not_picked":["Offering+1","Immolate"],"picked":"Feed","floor":16.0},{"not_picked":["Shockwave+1","Combust"],"picked":"Dual Wield+1","floor":18.0},{"not_picked":["Shockwave+1","Thunderclap"],"picked":"Battle Trance+1","floor":19.0},{"not_picked":["Clash","Blood for Blood","Heavy Blade+1"],"picked":"SKIP","floor":21.0},{"not_picked":["Headbutt","Thunderclap+1"],"picked":"Inflame+1","floor":22.0},{"not_picked":["Warcry+1","Rupture","Clothesline"],"picked":"SKIP","floor":24.0},{"not_picked":["Iron Wave","Corruption"],"picked":"Inflame+1","floor":25.0},{"not_picked":["Pummel+1","Havoc+1"],"picked":"Shrug It Off+1","floor":28.0},{"not_picked":["Bludgeon","Reaper"],"picked":"Limit Break+1","floor":33.0},{"not_picked":["Disarm+1","Heavy Blade+1"],"picked":"Flex+1","floor":35.0},{"not_picked":["Havoc+1","Dual Wield+1","Anger"],"picked":"SKIP","floor":35.0},{"not_picked":["Blood for Blood","Burning Pact+1"],"picked":"Flex+1","floor":36},{"not_picked":["Reckless Charge","Rampage+1"],"picked":"Twin Strike","floor":36},{"not_picked":["Clothesline+1","Immolate","Armaments+1"],"picked":"SKIP","floor":39},{"not_picked":["Rupture","Havoc+1","Shrug It Off+1"],"picked":"SKIP","floor":39},{"not_picked":["Headbutt","Iron Wave+1","Warcry+1"],"picked":"SKIP","floor":41},{"not_picked":["Twin Strike+1","Armaments+1","Sever Soul"],"picked":"SKIP","floor":41},{"not_picked":["Wild Strike+1","Flame Barrier+1","Clash+1"],"picked":"SKIP","floor":42},{"not_picked":["Inflame+1","Berserk","Perfected Strike+1"],"picked":"SKIP","floor":42},{"not_picked":["True Grit+1","Thunderclap"],"picked":"Heavy Blade","floor":45},{"not_picked":["Warcry+1","True Grit+1","Rampage+1"],"picked":"SKIP","floor":45},{"not_picked":["Shrug It Off+1","Seeing Red+1"],"picked":"Sword Boomerang+1","floor":48},{"not_picked":["Burning Pact+1","Entrench+1","Twin Strike"],"picked":"SKIP","floor":48}],"player_experience":515983,"relics_obtained":[{"floor":7.0,"key":"Bag of Marbles"},{"floor":9.0,"key":"Matryoshka"},{"floor":14.0,"key":"Toxic Egg 2"},{"floor":24.0,"key":"War Paint"},{"floor":26.0,"key":"Anchor"},{"floor":26.0,"key":"Gremlin Horn"},{"floor":28.0,"key":"StoneCalendar"},{"floor":31.0,"key":"Prayer Wheel"},{"floor":31.0,"key":"Self Forming Clay"},{"floor":43,"key":"Blood Vial"},{"floor":43,"key":"Shuriken"}],"event_choices":[{"damage_healed":0.0,"max_hp_gain":0.0,"max_hp_loss":0.0,"gold_gain":0.0,"event_name":"Accursed Blacksmith","player_choice":"Forge","floor":2.0,"gold_loss":0.0,"damage_taken":0.0,"cards_upgraded":["Armaments"]},{"damage_healed":0.0,"max_hp_gain":5.0,"max_hp_loss":0.0,"gold_gain":0.0,"event_name":"Big Fish","player_choice":"Donut","floor":5.0,"gold_loss":0.0,"damage_taken":0.0},{"damage_healed":0.0,"max_hp_gain":0.0,"max_hp_loss":0.0,"gold_gain":0.0,"event_name":"The Woman in Blue","player_choice":"Bought 1 Potion","floor":20.0,"gold_loss":0.0,"damage_taken":0.0},{"damage_healed":0.0,"max_hp_gain":0.0,"max_hp_loss":0.0,"gold_gain":0.0,"event_name":"Ghosts","player_choice":"Ignored","floor":30.0,"gold_loss":0.0,"damage_taken":0.0},{"damage_healed":0.0,"max_hp_gain":0.0,"max_hp_loss":0.0,"gold_gain":0.0,"event_name":"Colosseum","player_choice":"Fight","floor":31.0,"gold_loss":0.0,"damage_taken":0.0},{"damage_healed":0.0,"max_hp_gain":0.0,"max_hp_loss":0.0,"gold_gain":0.0,"event_name":"Colosseum","player_choice":"Fought Nobs","floor":31.0,"gold_loss":0.0,"damage_taken":0.0},{"damage_healed":0,"gold_gain":0,"player_choice":"Cursed","damage_taken":0,"max_hp_gain":0,"max_hp_loss":0,"event_name":"Wheel of Change","floor":38,"gold_loss":0,"cards_obtained":["Decay"]},{"damage_healed":0,"gold_gain":0,"player_choice":"Ignored","damage_taken":0,"max_hp_gain":0,"max_hp_loss":0,"event_name":"SecretPortal","floor":44,"gold_loss":0}],"is_beta":false,"boss_relics":[{"not_picked":["Runic Cube","Philosopher\u0027s Stone"],"picked":"Fusion Hammer"},{"not_picked":["Black Star","Velvet Choker"],"picked":"White Beast Statue"}],"items_purged_floors":[13,37],"is_endless":false,"potions_floor_spawned":[3,7,12,14,16,22,24,25,35,36,39,41,42,45,48],"ascension_level":6}