{"gold_per_floor":[211,211,223,243,255,255,268,19,19,19,30,60,60,91,91,162,212,222,237,257,14,14,14,63,63,63,63],"floor_reached":27,"playtime":1552,"items_purged":[],"score":486,"play_id":"6fc0effa-55d0-4ffd-835e-a3d03c733d1c","local_time":"20190707144538","is_ascension_mode":true,"campfire_choices":[{"data":"Neutralize","floor":6.0,"key":"SMITH"},{"data":"1","floor":13.0,"key":"LIFT"},{"data":"2","floor":15.0,"key":"LIFT"},{"data":"3","floor":23.0,"key":"LIFT"},{"floor":25,"key":"REST"}],"neow_cost":"NONE","seed_source_timestamp":6141532793253502,"circlet_count":0,"master_deck":["AscendersBane","Strike_G+1","Strike_G+1","Strike_G+1","Strike_G+1","Strike_G+1","Defend_G+1","Defend_G+1","Defend_G+1","Defend_G+1","Defend_G+1","Survivor","Neutralize+1","Bouncing Flask+1","Dash","Heel Hook","Bane","Dagger Throw","Well Laid Plans+1","PiercingWail","Backflip","A Thousand Cuts","Malaise","PiercingWail","Dodge and Roll","Outmaneuver","HandOfGreed","PiercingWail"],"special_seed":0,"relics":["Ring of the Snake","Bag of Preparation","Pantograph","Girya","Darkstone Periapt","Tiny House","PreservedInsect","Shuriken"],"potions_floor_usage":[24,24,24],"damage_taken":[{"damage":1.0,"enemies":"Small Slimes","floor":1.0,"turns":4.0},{"damage":0.0,"enemies":"Cultist","floor":3.0,"turns":3.0},{"damage":3.0,"enemies":"2 Louse","floor":4.0,"turns":3.0},{"damage":0.0,"enemies":"Lots of Slimes","floor":5.0,"turns":2.0},{"damage":3.0,"enemies":"Blue Slaver","floor":7.0,"turns":6.0},{"damage":12.0,"enemies":"3 Louse","floor":11.0,"turns":4.0},{"damage":2.0,"enemies":"3 Sentries","floor":12.0,"turns":8.0},{"damage":15.0,"enemies":"Lagavulin","floor":14.0,"turns":6.0},{"damage":5.0,"enemies":"The Guardian","floor":16.0,"turns":9.0},{"damage":9.0,"enemies":"Shell Parasite","floor":18.0,"turns":6.0},{"damage":0.0,"enemies":"Chosen","floor":19.0,"turns":7.0},{"damage":9.0,"enemies":"Snake Plant","floor":20.0,"turns":6.0},{"damage":49,"enemies":"Slavers","floor":24,"turns":6},{"damage":42,"enemies":"Book of Stabbing","floor":27,"turns":4}],"seed_played":"-3149871034864986834","potions_obtained":[{"floor":3.0,"key":"AttackPotion"},{"floor":11.0,"key":"AttackPotion"},{"floor":12.0,"key":"SkillPotion"},{"floor":17.0,"key":"Regen Potion"},{"floor":19.0,"key":"EntropicBrew"},{"floor":20.0,"key":"Fruit Juice"}],"is_trial":false,"path_per_floor":["M","?","M","M","M","R","M","$","T","?","M","E","R","E","R","B",null,"M","M","M","$","?","R","E","R","T","E"],"character_chosen":"THE_SILENT","items_purchased":["Well Laid Plans","Bag of Preparation","HandOfGreed","PiercingWail"],"campfire_rested":1,"item_purchase_floors":[8,8,21,21],"current_hp_per_floor":[58,58,58,55,55,55,52,52,52,52,40,38,38,23,23,43,65,71,71,67,67,67,67,18,40,40,0],"gold":63,"neow_bonus":"HUNDRED_GOLD","is_prod":false,"is_daily":false,"chose_seed":false,"campfire_upgraded":1,"win_rate":0,"timestamp":1562525138,"path_taken":["M","?","?","M","M","R","M","$","T","?","M","E","R","E","R","BOSS","M","M","?","$","?","R","E","R","T","E"],"build_version":"2019-07-05","purchased_purges":0,"victory":false,"max_hp_per_floor":[66,66,66,66,66,66,66,66,66,66,66,66,66,66,66,66,71,71,71,76,76,76,76,76,76,76,76],"card_choices":[{"not_picked":["Blade Dance","Backflip"],"picked":"Bouncing Flask","floor":1.0},{"not_picked":["Bane","Dagger Throw"],"picked":"Dash","floor":3.0},{"not_picked":["Blade Dance","Backflip"],"picked":"Heel Hook","floor":4.0},{"not_picked":["PiercingWail","Calculated Gamble"],"picked":"Bane","floor":5.0},{"not_picked":["Underhanded Strike","Blur"],"picked":"Dagger Throw","floor":7.0},{"not_picked":["Poisoned Stab","Burst"],"picked":"PiercingWail","floor":11.0},{"not_picked":["Dodge and Roll","Sucker Punch"],"picked":"Backflip","floor":12.0},{"not_picked":["Escape Plan","Blur"],"picked":"A Thousand Cuts","floor":14.0},{"not_picked":["Envenom","After Image"],"picked":"Malaise","floor":16.0},{"not_picked":["Blade Dance","Underhanded Strike"],"picked":"PiercingWail","floor":17.0},{"not_picked":["PiercingWail","Slice"],"picked":"Dodge and Roll","floor":18.0},{"not_picked":["Deadly Poison","Dagger Throw"],"picked":"Outmaneuver","floor":19.0},{"not_picked":["Slice","Underhanded Strike","Dash"],"picked":"SKIP","floor":20.0},{"not_picked":["Poisoned Stab","Dagger Throw+1","Expertise"],"picked":"SKIP","floor":24}],"player_experience":904118,"relics_obtained":[{"floor":9.0,"key":"Pantograph"},{"floor":12.0,"key":"Girya"},{"floor":14.0,"key":"Darkstone Periapt"},{"floor":24,"key":"PreservedInsect"},{"floor":26,"key":"Shuriken"}],"event_choices":[{"damage_healed":0.0,"max_hp_gain":0.0,"max_hp_loss":0.0,"gold_gain":0.0,"event_name":"Upgrade Shrine","player_choice":"Upgraded","floor":2.0,"gold_loss":0.0,"damage_taken":0.0,"cards_upgraded":["Bouncing Flask"]},{"damage_healed":0.0,"max_hp_gain":0.0,"max_hp_loss":0.0,"gold_gain":0.0,"event_name":"Accursed Blacksmith","player_choice":"Forge","floor":10.0,"gold_loss":0.0,"damage_taken":0.0,"cards_upgraded":["Well Laid Plans"]},{"damage_healed":0.0,"max_hp_gain":0.0,"max_hp_loss":0.0,"gold_gain":0.0,"event_name":"Back to Basics","player_choice":"Simplicity","floor":22.0,"gold_loss":0.0,"damage_taken":0.0,"cards_upgraded":["Strike_G","Strike_G","Strike_G","Strike_G","Strike_G","Defend_G","Defend_G","Defend_G","Defend_G"]}],"is_beta":false,"boss_relics":[{"not_picked":["WristBlade","Busted Crown"],"picked":"Tiny House"}],"items_purged_floors":[],"is_endless":false,"potions_floor_spawned":[3,11,12,19,20],"killed_by":"Book of Stabbing","ascension_level":20}