{"path_per_floor":["M","M","M","M","?","R","E","M","T","?","?","R","M","M","R","B",null,"M","$","M","M","$","R","?","?","T","R","?","$","M","E","R"],"character_chosen":"IRONCLAD","items_purchased":["Rampage","Jack Of All Trades","Inflame"],"gold_per_floor":[115,133,152,171,171,171,202,220,220,220,185,185,201,213,213,316,316,331,118,133,152,11,11,11,11,11,11,11,11,29,63,63],"floor_reached":33,"campfire_rested":3,"playtime":4938,"current_hp_per_floor":[72,77,80,76,69,69,48,47,47,31,51,75,80,80,80,59,80,69,69,54,49,49,74,58,58,72,72,72,72,66,44,66],"items_purged":["Strike_R","Strike_R"],"gold":63,"play_id":"3bcaee96-a6da-49e0-acad-1f7a5e30b180","is_prod":false,"is_daily":false,"is_ascension_mode":false,"campfire_upgraded":3,"path_taken":["M","M","?","M","?","R","E","M","T","?","?","R","?","M","R","BOSS","M","$","M","M","$","R","?","?","T","R","?","?","M","E","R","BOSS"],"build_version":"2018-01-25-PROD3","purchased_purges":2,"victory":false,"master_deck":["Defend_R+1","Defend_R+1","Defend_R","Bash+1","Thunderclap+1","Shockwave+1","Dropkick+1","Intimidate+1","Spot Weakness","Dropkick","Feed","Shrug It Off+1","Jack Of All Trades","Anger+1","Inflame","Bite_R","Bite_R","Bite_R","Bite_R","Bite_R","Inflame","Flex","Hemokinesis+1"],"max_hp_per_floor":[80,80,80,80,80,80,80,80,80,80,80,80,80,80,80,80,80,80,80,84,84,84,84,58,58,72,72,72,72,75,75,75],"relics":["Burning Blood","Vajra","War Paint","Question Card","Mango","Prayer Wheel"],"card_choices":[{"not_picked":["Battle Trance","True Grit"],"picked":"Thunderclap"},{"not_picked":["Feel No Pain","Sword Boomerang"],"picked":"Shockwave"},{"not_picked":["Clash","Iron Wave"],"picked":"Dropkick"},{"not_picked":["Barricade","Warcry"],"picked":"Intimidate"},{"not_picked":["Perfected Strike","Twin Strike"],"picked":"Spot Weakness"},{"not_picked":["Power Through","Sword Boomerang"],"picked":"Dropkick"},{"not_picked":["Fiend Fire","Impervious"],"picked":"Feed"},{"not_picked":["Dropkick","Iron Wave","Sever Soul"],"picked":"Shrug It Off"},{"not_picked":["Intimidate","Cleave","Sword Boomerang"],"picked":"Anger"},{"not_picked":["Perfected Strike","Seeing Red","Sword Boomerang"],"picked":"Flex"},{"not_picked":["Dropkick","Shockwave","Cleave"],"picked":"Hemokinesis"}],"player_experience":23853,"potions_floor_usage":[7,16,16,20,31,31],"damage_taken":[{"damage":14,"enemies":"Blue Slaver","floor":1,"turns":3},{"damage":1,"enemies":"Jaw Worm","floor":2,"turns":3},{"damage":0,"enemies":"Small Slimes","floor":3,"turns":3},{"damage":10,"enemies":"Exordium Thugs","floor":4,"turns":4},{"damage":27,"enemies":"3 Sentries","floor":7,"turns":7},{"damage":7,"enemies":"3 Louse","floor":8,"turns":2},{"damage":0,"enemies":"2 Fungi Beasts","floor":13,"turns":2},{"damage":2,"enemies":"Looter","floor":14,"turns":2},{"damage":36,"enemies":"Hexaghost","floor":16,"turns":6},{"damage":17,"enemies":"Shell Parasite","floor":18,"turns":4},{"damage":25,"enemies":"3 Byrds","floor":20,"turns":6},{"damage":11,"enemies":"Snake Plant","floor":21,"turns":4},{"damage":21,"enemies":"Centurion and Healer","floor":30,"turns":4},{"damage":36,"enemies":"Book of Stabbing","floor":31,"turns":6},{"damage":84,"enemies":"Automaton","floor":33,"turns":6}],"event_choices":[{"event_name":"Golden Wing","player_choice":"Card Removal","floor":5,"damage_taken":0},{"event_name":"Shining Light","player_choice":"Entered Light","floor":10,"damage_taken":0},{"event_name":"The Cleric","player_choice":"Healed","floor":11,"damage_taken":0},{"event_name":"Vampires","player_choice":"Became a vampire","floor":24,"damage_taken":0},{"event_name":"Duplicator","player_choice":"One dupe","floor":25,"damage_taken":0},{"event_name":"Back to Basics","player_choice":"Elegance","floor":28,"damage_taken":0}],"boss_relics":[{"not_picked":["Velvet Choker","Runic Pyramid"],"picked":"Question Card"}],"potions_floor_spawned":[1,7,8,13,16,20],"seed_played":"-7491022757988472158","killed_by":"Automaton","ascension_level":0,"is_trial":false}