{"gold_per_floor":[115,115,65,65,85,116,116,174,174,201,201,72,87,120,120,217,217,235,17,32,32,32,58,58,76,100,100,127,151,180,117,117,212,212,229,281,294,313,330,330,330,347,416,435,511,511,511],"floor_reached":47,"playtime":2636,"items_purged":["Strike_G","Strike_G"],"score":604,"play_id":"75665907-886f-4494-a360-7ec4c391475e","local_time":"20180807221301","is_ascension_mode":true,"campfire_choices":[{"data":"Neutralize","floor":7,"key":"SMITH"},{"floor":11,"key":"REST"},{"data":"Noxious Fumes","floor":15,"key":"SMITH"},{"floor":24,"key":"REST"},{"data":"Footwork","floor":27,"key":"SMITH"},{"floor":32,"key":"REST"},{"floor":40,"key":"REST"},{"floor":46,"key":"REST"}],"neow_cost":"NONE","seed_source_timestamp":2681887364419024,"circlet_count":0,"master_deck":["Defend_G","Defend_G","Defend_G","Defend_G","Strike_G","Strike_G","Survivor","Neutralize+1","Backstab","PiercingWail","Cloak And Dagger","Noxious Fumes+1","Dodge and Roll","Dagger Spray","Blade Dance","Deadly Poison","Malaise","Noxious Fumes+1","Footwork+1","Leg Sweep","Dodge and Roll","Dodge and Roll","Deadly Poison","Footwork","Backstab","Caltrops","Corpse Explosion","Dash","Deadly Poison+1","Infinite Blades","Prepared","PiercingWail","Poisoned Stab+1"],"relics":["Ring of the Serpent","Ninja Scroll","Darkstone Periapt","Bottled Lightning","Bottled Tornado","Lantern","Anchor","MawBank","WristBlade","Unceasing Top","GremlinMask","Pear","Smiling Mask"],"potions_floor_usage":[14,16,20,23,33,33,36,42,47,47],"damage_taken":[{"damage":0,"enemies":"Small Slimes","floor":1,"turns":2},{"damage":0,"enemies":"2 Louse","floor":5,"turns":2},{"damage":17,"enemies":"3 Sentries","floor":6,"turns":16},{"damage":15,"enemies":"Gremlin Nob","floor":10,"turns":4},{"damage":0,"enemies":"Cultist","floor":13,"turns":3},{"damage":19,"enemies":"Lagavulin","floor":14,"turns":7},{"damage":9,"enemies":"Slime Boss","floor":16,"turns":10},{"damage":1,"enemies":"Chosen","floor":18,"turns":5},{"damage":0,"enemies":"3 Byrds","floor":20,"turns":3},{"damage":43,"enemies":"Slavers","floor":23,"turns":6},{"damage":8,"enemies":"Sentry and Sphere","floor":25,"turns":6},{"damage":16,"enemies":"Book of Stabbing","floor":28,"turns":8},{"damage":0,"enemies":"Centurion and Healer","floor":29,"turns":10},{"damage":0,"enemies":"Chosen and Byrds","floor":30,"turns":7},{"damage":11,"enemies":"Collector","floor":33,"turns":10},{"damage":1,"enemies":"3 Shapes","floor":35,"turns":4},{"damage":20,"floor":36,"turns":6},{"damage":0,"enemies":"Orb Walker","floor":37,"turns":2},{"damage":0,"enemies":"4 Shapes","floor":38,"turns":6},{"damage":11,"enemies":"Spire Growth","floor":39,"turns":7},{"damage":0,"enemies":"Sphere and 2 Shapes","floor":42,"turns":5},{"damage":0,"enemies":"Flame Bruiser 2 Orb","floor":44,"turns":9},{"damage":87,"enemies":"Transient","floor":47,"turns":5}],"seed_played":"-8237666140518886927","potions_obtained":[{"floor":1,"key":"Regen Potion"},{"floor":6,"key":"LiquidBronze"},{"floor":14,"key":"Regen Potion"},{"floor":16,"key":"Regen Potion"},{"floor":23,"key":"EssenceOfSteel"},{"floor":25,"key":"Weak Potion"},{"floor":29,"key":"GamblersBrew"},{"floor":35,"key":"SkillPotion"},{"floor":42,"key":"Swift Potion"},{"floor":44,"key":"Explosive Potion"}],"is_trial":false,"path_per_floor":["M","?","?","?","M","E","R","?","T","E","R","$","M","E","R","B",null,"M","$","M","$","?","E","R","M","T","R","E","M","M","$","R","B",null,"M","?","M","M","M","R","?","M","T","M","T","R"],"character_chosen":"THE_SILENT","items_purchased":["Dagger Spray","Footwork","Leg Sweep","Caltrops"],"campfire_rested":5,"item_purchase_floors":[12,19,19,31],"current_hp_per_floor":[70,70,70,70,70,53,53,53,53,38,59,59,59,54,54,60,68,67,67,67,67,67,38,59,51,51,51,35,35,35,35,56,45,64,63,43,43,43,32,53,53,53,63,63,63,80,0],"gold":511,"neow_bonus":"THREE_CARDS","is_prod":false,"is_daily":false,"chose_seed":false,"campfire_upgraded":3,"win_rate":0,"timestamp":1533694381,"path_taken":["M","?","?","?","?","E","R","?","T","E","R","$","M","E","R","BOSS","M","$","M","$","?","E","R","M","T","R","E","M","M","?","R","BOSS","M","?","M","?","M","R","?","M","T","M","?","R","M"],"build_version":"2018-08-02","purchased_purges":2,"victory":false,"max_hp_per_floor":[70,70,70,70,70,70,70,70,70,70,70,70,70,70,70,70,70,70,70,70,70,70,70,70,70,70,70,70,70,70,70,70,70,70,70,70,70,70,70,70,70,70,80,80,80,80,80],"card_choices":[{"not_picked":["Acrobatics","Distraction"],"picked":"Backstab","floor":0},{"not_picked":["Eviscerate","Bane"],"picked":"PiercingWail","floor":1},{"not_picked":["Backstab","Predator"],"picked":"Cloak And Dagger","floor":5},{"not_picked":["Dagger Throw","Acrobatics"],"picked":"Noxious Fumes","floor":6},{"not_picked":["Dodge and Roll","Prepared","Cloak And Dagger"],"picked":"SKIP","floor":10},{"not_picked":["Prepared","Cloak And Dagger"],"picked":"Dodge and Roll","floor":10},{"not_picked":["Catalyst","Flying Knee"],"picked":"Blade Dance","floor":13},{"not_picked":["Bane","Acrobatics"],"picked":"Deadly Poison","floor":14},{"not_picked":["Die Die Die","Burst"],"picked":"Malaise","floor":16},{"not_picked":["Flying Knee","Leg Sweep"],"picked":"Noxious Fumes+1","floor":18},{"not_picked":["Skewer+1","PiercingWail+1"],"picked":"Dodge and Roll","floor":20},{"not_picked":["Flechettes","Heel Hook"],"picked":"Dodge and Roll","floor":23},{"not_picked":["Masterful Stab+1","Skewer"],"picked":"Deadly Poison","floor":25},{"not_picked":["Infinite Blades+1","Dagger Throw"],"picked":"Footwork","floor":28},{"not_picked":["Outmaneuver+1","All Out Attack","Prepared+1"],"picked":"SKIP","floor":29},{"not_picked":["Underhanded Strike","Blade Dance"],"picked":"Backstab","floor":30},{"not_picked":["Phantasmal Killer","Tools of the Trade"],"picked":"Corpse Explosion","floor":33},{"not_picked":["Dagger Throw","Deflect+1"],"picked":"Dash","floor":35},{"not_picked":["Flechettes","Concentrate"],"picked":"Deadly Poison+1","floor":36},{"not_picked":["Riddle With Holes","Outmaneuver","PiercingWail+1"],"picked":"SKIP","floor":37},{"not_picked":["Poisoned Stab","Quick Slash"],"picked":"Infinite Blades","floor":38},{"not_picked":["Reflex","Calculated Gamble+1"],"picked":"Prepared","floor":39},{"not_picked":["Prepared","Flying Knee"],"picked":"PiercingWail","floor":42},{"not_picked":["Quick Slash+1","PiercingWail"],"picked":"Poisoned Stab+1","floor":44}],"player_experience":232127,"relics_obtained":[{"floor":6,"key":"Ninja Scroll"},{"floor":9,"key":"Darkstone Periapt"},{"floor":10,"key":"Bottled Lightning"},{"floor":14,"key":"Bottled Tornado"},{"floor":23,"key":"Lantern"},{"floor":26,"key":"Anchor"},{"floor":28,"key":"MawBank"},{"floor":36,"key":"Unceasing Top"},{"floor":43,"key":"Pear"},{"floor":45,"key":"Smiling Mask"}],"event_choices":[{"event_name":"Liars Game","player_choice":"disagreed","floor":2,"damage_taken":0},{"event_name":"The Cleric","player_choice":"Card Removal","floor":3,"damage_taken":0},{"event_name":"Purifier","player_choice":"One Purge","floor":4,"damage_taken":0},{"event_name":"Golden Wing","player_choice":"Gained Gold","floor":8,"damage_taken":0},{"event_name":"Drug Dealer","player_choice":"Ignored","floor":22,"damage_taken":0},{"event_name":"Mysterious Sphere","player_choice":"Fight","floor":36,"damage_taken":0},{"event_name":"FaceTrader","player_choice":"Trade","floor":41,"damage_taken":0}],"is_beta":false,"boss_relics":[{"not_picked":["Coffee Dripper","Astrolabe"],"picked":"Ring of the Serpent"},{"not_picked":["Orrery","White Beast Statue"],"picked":"WristBlade"}],"items_purged_floors":[12,19],"is_endless":false,"potions_floor_spawned":[1,6,14,16,23,25,29,35,42,44],"killed_by":"Transient","ascension_level":5}