{"gold_per_floor":[118,135,152,165,165,165,200,200,200,217,217,244,263,33,33,107,107,125,50,50,64,75,103,103,137,137,137],"floor_reached":27,"playtime":959,"items_purged":["Regret"],"score":506,"play_id":"cff07908-5897-4011-a503-2858e3ecbaa5","local_time":"20190309204103","is_ascension_mode":true,"campfire_choices":[{"data":"Discovery","floor":6.0,"key":"SMITH"},{"data":"Bash","floor":11.0,"key":"SMITH"},{"floor":15.0,"key":"REST"},{"floor":24.0,"key":"REST"}],"neow_cost":"PERCENT_DAMAGE","seed_source_timestamp":726852051334600,"circlet_count":0,"master_deck":["AscendersBane","Strike_R","Strike_R","Strike_R","Strike_R","Strike_R","Defend_R+1","Defend_R","Defend_R","Defend_R","Bash+1","Discovery+1","Flash of Steel","Twin Strike","Cleave","Rage","Flame Barrier","Dropkick","Shrug It Off+1","Impervious","Clothesline+1","Shrug It Off","Shockwave"],"special_seed":0,"relics":["Burning Blood","Matryoshka","Bronze Scales","Ancient Tea Set","Singing Bowl","Odd Mushroom","HandDrill","Calling Bell","Vajra","Blue Candle","Thread and Needle","Centennial Puzzle","Pantograph","Pen Nib","War Paint"],"potions_floor_usage":[27],"damage_taken":[{"damage":3.0,"enemies":"Small Slimes","floor":1.0,"turns":3.0},{"damage":1.0,"enemies":"2 Louse","floor":2.0,"turns":2.0},{"damage":2.0,"enemies":"Jaw Worm","floor":3.0,"turns":4.0},{"damage":16.0,"enemies":"Gremlin Gang","floor":4.0,"turns":3.0},{"damage":8.0,"enemies":"Gremlin Nob","floor":7.0,"turns":3.0},{"damage":0.0,"enemies":"Looter","floor":10.0,"turns":2.0},{"damage":11.0,"enemies":"The Mushroom Lair","floor":12.0,"turns":3.0},{"damage":9.0,"enemies":"Red Slaver","floor":13.0,"turns":3.0},{"damage":14.0,"enemies":"Slime Boss","floor":16.0,"turns":7.0},{"damage":1.0,"enemies":"3 Byrds","floor":18.0,"turns":3.0},{"damage":5.0,"enemies":"Chosen","floor":21.0,"turns":6.0},{"damage":10.0,"enemies":"Snake Plant","floor":22.0,"turns":4.0},{"damage":48.0,"enemies":"Slavers","floor":23.0,"turns":7.0},{"damage":48,"enemies":"Book of Stabbing","floor":25,"turns":5},{"damage":19,"enemies":"Gremlin Leader","floor":27,"turns":4}],"seed_played":"-2334261798073575138","potions_obtained":[{"floor":2.0,"key":"FearPotion"},{"floor":3.0,"key":"Swift Potion"},{"floor":7.0,"key":"Fire Potion"},{"floor":13.0,"key":"Strength Potion"},{"floor":18.0,"key":"SteroidPotion"},{"floor":23.0,"key":"Explosive Potion"}],"is_trial":false,"path_per_floor":["M","M","M","M","?","R","E","?","T","M","R","?","M","$","R","B",null,"M","$","?","M","M","E","R","E","T","E"],"character_chosen":"IRONCLAD","items_purchased":["HandDrill"],"campfire_rested":2,"item_purchase_floors":[14],"current_hp_per_floor":[53,58,62,52,52,52,50,32,32,38,38,33,30,30,52,44,67,74,74,74,75,71,29,52,12,12,0],"gold":137,"neow_bonus":"RANDOM_COLORLESS_2","is_prod":false,"is_daily":false,"chose_seed":false,"campfire_upgraded":2,"win_rate":0,"timestamp":1552164063,"path_taken":["M","M","M","M","?","R","E","?","T","M","R","?","M","$","R","BOSS","M","$","?","?","M","E","R","E","T","E"],"build_version":"2019-01-23","purchased_purges":1,"victory":false,"max_hp_per_floor":[75,75,75,75,75,75,75,75,75,75,75,75,75,75,75,75,75,77,77,77,77,77,77,77,79,79,79],"card_choices":[{"not_picked":["Sever Soul","Wild Strike","Rupture"],"picked":"SKIP","floor":1.0},{"not_picked":["Bloodletting","Clothesline"],"picked":"Twin Strike","floor":2.0},{"not_picked":["True Grit","Havoc"],"picked":"Cleave","floor":3.0},{"not_picked":["Fire Breathing","Heavy Blade"],"picked":"Rage","floor":4.0},{"not_picked":["Havoc","Anger","Brutality"],"picked":"SKIP","floor":7.0},{"not_picked":["Armaments","Flex"],"picked":"Flame Barrier","floor":10.0},{"not_picked":["Armaments","Whirlwind"],"picked":"Dropkick","floor":12.0},{"not_picked":["Twin Strike","Clothesline"],"picked":"Shrug It Off","floor":13.0},{"not_picked":["Fiend Fire","Limit Break"],"picked":"Impervious","floor":16.0},{"not_picked":["True Grit","Carnage","Clothesline"],"picked":"Singing Bowl","floor":18.0},{"not_picked":["Sword Boomerang","Evolve"],"picked":"Clothesline+1","floor":21.0},{"not_picked":["Wild Strike","Armaments"],"picked":"Shrug It Off","floor":22.0},{"not_picked":["Hemokinesis","Clash+1"],"picked":"Shockwave","floor":23.0},{"not_picked":["Headbutt","Wild Strike","Clothesline"],"picked":"Singing Bowl","floor":25}],"player_experience":1256788,"relics_obtained":[{"floor":7.0,"key":"Matryoshka"},{"floor":9.0,"key":"Ancient Tea Set"},{"floor":9.0,"key":"Singing Bowl"},{"floor":12.0,"key":"Odd Mushroom"},{"floor":17.0,"key":"Vajra"},{"floor":17.0,"key":"Blue Candle"},{"floor":17.0,"key":"Thread and Needle"},{"floor":23.0,"key":"Centennial Puzzle"},{"floor":25,"key":"Pantograph"},{"floor":26,"key":"Pen Nib"},{"floor":26,"key":"War Paint"}],"event_choices":[{"damage_healed":0.0,"max_hp_gain":0.0,"max_hp_loss":0.0,"gold_gain":0.0,"event_name":"Liars Game","player_choice":"Ignored","floor":5.0,"gold_loss":0.0,"damage_taken":0.0},{"damage_healed":0.0,"max_hp_gain":0.0,"max_hp_loss":0.0,"gold_gain":0.0,"event_name":"Scrap Ooze","player_choice":"Success","floor":8.0,"gold_loss":0.0,"damage_taken":18.0,"relics_obtained":["Bronze Scales"]},{"damage_healed":0.0,"max_hp_gain":0.0,"max_hp_loss":0.0,"gold_gain":0.0,"event_name":"Mushrooms","player_choice":"Fought Mushrooms","floor":12.0,"gold_loss":0.0,"damage_taken":0.0},{"cards_removed":["Shame","Writhe"],"damage_healed":0.0,"max_hp_gain":0.0,"max_hp_loss":0.0,"gold_gain":0.0,"event_name":"Fountain of Cleansing","player_choice":"Removed Curses","floor":20.0,"gold_loss":0.0,"damage_taken":0.0}],"is_beta":false,"boss_relics":[{"not_picked":["Mark of Pain","White Beast Statue"],"picked":"Calling Bell"}],"items_purged_floors":[19],"is_endless":false,"potions_floor_spawned":[2,3,7,13,18,23],"killed_by":"Gremlin Leader","ascension_level":20}