{"path_per_floor":["M","M","M","M","?","E","R","M","T","R","M","M","R","M","R"],"character_chosen":"IRONCLAD","items_purchased":[],"gold_per_floor":[115,131,150,164,164,193,193,211,211,211,231,251,251,265,265],"floor_reached":16,"campfire_rested":1,"playtime":785,"current_hp_per_floor":[77,80,80,65,65,54,78,67,67,67,65,56,56,62,62],"items_purged":[],"gold":265,"score":106,"play_id":"b25555af-d17b-4960-a147-67b3e5bfaae4","is_prod":false,"is_daily":false,"is_ascension_mode":false,"campfire_upgraded":3,"path_taken":["M","M","?","M","?","E","R","M","T","R","M","M","R","M","R","BOSS"],"build_version":"2018-02-12-PROD1","purchased_purges":0,"victory":false,"master_deck":["Strike_R","Strike_R","Strike_R","Strike_R","Defend_R","Defend_R","Defend_R","Defend_R","Bash","True Grit+1","Metallicize","Clothesline","Bloodletting+1","Armaments+1","Twin Strike","Body Slam+1","Pommel Strike","Iron Wave","Headbutt"],"max_hp_per_floor":[80,80,80,80,80,80,80,80,80,80,80,80,80,80,80],"relics":["Burning Blood","Pantograph","Lantern"],"card_choices":[{"not_picked":["Shockwave","Flex"],"picked":"Metallicize"},{"not_picked":["Sword Boomerang","Intimidate"],"picked":"Clothesline"},{"not_picked":["Clash","Intimidate"],"picked":"Bloodletting"},{"not_picked":["Combust","Flame Barrier"],"picked":"Armaments"},{"not_picked":["Clothesline","Fire Breathing"],"picked":"Twin Strike"},{"not_picked":["Iron Wave","Clothesline"],"picked":"Body Slam"},{"not_picked":["Sword Boomerang","Armaments"],"picked":"Pommel Strike"},{"not_picked":["Dropkick","Perfected Strike"],"picked":"Iron Wave"},{"not_picked":["Exhume","Heavy Blade"],"picked":"Headbutt"}],"player_experience":77146,"potions_floor_usage":[6,16,16,16],"damage_taken":[{"damage":9,"enemies":"Blue Slaver","floor":1,"turns":5},{"damage":2,"enemies":"Jaw Worm","floor":2,"turns":7},{"damage":0,"enemies":"Small Slimes","floor":3,"turns":5},{"damage":21,"enemies":"3 Louse","floor":4,"turns":4},{"damage":17,"enemies":"Gremlin Nob","floor":6,"turns":5},{"damage":17,"enemies":"Exordium Wildlife","floor":8,"turns":5},{"damage":8,"enemies":"Large Slime","floor":11,"turns":8},{"damage":15,"enemies":"3 Louse","floor":12,"turns":4},{"damage":0,"enemies":"Red Slaver","floor":14,"turns":2},{"damage":81,"enemies":"Hexaghost","floor":16,"turns":15}],"event_choices":[{"event_name":"Living Wall","player_choice":"Grow","floor":5,"damage_taken":0}],"boss_relics":[],"potions_floor_spawned":[1,2,6,12],"seed_played":"8285360233054974257","killed_by":"Hexaghost","ascension_level":0,"is_trial":false}