{"gold_per_floor":[118,137,137,137,156,156,168,168,214,229,229,329,349,369,369,474,474,462,24,34,45,60,60,72,72,98,64,64,78,78,78,78,78],"floor_reached":33,"playtime":2780,"items_purged":[],"score":266,"play_id":"df3fddf5-0667-42f6-b508-aeceac48b579","local_time":"20180701162954","is_ascension_mode":false,"campfire_choices":[{"data":"Zap","floor":6,"key":"SMITH"},{"data":"Defend_B","floor":8,"key":"SMITH"},{"data":"Capacitor","floor":15,"key":"SMITH"},{"floor":23,"key":"REST"},{"floor":28,"key":"REST"},{"floor":32,"key":"REST"}],"neow_cost":"","seed_source_timestamp":5372826770410415,"circlet_count":0,"master_deck":["Strike_B","Strike_B","Strike_B","Strike_B","Defend_B+1","Defend_B","Defend_B","Defend_B","Zap+1","Dualcast","Rebound","Double Energy","Rebound","Cold Snap","Auto Shields+1","Capacitor+1","Go for the Eyes","Seek","Gash+1","Conserve Battery","Fission","Hologram","Ball Lightning","Redo","Capacitor","Static Discharge","Decay"],"relics":["Cracked Core","Oddly Smooth Stone","Nuclear Battery","Pear","Anchor","Juzu Bracelet","Darkstone Periapt"],"potions_floor_usage":[],"damage_taken":[{"damage":1,"enemies":"Jaw Worm","floor":1,"turns":3},{"damage":1,"enemies":"Cultist","floor":2,"turns":3},{"damage":0,"enemies":"2 Louse","floor":5,"turns":3},{"damage":5,"enemies":"Looter","floor":7,"turns":2},{"damage":2,"enemies":"Exordium Wildlife","floor":10,"turns":4},{"damage":0,"enemies":"Red Slaver","floor":13,"turns":3},{"damage":11,"enemies":"3 Louse","floor":14,"turns":3},{"damage":58,"enemies":"Hexaghost","floor":16,"turns":15},{"damage":15,"enemies":"2 Thieves","floor":18,"turns":4},{"damage":22,"enemies":"Spheric Guardian","floor":20,"turns":5},{"damage":16,"enemies":"Snecko","floor":21,"turns":7},{"damage":20,"enemies":"Centurion and Healer","floor":22,"turns":21},{"damage":38,"enemies":"Sentry and Sphere","floor":24,"turns":6},{"damage":26,"enemies":"Snake Plant","floor":29,"turns":6},{"damage":44,"enemies":"Collector","floor":33,"turns":5}],"seed_played":"6818212591832275146","potions_obtained":[{"floor":7,"key":"Fire Potion"},{"floor":13,"key":"Explosive Potion"},{"floor":14,"key":"Dexterity Potion"}],"is_trial":false,"path_per_floor":["M","M","?","?","M","R","M","R","T","M","?","?","M","M","R","B",null,"M","$","M","M","M","R","M","?","T","$","R","M","?","T","R"],"character_chosen":"DEFECT","items_purchased":["Pear","Anchor","Conserve Battery","Capacitor"],"campfire_rested":3,"item_purchase_floors":[19,19,19,27],"current_hp_per_floor":[74,73,73,78,78,78,73,73,73,71,71,71,71,60,60,2,80,65,75,53,37,17,44,6,6,6,6,33,7,7,7,34,0],"gold":78,"neow_bonus":"","is_prod":false,"is_daily":false,"chose_seed":false,"campfire_upgraded":3,"win_rate":0.0,"timestamp":1530476994,"path_taken":["M","M","?","?","?","R","M","R","T","M","?","?","M","M","R","BOSS","M","$","M","M","M","R","M","?","T","$","R","M","?","?","R","BOSS"],"build_version":"2018-06-28","purchased_purges":0,"victory":false,"max_hp_per_floor":[75,75,75,80,80,80,80,80,80,80,80,80,80,80,80,80,80,80,90,90,90,90,90,90,90,90,90,90,90,90,90,90,90],"card_choices":[{"not_picked":["Gash","Compile Driver"],"picked":"Rebound","floor":1},{"not_picked":["Genetic Algorithm","Streamline"],"picked":"Storm","floor":2},{"not_picked":["Stack","Chill"],"picked":"Rebound","floor":5},{"not_picked":["Lockon","Coolheaded"],"picked":"Cold Snap","floor":7},{"not_picked":["Redo","White Noise"],"picked":"Auto Shields","floor":10},{"not_picked":["Multi-Cast","Redo"],"picked":"Capacitor","floor":13},{"not_picked":["Reinforced Body","Beam Cell"],"picked":"Go for the Eyes","floor":14},{"not_picked":["Amplify","Buffer"],"picked":"Seek","floor":16},{"not_picked":["Barrage","Steam"],"picked":"Gash+1","floor":18},{"not_picked":["Gash","Leap"],"picked":"Fission","floor":20},{"not_picked":["Stack","Coolheaded"],"picked":"Hologram","floor":21},{"not_picked":["Reinforced Body+1","Self Repair"],"picked":"Ball Lightning","floor":22},{"not_picked":["Rebound","Hologram"],"picked":"Redo","floor":24},{"not_picked":["Steam Power+1","Conserve Battery"],"picked":"Static Discharge","floor":29}],"player_experience":16849,"relics_obtained":[{"floor":9,"key":"Oddly Smooth Stone"},{"floor":26,"key":"Juzu Bracelet"},{"floor":31,"key":"Darkstone Periapt"}],"event_choices":[{"event_name":"Transmorgrifier","player_choice":"Transform","floor":3,"damage_taken":0},{"event_name":"Big Fish","player_choice":"Donut","floor":4,"damage_taken":0},{"event_name":"Living Wall","player_choice":"Grow","floor":11,"damage_taken":0},{"event_name":"Golden Shrine","player_choice":"Pray","floor":12,"damage_taken":0},{"event_name":"Addict","player_choice":"Ignored","floor":25,"damage_taken":0},{"event_name":"Forgotten Altar","player_choice":"Smashed Altar","floor":30,"damage_taken":0}],"boss_relics":[{"not_picked":["Eternal Feather","Calling Bell"],"picked":"Nuclear Battery"}],"items_purged_floors":[],"is_endless":false,"potions_floor_spawned":[7,13,14,16,20,21,22],"killed_by":"Collector","ascension_level":0}