{"gold_per_floor":[118,137,152,152,152,178,194,194,268,280,298,298,308,326,326,403,403,421,471,488,59,72,72,101,101,150,150,160,173,186,186,186,186],"floor_reached":33,"playtime":1199,"items_purged":[],"score":546,"play_id":"90c75c46-7b97-4450-8ff9-cbb2205713bf","local_time":"20190519144257","is_ascension_mode":true,"campfire_choices":[{"data":"1","floor":8.0,"key":"LIFT"},{"floor":12.0,"key":"REST"},{"floor":15.0,"key":"REST"},{"floor":23.0,"key":"REST"},{"data":"2","floor":25.0,"key":"LIFT"},{"floor":27.0,"key":"REST"},{"floor":32.0,"key":"REST"}],"neow_cost":"NONE","seed_source_timestamp":1909072281394296,"circlet_count":0,"master_deck":["AscendersBane","Strike_B","Strike_B","Strike_B","Defend_B","Defend_B","Defend_B+1","Defend_B","Zap+1","Dualcast","Streamline","Static Discharge","Coolheaded","Ball Lightning","Defragment","Hologram","FTL","Electrodynamics","Loop+1","Glacier","Defragment","Leap","Conserve Battery","Conserve Battery","Defragment","Self Repair+1","Echo Form"],"special_seed":0,"relics":["Cracked Core","NeowsBlessing","Girya","Cables","Fusion Hammer","Gambling Chip","Omamori","War Paint"],"potions_floor_usage":[33,33],"damage_taken":[{"damage":0.0,"enemies":"Cultist","floor":1.0,"turns":1.0},{"damage":0.0,"enemies":"Small Slimes","floor":2.0,"turns":1.0},{"damage":0.0,"enemies":"Jaw Worm","floor":3.0,"turns":1.0},{"damage":41.0,"enemies":"3 Sentries","floor":6.0,"turns":7.0},{"damage":10.0,"enemies":"Blue Slaver","floor":7.0,"turns":4.0},{"damage":12.0,"enemies":"Gremlin Gang","floor":10.0,"turns":4.0},{"damage":5.0,"enemies":"Looter","floor":11.0,"turns":3.0},{"damage":6.0,"enemies":"Exordium Wildlife","floor":13.0,"turns":2.0},{"damage":10.0,"enemies":"3 Louse","floor":14.0,"turns":3.0},{"damage":18.0,"enemies":"The Guardian","floor":16.0,"turns":11.0},{"damage":15.0,"enemies":"2 Thieves","floor":18.0,"turns":3.0},{"damage":2.0,"enemies":"Chosen","floor":20.0,"turns":5.0},{"damage":1.0,"enemies":"3 Cultists","floor":22.0,"turns":4.0},{"damage":23.0,"enemies":"Book of Stabbing","floor":24.0,"turns":4.0},{"damage":12.0,"enemies":"Snecko","floor":28.0,"turns":6.0},{"damage":7.0,"enemies":"Sentry and Sphere","floor":29.0,"turns":6.0},{"damage":0.0,"enemies":"3 Cultists","floor":30.0,"turns":2.0},{"damage":69,"enemies":"Automaton","floor":33,"turns":10}],"seed_played":"-8211711518750258413","potions_obtained":[{"floor":2.0,"key":"Swift Potion"},{"floor":7.0,"key":"Weak Potion"},{"floor":13.0,"key":"SneckoOil"},{"floor":14.0,"key":"Ancient Potion"}],"is_trial":false,"path_per_floor":["M","M","M","?","?","E","M","R","T","M","M","R","M","M","R","B",null,"M","?","M","$","M","R","E","R","T","R","M","M","M","?","R","B"],"character_chosen":"DEFECT","items_purchased":["Defragment","Gambling Chip","Leap"],"campfire_rested":5,"item_purchase_floors":[21,21,21],"current_hp_per_floor":[64,64,64,69,69,28,18,18,18,6,1,23,17,7,29,11,60,45,45,43,43,42,64,41,41,41,63,51,44,44,44,66,0],"gold":186,"neow_bonus":"THREE_ENEMY_KILL","is_prod":false,"is_daily":false,"chose_seed":false,"campfire_upgraded":0,"win_rate":0,"timestamp":1558291377,"path_taken":["M","M","?","?","?","E","M","R","T","M","?","R","M","M","R","BOSS","M","?","M","$","M","R","E","R","T","R","M","M","M","?","R","BOSS"],"build_version":"2019-01-23","purchased_purges":0,"victory":false,"max_hp_per_floor":[71,71,71,76,76,76,76,76,76,76,76,76,76,76,76,76,76,76,76,76,76,76,76,76,76,76,76,76,76,76,76,76,76],"card_choices":[{"not_picked":["Gash","Coolheaded"],"picked":"Streamline","floor":1.0},{"not_picked":["Compile Driver","Rainbow","Rebound"],"picked":"SKIP","floor":2.0},{"not_picked":["Double Energy","Chill"],"picked":"Static Discharge","floor":3.0},{"not_picked":["Genetic Algorithm","Beam Cell"],"picked":"Ball Lightning","floor":6.0},{"not_picked":["Barrage","Leap"],"picked":"Defragment","floor":7.0},{"not_picked":["Rip and Tear","Hello World"],"picked":"Hologram","floor":10.0},{"not_picked":["Stack","Tempest","Compile Driver"],"picked":"SKIP","floor":11.0},{"not_picked":["Redo","Darkness"],"picked":"FTL","floor":13.0},{"not_picked":["Compile Driver","Hologram","Rebound"],"picked":"SKIP","floor":14.0},{"not_picked":["Fission","Core Surge"],"picked":"Electrodynamics","floor":16.0},{"not_picked":["BootSequence","Beam Cell"],"picked":"Loop+1","floor":18.0},{"not_picked":["Stack","Conserve Battery"],"picked":"Glacier","floor":20.0},{"not_picked":["Tempest","Rebound"],"picked":"Conserve Battery","floor":22.0},{"not_picked":["Gash","Beam Cell","Redo"],"picked":"SKIP","floor":24.0},{"not_picked":["Stack","Rebound"],"picked":"Conserve Battery","floor":28.0},{"not_picked":["Leap","Redo"],"picked":"Defragment","floor":29.0},{"not_picked":["Aggregate","Steam"],"picked":"Self Repair+1","floor":30.0}],"player_experience":694221,"relics_obtained":[{"floor":6.0,"key":"Girya"},{"floor":9.0,"key":"Cables"},{"floor":24.0,"key":"Omamori"},{"floor":26.0,"key":"War Paint"}],"event_choices":[{"damage_healed":0.0,"max_hp_gain":5.0,"max_hp_loss":0.0,"gold_gain":0.0,"event_name":"Big Fish","player_choice":"Donut","floor":4.0,"gold_loss":0.0,"damage_taken":0.0},{"damage_healed":0.0,"max_hp_gain":0.0,"max_hp_loss":0.0,"gold_gain":0.0,"cards_transformed":["Strike_B"],"event_name":"Transmorgrifier","player_choice":"Transformed","floor":5.0,"gold_loss":0.0,"damage_taken":0.0,"cards_obtained":["Coolheaded"]},{"damage_healed":0.0,"max_hp_gain":0.0,"max_hp_loss":0.0,"gold_gain":50.0,"event_name":"Nest","player_choice":"Stole From Cult","floor":19.0,"gold_loss":0.0,"damage_taken":0.0},{"damage_healed":0.0,"max_hp_gain":0.0,"max_hp_loss":0.0,"gold_gain":0.0,"event_name":"Match and Keep!","player_choice":"1 cards matched","floor":31.0,"gold_loss":0.0,"damage_taken":0.0,"cards_obtained":["Echo Form"]}],"is_beta":false,"boss_relics":[{"not_picked":["Empty Cage","Cursed Key"],"picked":"Fusion Hammer"}],"items_purged_floors":[],"is_endless":false,"potions_floor_spawned":[2,7,13,14,16,20,30],"killed_by":"Automaton","ascension_level":20}