{"gold_per_floor":[17,17,30,30,41,41,41,61,61,81,81,108,108,123,123,199,199,199,199,199,199,92,92,92],"floor_reached":24,"playtime":634,"items_purged":[],"score":382,"play_id":"27d6e518-8484-497a-977c-cf97d79f127c","local_time":"20190618180306","is_ascension_mode":true,"campfire_choices":[{"data":"Demon Form","floor":6,"key":"SMITH"},{"floor":11,"key":"REST"},{"floor":15,"key":"REST"},{"floor":23,"key":"REST"}],"neow_cost":"NO_GOLD","seed_source_timestamp":4513268646488423,"circlet_count":0,"master_deck":["AscendersBane","Strike_R","Strike_R","Strike_R","Strike_R","Defend_R","Defend_R","Defend_R","Defend_R","Bash","Demon Form+1","Rampage","Headbutt","Sword Boomerang","Metallicize","Flame Barrier","Limit Break","Dropkick","Reaper","Cleave","Pain","Twin Strike","Flash of Steel"],"relics":["Burning Blood","Paper Frog","Art of War","Ectoplasm","WarpedTongs","Sundial"],"potions_floor_usage":[8,16],"damage_taken":[{"damage":7,"enemies":"Small Slimes","floor":1,"turns":4},{"damage":8,"enemies":"2 Louse","floor":3,"turns":3},{"damage":19,"enemies":"Jaw Worm","floor":5,"turns":4},{"damage":34,"enemies":"Exordium Thugs","floor":8,"turns":5},{"damage":10,"enemies":"Exordium Wildlife","floor":10,"turns":4},{"damage":13,"enemies":"Lagavulin","floor":12,"turns":7},{"damage":9,"enemies":"Red Slaver","floor":14,"turns":4},{"damage":39,"enemies":"The Guardian","floor":16,"turns":9},{"damage":18,"enemies":"Chosen","floor":18,"turns":6},{"damage":42,"enemies":"Spheric Guardian","floor":20,"turns":6},{"damage":45,"enemies":"Book of Stabbing","floor":24,"turns":4}],"seed_played":"-8035025542262451006","potions_obtained":[{"floor":5,"key":"FearPotion"},{"floor":10,"key":"EssenceOfSteel"},{"floor":14,"key":"Energy Potion"},{"floor":16,"key":"Fire Potion"}],"is_trial":false,"path_per_floor":["M","?","M","?","M","R","$","M","T","M","R","E","$","M","R","B",null,"M","?","M","?","$","R","E"],"character_chosen":"IRONCLAD","items_purchased":["Flash of Steel"],"campfire_rested":3,"item_purchase_floors":[22],"current_hp_per_floor":[67,67,65,58,45,45,45,17,17,13,35,28,28,25,47,14,60,57,57,21,21,21,43,0],"gold":92,"neow_bonus":"THREE_RARE_CARDS","is_prod":false,"is_daily":false,"chose_seed":false,"campfire_upgraded":1,"win_rate":0,"timestamp":1560895386,"path_taken":["M","?","M","?","M","R","?","?","T","M","R","E","$","M","R","BOSS","M","?","?","?","$","R","E"],"build_version":"2019-01-23","purchased_purges":0,"victory":false,"max_hp_per_floor":[75,75,75,75,75,75,75,75,75,75,75,75,75,75,75,75,75,75,75,75,75,75,75,75],"card_choices":[{"not_picked":["Fiend Fire","Berserk"],"picked":"Demon Form","floor":0},{"not_picked":["Pommel Strike","Headbutt"],"picked":"Rampage","floor":1},{"not_picked":["Fire Breathing","Warcry"],"picked":"Headbutt","floor":3},{"not_picked":["Perfected Strike","Pommel Strike"],"picked":"Sword Boomerang","floor":5},{"not_picked":["Sentinel","Havoc"],"picked":"Metallicize","floor":8},{"not_picked":["True Grit","Inflame"],"picked":"Flame Barrier","floor":10},{"not_picked":["Fire Breathing","Heavy Blade"],"picked":"Limit Break","floor":12},{"not_picked":["Rupture","Flame Barrier"],"picked":"Dropkick","floor":14},{"not_picked":["Juggernaut","Impervious"],"picked":"Reaper","floor":16},{"not_picked":["Clash","Armaments"],"picked":"Cleave","floor":18},{"not_picked":["Dark Embrace","Armaments"],"picked":"Twin Strike","floor":20}],"player_experience":757435,"relics_obtained":[{"floor":9,"key":"Paper Frog"},{"floor":12,"key":"Art of War"}],"event_choices":[{"damage_healed":0,"gold_gain":0,"player_choice":"Leave","damage_taken":0,"max_hp_gain":0,"max_hp_loss":0,"event_name":"The Cleric","floor":2,"gold_loss":0},{"cards_removed":["Strike_R"],"damage_healed":0,"gold_gain":0,"player_choice":"Card Removal","damage_taken":7,"max_hp_gain":0,"max_hp_loss":0,"event_name":"Golden Wing","floor":4,"gold_loss":0},{"damage_healed":0,"gold_gain":0,"player_choice":"Rummage","damage_taken":0,"relics_obtained":["WarpedTongs"],"max_hp_gain":0,"max_hp_loss":0,"event_name":"Accursed Blacksmith","floor":19,"gold_loss":0,"cards_obtained":["Pain"]},{"damage_healed":0,"gold_gain":0,"player_choice":"Gave Potion","damage_taken":0,"relics_obtained":["Sundial"],"max_hp_gain":0,"max_hp_loss":0,"event_name":"WeMeetAgain","floor":21,"gold_loss":0}],"is_beta":false,"boss_relics":[{"not_picked":["Lizard Tail","Fusion Hammer"],"picked":"Ectoplasm"}],"items_purged_floors":[],"is_endless":false,"potions_floor_spawned":[5,10,14,16,18],"killed_by":"Book of Stabbing","ascension_level":19}