{"gold_per_floor":[209,284,300,300,319,319,34,60,60,60,60,60],"floor_reached":12,"playtime":267,"items_purged":["Strike_R"],"score":152,"play_id":"ac064e8e-5e1d-4b9f-a932-08315131cf8d","local_time":"20190404173300","is_ascension_mode":true,"campfire_choices":[{"data":"Bash","floor":6.0,"key":"SMITH"},{"floor":11,"key":"REST"}],"neow_cost":"NONE","seed_source_timestamp":1143492050699800,"circlet_count":0,"master_deck":["AscendersBane","Strike_R","Strike_R","Strike_R","Strike_R+1","Defend_R","Defend_R","Defend_R","Defend_R","Bash+1","Sword Boomerang","Armaments+1","Headbutt"],"special_seed":0,"relics":["Burning Blood","Chemical X","Self Forming Clay","Paper Frog"],"potions_floor_usage":[],"damage_taken":[{"damage":4.0,"enemies":"Small Slimes","floor":1.0,"turns":4.0},{"damage":6.0,"enemies":"Jaw Worm","floor":3.0,"turns":5.0},{"damage":1.0,"enemies":"Cultist","floor":5.0,"turns":3.0},{"damage":32.0,"enemies":"Gremlin Nob","floor":8.0,"turns":4.0},{"damage":32,"enemies":"Lagavulin","floor":12,"turns":5}],"seed_played":"114771330787920904","potions_obtained":[{"floor":1.0,"key":"Swift Potion"}],"is_trial":false,"path_per_floor":["M","?","M","?","M","R","$","E","T","$","R","E"],"character_chosen":"IRONCLAD","items_purchased":["Chemical X"],"campfire_rested":1,"item_purchase_floors":[7],"current_hp_per_floor":[70,59,59,36,41,41,41,15,15,15,37,5],"gold":60,"neow_bonus":"HUNDRED_GOLD","is_prod":false,"is_daily":false,"chose_seed":false,"campfire_upgraded":1,"win_rate":0,"timestamp":1554395580,"path_taken":["M","?","M","?","M","R","$","E","T","?","R","E"],"build_version":"2019-01-23","purchased_purges":1,"victory":false,"max_hp_per_floor":[75,75,75,75,75,75,75,75,75,75,75,75],"card_choices":[{"not_picked":["Infernal Blade","Flex"],"picked":"Sword Boomerang","floor":1.0},{"not_picked":["Heavy Blade","Warcry"],"picked":"Armaments","floor":3.0},{"not_picked":["Flex","Juggernaut"],"picked":"Headbutt","floor":5.0},{"not_picked":["Seeing Red","Thunderclap","Heavy Blade"],"picked":"SKIP","floor":8.0}],"player_experience":1292246,"relics_obtained":[{"floor":8.0,"key":"Self Forming Clay"},{"floor":9.0,"key":"Paper Frog"}],"event_choices":[{"damage_healed":0.0,"max_hp_gain":0.0,"max_hp_loss":0.0,"gold_gain":75.0,"event_name":"World of Goop","player_choice":"Gather Gold","floor":2.0,"gold_loss":0.0,"damage_taken":11.0},{"damage_healed":0.0,"max_hp_gain":0.0,"max_hp_loss":0.0,"gold_gain":0.0,"event_name":"Shining Light","player_choice":"Entered Light","floor":4.0,"gold_loss":0.0,"damage_taken":23.0,"cards_upgraded":["Armaments","Strike_R"]}],"is_beta":false,"boss_relics":[],"items_purged_floors":[7],"is_endless":false,"potions_floor_spawned":[1],"killed_by":"Lagavulin","ascension_level":20}