{"gold_per_floor":[110,110,126,149,170,203,203,129,152,152,188,203,203],"floor_reached":13,"playtime":537,"items_purged":[],"score":190,"play_id":"3d8a029e-713d-4016-b1ff-6e8d691eb0fc","local_time":"20190704233748","is_ascension_mode":true,"campfire_choices":[{"data":"Feel No Pain","floor":7,"key":"SMITH"},{"data":"Dark Embrace","floor":10,"key":"SMITH"}],"neow_cost":"PERCENT_DAMAGE","seed_source_timestamp":5915549483212288,"circlet_count":0,"master_deck":["AscendersBane","Strike_R","Strike_R","Strike_R","Strike_R","Strike_R","Defend_R","Defend_R","Defend_R","Defend_R","Bash","Dark Embrace+1","Havoc","Headbutt","Wild Strike","True Grit","Feel No Pain+1","Corruption"],"special_seed":0,"relics":["Burning Blood","Golden Idol","Bag of Preparation","Blood Vial","Ancient Tea Set"],"potions_floor_usage":[6,6,12,13],"damage_taken":[{"damage":2.0,"enemies":"Cultist","floor":1.0,"turns":4.0},{"damage":9.0,"enemies":"Jaw Worm","floor":3.0,"turns":5.0},{"damage":0,"enemies":"2 Louse","floor":4,"turns":3},{"damage":12,"enemies":"2 Fungi Beasts","floor":5,"turns":4},{"damage":20,"enemies":"Gremlin Nob","floor":6,"turns":4},{"damage":10,"enemies":"3 Sentries","floor":11,"turns":10},{"damage":31,"enemies":"Large Slime","floor":12,"turns":9},{"damage":31,"enemies":"Gremlin Nob","floor":13,"turns":3}],"seed_played":"-5596953177564354970","potions_obtained":[{"floor":1.0,"key":"Block Potion"},{"floor":3.0,"key":"GamblersBrew"},{"floor":6,"key":"AttackPotion"},{"floor":12,"key":"FearPotion"}],"is_trial":false,"path_per_floor":["M","?","M","M","M","E","R","?","T","R","E","M","E"],"character_chosen":"IRONCLAD","items_purchased":[],"campfire_rested":0,"item_purchase_floors":[],"current_hp_per_floor":[54,54,51,57,51,37,37,37,37,37,35,12,0],"gold":203,"neow_bonus":"THREE_RARE_CARDS","is_prod":false,"is_daily":false,"chose_seed":false,"campfire_upgraded":2,"win_rate":0,"timestamp":1562297868,"path_taken":["M","?","M","M","M","E","R","?","T","R","E","M","E"],"build_version":"2019-07-01","purchased_purges":0,"victory":false,"max_hp_per_floor":[75,68,68,68,68,68,68,68,68,68,68,68,68],"card_choices":[{"not_picked":["Bludgeon","Berserk"],"picked":"Dark Embrace","floor":0.0},{"not_picked":["Hemokinesis","Iron Wave"],"picked":"Havoc","floor":1.0},{"not_picked":["Flex","Clash"],"picked":"Headbutt","floor":3.0},{"not_picked":["Thunderclap","Wild Strike","Body Slam"],"picked":"SKIP","floor":4},{"not_picked":["Thunderclap","Body Slam"],"picked":"Wild Strike","floor":4},{"not_picked":["Twin Strike","Cleave"],"picked":"True Grit","floor":5},{"not_picked":["Infernal Blade","Brutality"],"picked":"Feel No Pain","floor":6},{"not_picked":["Sword Boomerang","Shockwave"],"picked":"Corruption","floor":11},{"not_picked":["Heavy Blade","Thunderclap","Pommel Strike"],"picked":"SKIP","floor":12}],"player_experience":867623,"relics_obtained":[{"floor":6,"key":"Bag of Preparation"},{"floor":9,"key":"Blood Vial"},{"floor":11,"key":"Ancient Tea Set"}],"event_choices":[{"damage_healed":0.0,"max_hp_gain":0.0,"max_hp_loss":7.0,"gold_gain":0.0,"event_name":"Golden Idol","player_choice":"Lose Max HP","floor":2.0,"gold_loss":0.0,"damage_taken":0.0,"relics_obtained":["Golden Idol"]},{"damage_healed":0,"gold_gain":0,"player_choice":"Left Gold","damage_taken":0,"max_hp_gain":0,"max_hp_loss":0,"event_name":"World of Goop","floor":8,"gold_loss":74}],"is_beta":false,"boss_relics":[],"items_purged_floors":[],"is_endless":false,"potions_floor_spawned":[1,3,6,12],"killed_by":"Gremlin Nob","ascension_level":20}