{"gold_per_floor":[217,217,217,182,182,182,216,216,216,216,245,295,315,62,62,62],"floor_reached":16,"playtime":579,"items_purged":[],"score":172,"play_id":"d7a37589-0632-481a-a21e-1f6790d54167","local_time":"20180725200242","is_ascension_mode":true,"campfire_choices":[{"data":"Zap","floor":6,"key":"SMITH"},{"floor":8,"key":"REST"},{"data":"Buffer","floor":15,"key":"SMITH"}],"neow_cost":"NONE","seed_source_timestamp":1553225868876262,"circlet_count":0,"master_deck":["Strike_B","Strike_B","Strike_B","Defend_B","Defend_B","Defend_B","Defend_B","Zap+1","Dualcast","AscendersBane","Gash","Buffer+1","Steam","Glacier"],"relics":["Cracked Core","NlothsMask","Juzu Bracelet","Gremlin Horn","Bag of Preparation","Molten Egg 2"],"potions_floor_usage":[],"damage_taken":[{"damage":2,"enemies":"Jaw Worm","floor":1,"turns":5},{"damage":29,"enemies":"3 Sentries","floor":7,"turns":11},{"damage":17,"enemies":"Lagavulin","floor":11,"turns":8},{"damage":0,"enemies":"Cultist","floor":13,"turns":3},{"damage":57,"enemies":"Hexaghost","floor":16,"turns":14}],"seed_played":"8221448720832792252","potions_obtained":[{"floor":7,"key":"FocusPotion"},{"floor":13,"key":"Poison Potion"}],"is_trial":false,"path_per_floor":["M","?","?","?","$","R","E","R","T","?","E","T","M","$","R"],"character_chosen":"DEFECT","items_purchased":["Molten Egg 2"],"campfire_rested":1,"item_purchase_floors":[14],"current_hp_per_floor":[66,66,66,75,75,75,46,68,68,68,51,51,51,51,51,0],"gold":62,"neow_bonus":"HUNDRED_GOLD","is_prod":false,"is_daily":false,"chose_seed":false,"campfire_upgraded":2,"win_rate":0,"timestamp":1532563362,"path_taken":["M","?","?","?","?","R","E","R","T","?","E","?","M","$","R","BOSS"],"build_version":"2018-07-19v2","purchased_purges":0,"victory":false,"max_hp_per_floor":[75,75,75,75,75,75,75,75,75,75,75,75,75,75,75,75],"card_choices":[{"not_picked":["Sweeping Beam","Rebound"],"picked":"Gash","floor":1},{"not_picked":["Recycle","Sweeping Beam"],"picked":"Buffer","floor":7},{"not_picked":["Darkness","Recycle"],"picked":"Steam","floor":11},{"not_picked":["Turbo","Auto Shields"],"picked":"Glacier","floor":13}],"player_experience":163594,"relics_obtained":[{"floor":7,"key":"Juzu Bracelet"},{"floor":11,"key":"Gremlin Horn"},{"floor":12,"key":"Bag of Preparation"}],"event_choices":[{"event_name":"FaceTrader","player_choice":"Trade","floor":2,"damage_taken":0},{"event_name":"Bonfire Elementals","player_choice":"BASIC","floor":3,"damage_taken":0},{"event_name":"The Cleric","player_choice":"Healed","floor":4,"damage_taken":0},{"event_name":"Liars Game","player_choice":"disagreed","floor":10,"damage_taken":0}],"is_beta":false,"boss_relics":[],"items_purged_floors":[],"is_endless":false,"potions_floor_spawned":[7,13],"killed_by":"Hexaghost","ascension_level":13}