{"gold_per_floor":[116,135,135,20,20,20,55,55,55,68,68,87,101,131,143,229,241,264,294,45,145,145,145,156,156,156,189,25,45,45,73,73,145,145,160,173,219,149,149,149,178,178,201,231,121,140,140,153,153,153,153,153,153,28,57,57],"floor_reached":56,"playtime":4362,"items_purged":["Strike_G","Pain","Strike_G"],"score":2052,"play_id":"2ad9a1ec-e806-4a95-97e7-fc89c4c502d4","local_time":"20190619174152","is_ascension_mode":true,"campfire_choices":[{"data":"Neutralize","floor":6.0,"key":"SMITH"},{"data":"Deadly Poison","floor":8.0,"key":"SMITH"},{"data":"Adrenaline","floor":15.0,"key":"SMITH"},{"floor":23.0,"key":"REST"},{"data":"Footwork","floor":25.0,"key":"SMITH"},{"data":"Burst","floor":30.0,"key":"SMITH"},{"floor":32.0,"key":"REST"},{"data":"Well Laid Plans","floor":40.0,"key":"SMITH"},{"data":"Adrenaline","floor":42.0,"key":"SMITH"},{"data":"After Image","floor":47.0,"key":"SMITH"},{"floor":49.0,"key":"RECALL"},{"data":"PiercingWail","floor":53.0,"key":"SMITH"}],"neow_cost":"NONE","seed_source_timestamp":460443816669300,"circlet_count":0,"master_deck":["AscendersBane","Defend_G","Defend_G","Defend_G","Defend_G","Defend_G","Strike_G","Strike_G","Survivor","Neutralize+1","After Image+1","Quick Slash","Deadly Poison+1","Footwork+1","Backflip","Adrenaline+1","Quick Slash","Deadly Poison","Deflect","Burst+1","Deadly Poison","Well Laid Plans+1","Backflip","Blade Dance+1","Deflect","Adrenaline+1","Dodge and Roll+1","Catalyst+1","After Image+1","Choke+1","PiercingWail+1","After Image"],"special_seed":0,"relics":["Ring of the Snake","WarpedTongs","Snake Skull","Meat on the Bone","MawBank","Eternal Feather","Juzu Bracelet","Ice Cream","Ornamental Fan","Oddly Smooth Stone","Dream Catcher","Art of War","Coffee Dripper","Du-Vu Doll","Torii","Pen Nib","Tough Bandages","Bag of Preparation"],"potions_floor_usage":[55,56],"damage_taken":[{"damage":1.0,"enemies":"2 Louse","floor":1.0,"turns":3.0},{"damage":7.0,"enemies":"Jaw Worm","floor":2.0,"turns":6.0},{"damage":8.0,"enemies":"Lagavulin","floor":7.0,"turns":8.0},{"damage":5.0,"enemies":"Cultist","floor":10.0,"turns":4.0},{"damage":2.0,"enemies":"2 Fungi Beasts","floor":12.0,"turns":3.0},{"damage":11.0,"enemies":"Exordium Wildlife","floor":13.0,"turns":6.0},{"damage":11.0,"enemies":"Gremlin Nob","floor":14.0,"turns":4.0},{"damage":27.0,"enemies":"The Guardian","floor":16.0,"turns":10.0},{"damage":5.0,"enemies":"Shell Parasite","floor":18.0,"turns":7.0},{"damage":24.0,"enemies":"Chosen","floor":19.0,"turns":7.0},{"damage":11.0,"enemies":"Colosseum Slavers","floor":21.0,"turns":5.0},{"damage":42.0,"enemies":"Colosseum Nobs","floor":21.0,"turns":8.0},{"damage":1.0,"enemies":"Centurion and Healer","floor":24.0,"turns":8.0},{"damage":19.0,"enemies":"Gremlin Leader","floor":27.0,"turns":8.0},{"damage":0.0,"enemies":"Snecko","floor":29.0,"turns":5.0},{"damage":48.0,"enemies":"Slavers","floor":31.0,"turns":9.0},{"damage":1.0,"enemies":"Champ","floor":33.0,"turns":7.0},{"damage":2.0,"enemies":"3 Shapes","floor":35.0,"turns":3.0},{"damage":18.0,"enemies":"3 Darklings","floor":36.0,"turns":9.0},{"damage":33.0,"enemies":"2 Orb Walkers","floor":37.0,"turns":7.0},{"damage":1.0,"enemies":"Giant Head","floor":41.0,"turns":8.0},{"damage":0.0,"enemies":"Nemesis","floor":44.0,"turns":7.0},{"damage":1.0,"enemies":"Maw","floor":46.0,"turns":6.0},{"damage":1.0,"enemies":"Transient","floor":48.0,"turns":6.0},{"damage":31.0,"enemies":"Time Eater","floor":50.0,"turns":10.0},{"damage":0.0,"enemies":"Donu and Deca","floor":51.0,"turns":16.0},{"damage":38,"enemies":"Shield and Spear","floor":55,"turns":12},{"damage":58,"enemies":"The Heart","floor":56,"turns":11}],"seed_played":"8886666912587524987","potions_obtained":[{"floor":1.0,"key":"SteroidPotion"},{"floor":7.0,"key":"GhostInAJar"},{"floor":12.0,"key":"EssenceOfSteel"},{"floor":13.0,"key":"SteroidPotion"},{"floor":18.0,"key":"Explosive Potion"},{"floor":19.0,"key":"Poison Potion"},{"floor":31.0,"key":"Explosive Potion"},{"floor":41.0,"key":"SpeedPotion"},{"floor":48.0,"key":"Dexterity Potion"},{"floor":55,"key":"FairyPotion"}],"is_trial":false,"path_per_floor":["M","M","?","$","?","R","E","R","T","M","?","M","M","E","R","B",null,"M","M","$","?","?","R","M","R","T","E","$","M","R","E","R","B",null,"M","M","?","?","?","R","E","R","T","E","?","M","R","M","R","B","B",null,"R","$","E","B"],"character_chosen":"THE_SILENT","items_purchased":["Footwork","Juzu Bracelet","Adrenaline"],"campfire_rested":2,"item_purchase_floors":[4,20,28],"current_hp_per_floor":[58,51,56,56,56,56,48,48,48,43,43,41,42,43,43,28,60,55,43,43,14,14,50,49,64,64,45,45,45,60,24,60,59,68,66,48,27,27,27,45,44,62,62,62,62,61,67,66,67,36,36,59,67,67,41,0],"gold":57,"neow_bonus":"ONE_RANDOM_RARE_CARD","is_prod":false,"is_daily":false,"chose_seed":false,"campfire_upgraded":9,"win_rate":0,"timestamp":1560962512,"path_taken":["M","M","?","$","?","R","E","R","T","?","?","M","M","E","R","BOSS","M","M","$","?","?","R","M","R","T","E","?","M","R","E","R","BOSS","M","M","?","?","?","R","E","R","T","E","?","M","R","M","R","BOSS","BOSS","R","$","E","BOSS"],"build_version":"2019-01-23","purchased_purges":3,"victory":false,"max_hp_per_floor":[66,66,71,71,71,71,71,71,71,71,71,71,71,71,71,71,71,71,71,71,71,71,71,71,71,71,71,71,71,71,71,71,71,71,71,71,71,71,67,67,67,67,67,67,67,67,67,67,67,67,67,67,67,67,67,67],"card_choices":[{"not_picked":["Acrobatics","Blade Dance"],"picked":"Quick Slash","floor":1.0},{"not_picked":["Slice","Flying Knee"],"picked":"Deadly Poison","floor":2.0},{"not_picked":["Outmaneuver","Eviscerate"],"picked":"Backflip","floor":7.0},{"not_picked":["Expertise","Concentrate"],"picked":"Adrenaline","floor":10.0},{"not_picked":["Dodge and Roll","Slice"],"picked":"Quick Slash","floor":12.0},{"not_picked":["Riddle With Holes","Distraction"],"picked":"Deadly Poison","floor":13.0},{"not_picked":["Flechettes","Dagger Throw"],"picked":"Deflect","floor":14.0},{"not_picked":["Die Die Die","Doppelganger"],"picked":"Burst","floor":16.0},{"not_picked":["Blade Dance","Cloak And Dagger"],"picked":"Deadly Poison","floor":18.0},{"not_picked":["Dodge and Roll","Deflect+1"],"picked":"Well Laid Plans","floor":19.0},{"not_picked":["Bane","Finisher"],"picked":"Backflip","floor":21.0},{"not_picked":["Quick Slash","Poisoned Stab"],"picked":"Blade Dance+1","floor":24.0},{"not_picked":["Expertise","Cloak And Dagger"],"picked":"Deflect","floor":27.0},{"not_picked":["Underhanded Strike+1","Distraction","Outmaneuver"],"picked":"SKIP","floor":29.0},{"not_picked":["Eviscerate","Night Terror"],"picked":"Dodge and Roll+1","floor":31.0},{"not_picked":["Masterful Stab","Reflex"],"picked":"Catalyst+1","floor":32.0},{"not_picked":["Adrenaline","Die Die Die"],"picked":"After Image","floor":33.0},{"not_picked":["Tactician","Deadly Poison","Dagger Throw"],"picked":"SKIP","floor":35.0},{"not_picked":["Blade Dance","Dagger Spray","Slice"],"picked":"SKIP","floor":36.0},{"not_picked":["Prepared","Predator"],"picked":"Choke+1","floor":37.0},{"not_picked":["Eviscerate","Poisoned Stab","Infinite Blades+1"],"picked":"SKIP","floor":41.0},{"not_picked":["Accuracy","Masterful Stab","Heel Hook+1"],"picked":"SKIP","floor":44.0},{"not_picked":["Flechettes","Flying Knee","Concentrate+1"],"picked":"SKIP","floor":46.0},{"not_picked":["Deflect","Underhanded Strike"],"picked":"PiercingWail","floor":48.0},{"not_picked":["Dagger Spray","Flechettes"],"picked":"After Image","floor":55}],"player_experience":1475240,"relics_obtained":[{"floor":7.0,"key":"Snake Skull"},{"floor":9.0,"key":"Meat on the Bone"},{"floor":14.0,"key":"MawBank"},{"floor":21.0,"key":"Ice Cream"},{"floor":21.0,"key":"Ornamental Fan"},{"floor":26.0,"key":"Oddly Smooth Stone"},{"floor":27.0,"key":"Dream Catcher"},{"floor":31.0,"key":"Art of War"},{"floor":37.0,"key":"Du-Vu Doll"},{"floor":41.0,"key":"Pen Nib"},{"floor":44.0,"key":"Tough Bandages"},{"floor":55,"key":"Bag of Preparation"}],"event_choices":[{"damage_healed":0.0,"max_hp_gain":5.0,"max_hp_loss":0.0,"gold_gain":0.0,"event_name":"Big Fish","player_choice":"Donut","floor":3.0,"gold_loss":0.0,"damage_taken":0.0},{"damage_healed":0.0,"max_hp_gain":0.0,"max_hp_loss":0.0,"gold_gain":0.0,"event_name":"Accursed Blacksmith","player_choice":"Rummage","floor":5.0,"gold_loss":0.0,"damage_taken":0.0,"relics_obtained":["WarpedTongs"],"cards_obtained":["Pain"]},{"damage_healed":0.0,"max_hp_gain":0.0,"max_hp_loss":0.0,"gold_gain":0.0,"event_name":"Golden Idol","player_choice":"Ignored","floor":11.0,"gold_loss":0.0,"damage_taken":0.0},{"damage_healed":0.0,"max_hp_gain":0.0,"max_hp_loss":0.0,"gold_gain":0.0,"event_name":"Colosseum","player_choice":"Fight","floor":21.0,"gold_loss":0.0,"damage_taken":0.0},{"damage_healed":0.0,"max_hp_gain":0.0,"max_hp_loss":0.0,"gold_gain":0.0,"event_name":"Colosseum","player_choice":"Fought Nobs","floor":21.0,"gold_loss":0.0,"damage_taken":0.0},{"damage_healed":0.0,"max_hp_gain":0.0,"max_hp_loss":0.0,"gold_gain":0.0,"event_name":"Cursed Tome","player_choice":"Ignored","floor":22.0,"gold_loss":0.0,"damage_taken":0.0},{"damage_healed":0.0,"max_hp_gain":0.0,"max_hp_loss":0.0,"gold_gain":0.0,"event_name":"Mysterious Sphere","player_choice":"Fight","floor":37.0,"gold_loss":0.0,"damage_taken":0.0},{"damage_healed":0.0,"max_hp_gain":0.0,"max_hp_loss":0.0,"gold_gain":0.0,"event_name":"WeMeetAgain","player_choice":"Paid Gold","floor":38.0,"gold_loss":70.0,"damage_taken":0.0,"relics_obtained":["Torii"]},{"damage_healed":0.0,"max_hp_gain":0.0,"max_hp_loss":4.0,"gold_gain":0.0,"event_name":"Winding Halls","player_choice":"Max HP","floor":39.0,"gold_loss":0.0,"damage_taken":0.0},{"cards_removed":["Strike_G"],"damage_healed":0.0,"max_hp_gain":0.0,"max_hp_loss":0.0,"gold_gain":0.0,"event_name":"Designer","player_choice":"Upgrade and Remove","floor":45.0,"gold_loss":110.0,"damage_taken":0.0,"cards_upgraded":["After Image"]}],"is_beta":false,"boss_relics":[{"not_picked":["Busted Crown","Empty Cage"],"picked":"Eternal Feather"},{"not_picked":["Pandora\u0027s Box","HoveringKite"],"picked":"Coffee Dripper"}],"items_purged_floors":[4,20,54],"is_endless":false,"potions_floor_spawned":[1,7,12,13,18,19,31,41,44,48,55],"killed_by":"The Heart","ascension_level":20}