{"gold_per_floor":[368,387,352,67,67,67,101,101,101,126,126,156,28,45,45,116,116,126,126,126,96,21,21],"floor_reached":23,"playtime":549,"items_purged":["Strike_G"],"score":370,"play_id":"bf2c6bec-d5f7-4365-b1d4-196bd05b4b76","local_time":"20190411200709","is_ascension_mode":true,"campfire_choices":[{"data":"Neutralize","floor":6.0,"key":"SMITH"},{"data":"Envenom","floor":8.0,"key":"SMITH"},{"data":"Dagger Spray","floor":11.0,"key":"SMITH"},{"data":"Caltrops","floor":15.0,"key":"SMITH"}],"neow_cost":"PERCENT_DAMAGE","seed_source_timestamp":0,"circlet_count":0,"master_deck":["AscendersBane","Defend_G","Defend_G","Defend_G","Defend_G","Defend_G","Strike_G+1","Strike_G","Strike_G+1","Strike_G","Survivor","Neutralize+1","Dagger Spray+1","Quick Slash","Envenom+1","Caltrops+1","Cloak And Dagger","Dagger Spray+1","Unload+1","Blade Dance","Accuracy"],"special_seed":0,"relics":["Ring of the Snake","Molten Egg 2","Juzu Bracelet","Gremlin Horn","Whetstone","Eternal Feather"],"potions_floor_usage":[21],"damage_taken":[{"damage":6.0,"enemies":"Cultist","floor":1.0,"turns":4.0},{"damage":2.0,"enemies":"Small Slimes","floor":2.0,"turns":4.0},{"damage":29.0,"enemies":"Gremlin Nob","floor":7.0,"turns":5.0},{"damage":3.0,"enemies":"Jaw Worm","floor":14.0,"turns":4.0},{"damage":14.0,"enemies":"Hexaghost","floor":16.0,"turns":8.0},{"damage":14.0,"enemies":"3 Byrds","floor":18.0,"turns":4.0},{"damage":20,"enemies":"2 Thieves","floor":21,"turns":4},{"damage":36,"enemies":"Book of Stabbing","floor":23,"turns":4}],"seed_played":"3929421855772381903","potions_obtained":[{"floor":2.0,"key":"GhostInAJar"},{"floor":7.0,"key":"Ancient Potion"},{"floor":16.0,"key":"Regen Potion"}],"is_trial":false,"path_per_floor":["M","M","?","$","?","R","E","R","T","T","R","?","$","M","R","B",null,"M","?","?","M","$","E"],"character_chosen":"THE_SILENT","items_purchased":["Molten Egg 2","Caltrops","Cloak And Dagger"],"campfire_rested":0,"item_purchase_floors":[4,13,13],"current_hp_per_floor":[38,36,52,52,52,52,23,23,23,23,23,23,23,20,20,6,51,37,37,37,31,31,0],"gold":21,"neow_bonus":"TWO_FIFTY_GOLD","is_prod":false,"is_daily":false,"chose_seed":false,"campfire_upgraded":4,"win_rate":0,"timestamp":1555027629,"path_taken":["M","M","?","$","?","R","E","R","T","?","R","?","$","M","R","BOSS","M","?","?","M","$","E"],"build_version":"2019-01-23","purchased_purges":1,"victory":false,"max_hp_per_floor":[66,66,66,66,66,66,66,66,66,66,66,66,66,66,66,66,66,66,66,66,66,66,66],"card_choices":[{"not_picked":["Underhanded Strike","Blade Dance"],"picked":"Dagger Spray","floor":1.0},{"not_picked":["Deadly Poison","Prepared"],"picked":"Quick Slash","floor":2.0},{"not_picked":["Blade Dance","Adrenaline"],"picked":"Envenom","floor":7.0},{"not_picked":["Slice+1","Quick Slash+1"],"picked":"Dagger Spray+1","floor":14.0},{"not_picked":["Burst","Bullet Time"],"picked":"Unload+1","floor":16.0},{"not_picked":["Deadly Poison","Catalyst"],"picked":"Blade Dance","floor":18.0},{"not_picked":["Dagger Throw+1","Backflip"],"picked":"Accuracy","floor":21}],"player_experience":630064,"relics_obtained":[{"floor":7.0,"key":"Juzu Bracelet"},{"floor":9.0,"key":"Gremlin Horn"},{"floor":10.0,"key":"Whetstone"}],"event_choices":[{"damage_healed":16.0,"max_hp_gain":0.0,"max_hp_loss":0.0,"gold_gain":0.0,"event_name":"The Cleric","player_choice":"Healed","floor":3.0,"gold_loss":35.0,"damage_taken":0.0},{"damage_healed":0.0,"max_hp_gain":0.0,"max_hp_loss":0.0,"gold_gain":0.0,"event_name":"Liars Game","player_choice":"Ignored","floor":5.0,"gold_loss":0.0,"damage_taken":0.0},{"damage_healed":0.0,"max_hp_gain":0.0,"max_hp_loss":0.0,"gold_gain":30.0,"event_name":"Dead Adventurer","player_choice":"Searched \u00271\u0027 times","floor":12.0,"gold_loss":0.0,"damage_taken":0.0},{"damage_healed":0.0,"max_hp_gain":0.0,"max_hp_loss":0.0,"gold_gain":0.0,"event_name":"Vampires","player_choice":"Ignored","floor":19.0,"gold_loss":0.0,"damage_taken":0.0},{"damage_healed":0.0,"max_hp_gain":0.0,"max_hp_loss":0.0,"gold_gain":0.0,"event_name":"The Mausoleum","player_choice":"Ignored","floor":20.0,"gold_loss":0.0,"damage_taken":0.0}],"is_beta":false,"boss_relics":[{"not_picked":["Fusion Hammer","Cursed Key"],"picked":"Eternal Feather"}],"items_purged_floors":[22],"is_endless":false,"potions_floor_spawned":[2,7,16],"killed_by":"Book of Stabbing","ascension_level":20}