{"gold_per_floor":[115,135,146,166,13,13,38,38,38,48,77,96,96,96,96,171,171,190,240,240,250,88,88],"floor_reached":23,"playtime":807,"items_purged":[],"score":352,"play_id":"a53e78b3-a519-4446-ab5a-dfdb001b47ad","local_time":"20180819134801","is_ascension_mode":true,"campfire_choices":[{"data":"Zap","floor":6.0,"key":"SMITH"},{"data":"Go for the Eyes","floor":8.0,"key":"SMITH"},{"floor":15.0,"key":"REST"}],"neow_cost":"NONE","seed_source_timestamp":3689904157370082,"circlet_count":0,"master_deck":["Strike_B","Strike_B","Strike_B","Defend_B","Defend_B","Defend_B","Defend_B","Zap+1","Dualcast","AscendersBane","Steam","Coolheaded","Go for the Eyes+1","Genetic Algorithm","Steam","White Noise","Machine Learning","Conserve Battery","Echo Form","Ball Lightning","Consume","Hologram","Core Surge"],"special_seed":0,"relics":["Cracked Core","DataDisk","Emotion Chip","Sundial","Peace Pipe","Black Star"],"potions_floor_usage":[],"damage_taken":[{"damage":0.0,"enemies":"Cultist","floor":1.0,"turns":3.0},{"damage":0.0,"enemies":"2 Louse","floor":2.0,"turns":3.0},{"damage":1.0,"enemies":"Jaw Worm","floor":3.0,"turns":3.0},{"damage":3.0,"enemies":"Blue Slaver","floor":4.0,"turns":4.0},{"damage":27.0,"enemies":"Lagavulin","floor":7.0,"turns":8.0},{"damage":1.0,"enemies":"Lots of Slimes","floor":10.0,"turns":5.0},{"damage":24.0,"enemies":"Gremlin Nob","floor":11.0,"turns":5.0},{"damage":1.0,"enemies":"3 Louse","floor":12.0,"turns":4.0},{"damage":15.0,"enemies":"Hexaghost","floor":16.0,"turns":12.0},{"damage":5,"enemies":"Chosen","floor":18,"turns":5},{"damage":42,"enemies":"3 Byrds","floor":21,"turns":6},{"damage":24,"enemies":"Slavers","floor":23,"turns":1}],"seed_played":"3437434551149402844","potions_obtained":[{"floor":7.0,"key":"Strength Potion"},{"floor":10.0,"key":"Swift Potion"},{"floor":14.0,"key":"Fire Potion"}],"is_trial":false,"path_per_floor":["M","M","M","M","$","R","E","R","T","M","E","M","$","?","R","B",null,"M","?","?","M","$"],"character_chosen":"DEFECT","items_purchased":["DataDisk","Core Surge"],"campfire_rested":1,"item_purchase_floors":[5,22],"current_hp_per_floor":[71,71,70,67,67,67,40,40,40,39,15,14,14,14,37,22,64,59,59,59,24,24,0],"gold":88,"neow_bonus":"TEN_PERCENT_HP_BONUS","is_prod":false,"is_daily":false,"chose_seed":false,"campfire_upgraded":2,"win_rate":0,"timestamp":1534700881,"path_taken":["M","M","M","M","$","R","E","R","T","M","E","M","$","?","R","BOSS","M","?","?","M","$","E"],"build_version":"2018-08-16","purchased_purges":0,"victory":false,"max_hp_per_floor":[78,78,78,78,78,78,78,78,78,78,78,78,78,78,78,78,78,78,78,78,78,78,78],"card_choices":[{"not_picked":["Barrage","Beam Cell"],"picked":"Steam","floor":1.0},{"not_picked":["Double Energy","Redo"],"picked":"Coolheaded","floor":2.0},{"not_picked":["Steam","Hologram"],"picked":"Go for the Eyes","floor":3.0},{"not_picked":["Streamline","Compile Driver"],"picked":"Genetic Algorithm","floor":4.0},{"not_picked":["Fusion","Sweeping Beam"],"picked":"Steam","floor":7.0},{"not_picked":["Heatsinks","Redo"],"picked":"White Noise","floor":10.0},{"not_picked":["Double Energy","Beam Cell"],"picked":"Machine Learning","floor":11.0},{"not_picked":["Streamline","Blizzard"],"picked":"Conserve Battery","floor":12.0},{"not_picked":["Multi-Cast","Amplify"],"picked":"Echo Form","floor":16.0},{"not_picked":["Hologram","Auto Shields"],"picked":"Ball Lightning","floor":18},{"not_picked":["Cold Snap","Go for the Eyes"],"picked":"Hologram","floor":21}],"player_experience":270038,"relics_obtained":[{"floor":7.0,"key":"Emotion Chip"},{"floor":9.0,"key":"Sundial"},{"floor":11.0,"key":"Peace Pipe"}],"event_choices":[{"event_name":"The Lab","player_choice":"Got Potions","floor":14.0,"damage_taken":0.0},{"event_name":"Nest","player_choice":"Stole From Cult","floor":19,"damage_taken":0},{"event_name":"Transmorgrifier","player_choice":"Transform","floor":20,"damage_taken":0}],"is_beta":false,"boss_relics":[{"not_picked":["Runic Pyramid","Orrery"],"picked":"Black Star"}],"items_purged_floors":[],"is_endless":false,"potions_floor_spawned":[7,10,16],"killed_by":"Slavers","ascension_level":15}