{"gold_per_floor":[114,77,152,152,68,97,97,109,109,109,142,154,154],"floor_reached":13,"playtime":284,"items_purged":[],"score":122,"play_id":"aa840e4a-e79c-4276-b363-97522af02222","local_time":"20190216121554","is_ascension_mode":true,"campfire_choices":[{"floor":7,"key":"REST"},{"data":"Footwork","floor":10,"key":"SMITH"}],"neow_cost":"NONE","seed_source_timestamp":212215189688527,"circlet_count":0,"master_deck":["Defend_G","Defend_G","Defend_G","Defend_G","Defend_G","Strike_G","Strike_G","Strike_G","Strike_G","Strike_G","Survivor","Neutralize","Outmaneuver","Footwork+1","Dramatic Entrance","Poisoned Stab","Dodge and Roll","Prepared"],"relics":["Ring of the Snake","NeowsBlessing","Pen Nib","Letter Opener","Bronze Scales"],"potions_floor_usage":[13,13],"damage_taken":[{"damage":0,"enemies":"2 Louse","floor":1,"turns":1},{"damage":0,"enemies":"Gremlin Nob","floor":6,"turns":1},{"damage":0,"enemies":"Small Slimes","floor":8,"turns":1},{"damage":19,"enemies":"3 Sentries","floor":11,"turns":12},{"damage":0,"enemies":"Cultist","floor":12,"turns":3},{"damage":51,"enemies":"Gremlin Nob","floor":13,"turns":5}],"seed_played":"4587507543112748071","potions_obtained":[{"floor":1,"key":"Energy Potion"},{"floor":11,"key":"GamblersBrew"},{"floor":12,"key":"Dexterity Potion"}],"is_trial":false,"path_per_floor":["M","$","?","?","$","E","R","M","T","R","E","M","E"],"character_chosen":"THE_SILENT","items_purchased":["Footwork","Dramatic Entrance"],"campfire_rested":1,"item_purchase_floors":[2,5],"current_hp_per_floor":[70,70,59,52,52,52,70,70,70,70,51,51,0],"gold":154,"neow_bonus":"THREE_ENEMY_KILL","is_prod":false,"is_daily":false,"chose_seed":false,"campfire_upgraded":1,"win_rate":0,"timestamp":1550348154,"path_taken":["M","$","?","?","$","E","R","M","T","R","E","M","E"],"build_version":"2019-01-23","purchased_purges":0,"victory":false,"max_hp_per_floor":[70,70,70,70,70,70,70,70,70,70,70,70,70],"card_choices":[{"not_picked":["Flechettes","Underhanded Strike"],"picked":"Outmaneuver","floor":1},{"not_picked":["Setup","Infinite Blades"],"picked":"Poisoned Stab","floor":6},{"not_picked":["Quick Slash","Acrobatics"],"picked":"Dodge and Roll","floor":8},{"not_picked":["Dodge and Roll","All Out Attack","Sucker Punch"],"picked":"SKIP","floor":11},{"not_picked":["Finisher","Accuracy"],"picked":"Prepared","floor":12}],"player_experience":212894,"relics_obtained":[{"floor":6,"key":"Pen Nib"},{"floor":9,"key":"Letter Opener"},{"floor":11,"key":"Bronze Scales"}],"event_choices":[{"damage_healed":0,"gold_gain":75,"player_choice":"Gather Gold","damage_taken":11,"max_hp_gain":0,"max_hp_loss":0,"event_name":"World of Goop","floor":3,"gold_loss":0},{"damage_healed":0,"gold_gain":0,"player_choice":"Damaged","damage_taken":7,"max_hp_gain":0,"max_hp_loss":0,"event_name":"Wheel of Change","floor":4,"gold_loss":0}],"is_beta":false,"boss_relics":[],"items_purged_floors":[],"is_endless":false,"potions_floor_spawned":[1,11,12],"killed_by":"Gremlin Nob","ascension_level":1}