{"gold_per_floor":[119,119,134,134,148,179,199,199,226,239,264,264,283,308,308,308],"floor_reached":16,"playtime":455,"items_purged":[],"score":128,"play_id":"99ac98da-ec67-41cf-a632-32e72a638e96","local_time":"20190209155130","is_ascension_mode":true,"campfire_choices":[{"data":"Perfected Strike","floor":12,"key":"SMITH"},{"data":"Iron Wave","floor":15,"key":"SMITH"}],"neow_cost":"NONE","seed_source_timestamp":12726095523720,"circlet_count":0,"master_deck":["Strike_R","Strike_R","Strike_R","Strike_R","Strike_R","Defend_R","Defend_R","Defend_R","Defend_R","Bash+1","Perfected Strike+1","Perfected Strike+1","Iron Wave+1","Pain"],"relics":["Burning Blood","Mummified Hand","Du-Vu Doll","WarpedTongs","Centennial Puzzle","Boot","Lantern"],"potions_floor_usage":[14,16],"damage_taken":[{"damage":7,"enemies":"2 Louse","floor":1,"turns":3},{"damage":6,"enemies":"Jaw Worm","floor":3,"turns":2},{"damage":0,"enemies":"Cultist","floor":5,"turns":2},{"damage":30,"enemies":"3 Sentries","floor":6,"turns":7},{"damage":0,"enemies":"2 Fungi Beasts","floor":7,"turns":2},{"damage":2,"enemies":"Looter","floor":10,"turns":2},{"damage":8,"enemies":"Gremlin Nob","floor":11,"turns":3},{"damage":3,"enemies":"Large Slime","floor":13,"turns":4},{"damage":16,"enemies":"3 Sentries","floor":14,"turns":5},{"damage":57,"enemies":"The Guardian","floor":16,"turns":9}],"seed_played":"7927381180698583128","potions_obtained":[{"floor":1,"key":"FearPotion"},{"floor":7,"key":"Swift Potion"},{"floor":10,"key":"Strength Potion"}],"is_trial":false,"path_per_floor":["M","?","M","T","M","E","M","?","T","M","E","R","M","E","R","B"],"character_chosen":"IRONCLAD","items_purchased":[],"campfire_rested":0,"item_purchase_floors":[],"current_hp_per_floor":[79,79,79,79,80,56,62,62,62,66,64,64,67,57,57,0],"gold":308,"neow_bonus":"UPGRADE_CARD","is_prod":false,"is_daily":false,"chose_seed":false,"campfire_upgraded":2,"win_rate":0,"timestamp":1549727490,"path_taken":["M","?","M","?","M","E","M","?","T","M","E","R","M","E","R","BOSS"],"build_version":"2019-01-23","purchased_purges":0,"victory":false,"max_hp_per_floor":[80,80,80,80,80,80,80,80,80,80,80,80,80,80,80,80],"card_choices":[{"not_picked":["Combust","Havoc"],"picked":"Perfected Strike","floor":1},{"not_picked":["Battle Trance","Uppercut"],"picked":"Perfected Strike","floor":3},{"not_picked":["Fire Breathing","Disarm"],"picked":"Iron Wave","floor":5},{"not_picked":["Armaments","Anger","Burning Pact"],"picked":"SKIP","floor":6},{"not_picked":["Power Through","Second Wind","True Grit"],"picked":"SKIP","floor":7},{"not_picked":["Thunderclap","Limit Break","Warcry"],"picked":"SKIP","floor":10},{"not_picked":["Pummel","Havoc","True Grit"],"picked":"SKIP","floor":11},{"not_picked":["Thunderclap","Rupture","Blood for Blood"],"picked":"SKIP","floor":13},{"not_picked":["Evolve","Clothesline","Hemokinesis"],"picked":"SKIP","floor":14}],"player_experience":1196339,"relics_obtained":[{"floor":4,"key":"Mummified Hand"},{"floor":6,"key":"Du-Vu Doll"},{"floor":9,"key":"Centennial Puzzle"},{"floor":11,"key":"Boot"},{"floor":14,"key":"Lantern"}],"event_choices":[{"damage_healed":0,"gold_gain":0,"player_choice":"Grow","damage_taken":0,"max_hp_gain":0,"max_hp_loss":0,"event_name":"Living Wall","floor":2,"gold_loss":0,"cards_upgraded":["Perfected Strike"]},{"damage_healed":0,"gold_gain":0,"player_choice":"Rummage","damage_taken":0,"relics_obtained":["WarpedTongs"],"max_hp_gain":0,"max_hp_loss":0,"event_name":"Accursed Blacksmith","floor":8,"gold_loss":0,"cards_obtained":["Pain"]}],"is_beta":false,"boss_relics":[],"items_purged_floors":[],"is_endless":false,"potions_floor_spawned":[1,7,10,11],"killed_by":"The Guardian","ascension_level":1}