{"gold_per_floor":[112,112,112,128,145,145,178,178,178,212,232,242,259,276,276,352,352,365,381,381,381],"floor_reached":21,"playtime":877,"items_purged":[],"score":386,"play_id":"ec3e9433-df5f-4a52-b52c-ee83faa6136c","local_time":"20190523164523","is_ascension_mode":true,"campfire_choices":[{"data":"Sunder","floor":6.0,"key":"SMITH"},{"floor":8.0,"key":"REST"},{"floor":15.0,"key":"REST"}],"neow_cost":"NONE","seed_source_timestamp":0,"circlet_count":0,"master_deck":["AscendersBane","Strike_B","Strike_B","Strike_B","Strike_B","Defend_B","Defend_B","Defend_B","Defend_B","Zap+1","Dualcast","Leap","Sunder+1","Go for the Eyes","Cold Snap","Ball Lightning","Go for the Eyes","Defragment","Defragment","Hologram","Hologram","Core Surge","Seek","Conserve Battery","Capacitor","White Noise","Self Repair+1"],"special_seed":0,"relics":["Cracked Core","NeowsBlessing","Emotion Chip","Prayer Wheel","Bird Faced Urn","Sozu"],"potions_floor_usage":[21],"damage_taken":[{"damage":0.0,"enemies":"Jaw Worm","floor":1.0,"turns":1.0},{"damage":0.0,"enemies":"2 Louse","floor":4.0,"turns":1.0},{"damage":0.0,"enemies":"Cultist","floor":5.0,"turns":1.0},{"damage":50.0,"enemies":"3 Sentries","floor":7.0,"turns":11.0},{"damage":10.0,"enemies":"Lagavulin","floor":10.0,"turns":5.0},{"damage":14.0,"enemies":"Exordium Wildlife","floor":11.0,"turns":3.0},{"damage":7.0,"enemies":"Large Slime","floor":12.0,"turns":5.0},{"damage":5.0,"enemies":"Exordium Thugs","floor":13.0,"turns":3.0},{"damage":3.0,"enemies":"Exordium Wildlife","floor":14.0,"turns":4.0},{"damage":30.0,"enemies":"Slime Boss","floor":16.0,"turns":8.0},{"damage":27.0,"enemies":"3 Byrds","floor":18.0,"turns":5.0},{"damage":20.0,"enemies":"Shell Parasite","floor":19.0,"turns":7.0},{"damage":30,"enemies":"Snecko","floor":21,"turns":5}],"seed_played":"-5544648765222735671","potions_obtained":[{"floor":4.0,"key":"Regen Potion"},{"floor":7.0,"key":"SteroidPotion"},{"floor":14.0,"key":"Dexterity Potion"},{"floor":16.0,"key":"Fire Potion"}],"is_trial":false,"path_per_floor":["M","?","?","M","M","R","E","R","T","E","M","M","M","M","R","B",null,"M","M","$","M"],"character_chosen":"DEFECT","items_purchased":[],"campfire_rested":2,"item_purchase_floors":[],"current_hp_per_floor":[64,64,64,64,64,64,27,48,48,38,24,17,12,11,32,6,55,32,18,18,0],"gold":381,"neow_bonus":"THREE_ENEMY_KILL","is_prod":false,"is_daily":false,"chose_seed":false,"campfire_upgraded":1,"win_rate":0,"timestamp":1558644323,"path_taken":["M","?","?","M","?","R","E","R","T","E","M","M","M","M","R","BOSS","M","M","$","M"],"build_version":"2019-01-23","purchased_purges":0,"victory":false,"max_hp_per_floor":[71,71,71,71,71,71,71,71,71,71,71,71,71,71,71,71,71,71,71,71,71],"card_choices":[{"not_picked":["Turbo","Stack"],"picked":"Leap","floor":1.0},{"not_picked":["Self Repair","Cold Snap"],"picked":"Sunder","floor":4.0},{"not_picked":["Force Field","Leap"],"picked":"Go for the Eyes","floor":5.0},{"not_picked":["Rebound","Thunder Strike"],"picked":"Cold Snap","floor":7.0},{"not_picked":["Reprogram","Tempest","Rip and Tear"],"picked":"SKIP","floor":10.0},{"not_picked":["Redo","Fission"],"picked":"Ball Lightning","floor":11.0},{"not_picked":["Beam Cell","Rebound"],"picked":"Go for the Eyes","floor":11.0},{"not_picked":["Turbo","Sweeping Beam"],"picked":"Defragment","floor":12.0},{"not_picked":["Barrage","Coolheaded"],"picked":"Defragment","floor":12.0},{"not_picked":["Coolheaded","Barrage"],"picked":"Hologram","floor":13.0},{"not_picked":["Chaos","Sweeping Beam"],"picked":"Hologram","floor":13.0},{"not_picked":["Compile Driver","Coolheaded"],"picked":"Core Surge","floor":14.0},{"not_picked":["Hologram","Compile Driver","Beam Cell"],"picked":"SKIP","floor":14.0},{"not_picked":["Multi-Cast","Core Surge"],"picked":"Seek","floor":16.0},{"not_picked":["Chaos","Melter+1"],"picked":"Conserve Battery","floor":18.0},{"not_picked":["Fusion+1","Compile Driver"],"picked":"Capacitor","floor":18.0},{"not_picked":["Beam Cell","Conserve Battery"],"picked":"White Noise","floor":19.0},{"not_picked":["Consume","Rebound"],"picked":"Self Repair+1","floor":19.0}],"player_experience":707052,"relics_obtained":[{"floor":7.0,"key":"Emotion Chip"},{"floor":9.0,"key":"Prayer Wheel"},{"floor":10.0,"key":"Bird Faced Urn"}],"event_choices":[{"damage_healed":0.0,"max_hp_gain":0.0,"max_hp_loss":0.0,"gold_gain":0.0,"event_name":"The Cleric","player_choice":"Leave","floor":2.0,"gold_loss":0.0,"damage_taken":0.0},{"damage_healed":0.0,"max_hp_gain":0.0,"max_hp_loss":0.0,"gold_gain":0.0,"event_name":"Upgrade Shrine","player_choice":"Upgraded","floor":3.0,"gold_loss":0.0,"damage_taken":0.0,"cards_upgraded":["Zap"]}],"is_beta":false,"boss_relics":[{"not_picked":["Runic Dome","Runic Pyramid"],"picked":"Sozu"}],"items_purged_floors":[],"is_endless":false,"potions_floor_spawned":[4,7,14,16,19],"killed_by":"Snecko","ascension_level":20}