{"gold_per_floor":[114,132,132,144,46,71,0,0,0,0,0,0,0,11,11,115,115,129,7,7,0,11,11],"floor_reached":23,"playtime":670,"items_purged":["Strike_R"],"score":221,"play_id":"45152f62-9a3e-4306-b785-a1df9c965f49","local_time":"20190215090421","is_ascension_mode":true,"campfire_choices":[{"floor":8,"key":"REST"},{"data":"Body Slam","floor":10,"key":"SMITH"},{"data":"Shrug It Off","floor":15,"key":"SMITH"}],"neow_cost":"NONE","seed_source_timestamp":113937849262305,"circlet_count":0,"master_deck":["Strike_R","Strike_R","Defend_R","Defend_R","Defend_R","Defend_R","Bash+1","Body Slam+1","Feed","Shrug It Off+1","Dropkick+1","Metallicize","Whirlwind+1","Inflame+1","Barricade+1","Body Slam+1","Metallicize+1","Entrench"],"relics":["Burning Blood","Molten Egg 2","Frozen Egg 2","Eternal Feather"],"potions_floor_usage":[16,22,23],"damage_taken":[{"damage":5,"enemies":"Jaw Worm","floor":1,"turns":4},{"damage":6,"enemies":"Cultist","floor":2,"turns":3},{"damage":4,"enemies":"Small Slimes","floor":4,"turns":4},{"damage":46,"enemies":"3 Sentries","floor":6,"turns":17},{"damage":0,"enemies":"Looter","floor":11,"turns":4},{"damage":0,"enemies":"3 Louse","floor":14,"turns":1},{"damage":23,"enemies":"Slime Boss","floor":16,"turns":8},{"damage":5,"enemies":"Chosen","floor":18,"turns":5},{"damage":34,"enemies":"3 Byrds","floor":22,"turns":6},{"damage":58,"enemies":"Book of Stabbing","floor":23,"turns":6}],"seed_played":"-7891593078609475756","potions_obtained":[{"floor":1,"key":"Weak Potion"},{"floor":16,"key":"PowerPotion"},{"floor":18,"key":"SteroidPotion"},{"floor":22,"key":"Swift Potion"}],"is_trial":false,"path_per_floor":["M","M","?","M","$","E","$","R","T","R","M","?","?","M","R","B",null,"M","$","?","?","M","E"],"character_chosen":"IRONCLAD","items_purchased":["Shrug It Off","Metallicize","Metallicize+1","Entrench"],"campfire_rested":1,"item_purchase_floors":[5,7,19,19],"current_hp_per_floor":[80,80,80,80,80,43,43,67,67,67,73,73,78,84,84,70,91,91,91,73,73,48,0],"gold":11,"neow_bonus":"REMOVE_CARD","is_prod":false,"is_daily":false,"chose_seed":false,"campfire_upgraded":2,"win_rate":0,"timestamp":1550250261,"path_taken":["M","M","?","?","$","E","?","R","T","R","M","?","?","M","R","BOSS","M","$","?","?","M","E"],"build_version":"2019-01-23","purchased_purges":1,"victory":false,"max_hp_per_floor":[80,80,80,80,80,83,83,83,83,83,83,83,88,88,88,91,91,91,91,96,96,99,99],"card_choices":[{"not_picked":["Battle Trance","Thunderclap"],"picked":"Body Slam","floor":1},{"not_picked":["Warcry","Reckless Charge","Corruption"],"picked":"SKIP","floor":2},{"not_picked":["Thunderclap","Perfected Strike"],"picked":"Feed","floor":4},{"not_picked":["Battle Trance","Clothesline"],"picked":"Dropkick","floor":6},{"not_picked":["Wild Strike+1","Heavy Blade+1"],"picked":"Whirlwind+1","floor":11},{"not_picked":["Havoc","Armaments"],"picked":"Inflame+1","floor":14},{"not_picked":["Fiend Fire+1","Brutality+1"],"picked":"Barricade+1","floor":16},{"not_picked":["Second Wind","Shrug It Off"],"picked":"Body Slam+1","floor":18},{"not_picked":["Inflame+1","Pommel Strike+1","True Grit"],"picked":"SKIP","floor":22}],"player_experience":209307,"relics_obtained":[{"floor":6,"key":"Molten Egg 2"},{"floor":9,"key":"Frozen Egg 2"}],"event_choices":[{"cards_removed":["Strike_R"],"damage_healed":0,"gold_gain":0,"player_choice":"Purged","damage_taken":0,"max_hp_gain":0,"max_hp_loss":0,"event_name":"Purifier","floor":3,"gold_loss":0},{"damage_healed":0,"gold_gain":0,"player_choice":"Grow","damage_taken":0,"max_hp_gain":0,"max_hp_loss":0,"event_name":"Living Wall","floor":12,"gold_loss":0,"cards_upgraded":["Bash"]},{"damage_healed":0,"gold_gain":0,"player_choice":"Donut","damage_taken":0,"max_hp_gain":5,"max_hp_loss":0,"event_name":"Big Fish","floor":13,"gold_loss":0},{"damage_healed":0,"gold_gain":0,"player_choice":"Shed Blood","damage_taken":23,"max_hp_gain":5,"max_hp_loss":0,"event_name":"Forgotten Altar","floor":20,"gold_loss":0},{"damage_healed":0,"gold_gain":0,"player_choice":"Paid Fearfully","damage_taken":0,"max_hp_gain":0,"max_hp_loss":0,"event_name":"Masked Bandits","floor":21,"gold_loss":7}],"is_beta":false,"boss_relics":[{"not_picked":["Velvet Choker","Runic Pyramid"],"picked":"Eternal Feather"}],"items_purged_floors":[5],"is_endless":false,"potions_floor_spawned":[1,16,18,22],"killed_by":"Book of Stabbing","ascension_level":1}