{"gold_per_floor":[115,126,96,114,114,114,148,73,73,96,122,165,178,203,203,334,334,348,141,141,141,153,173,40,40,92,109,134,134,162,179,179,274,274,285,285,285,299,62,88,88,106,106,106,123,149,159,59,59,59],"floor_reached":51,"playtime":2648,"items_purged":["Strike_B","Defend_B"],"score":851,"play_id":"3b07b647-aed3-48e7-948a-e0e729151914","local_time":"20190707202233","is_ascension_mode":true,"campfire_choices":[{"data":"Loop","floor":6,"key":"SMITH"},{"data":"Conserve Battery","floor":15,"key":"SMITH"},{"floor":29,"key":"REST"},{"floor":32,"key":"REST"},{"data":"Defragment","floor":41,"key":"SMITH"},{"data":"Biased Cognition","floor":49,"key":"SMITH"}],"neow_cost":"NONE","seed_source_timestamp":79206514142202,"circlet_count":0,"master_deck":["Defend_B","Defend_B","Zap+1","Dualcast","Ball Lightning","Loop+1","Conserve Battery+1","Gash","Seek","Ball Lightning","Self Repair","Echo Form","Hologram","Blind","Chill","Gash","Capacitor","Bite","Bite","Bite","Bite","Bite","Glacier+1","Biased Cognition+1","Hologram+1","Defragment+1","Apotheosis","Coolheaded","Blizzard"],"relics":["Cracked Core","Bloody Idol","Shuriken","Bronze Scales","Bag of Preparation","Odd Mushroom","White Beast Statue","OrangePellets","Dream Catcher","Happy Flower","Centennial Puzzle","Sozu","Mummified Hand","Frozen Egg 2","Pen Nib"],"potions_floor_usage":[12,30,30,33,35,40],"damage_taken":[{"damage":2,"enemies":"Jaw Worm","floor":1,"turns":4},{"damage":0,"enemies":"Cultist","floor":2,"turns":3},{"damage":3,"enemies":"2 Louse","floor":4,"turns":2},{"damage":14,"enemies":"Lagavulin","floor":7,"turns":5},{"damage":0,"enemies":"2 Fungi Beasts","floor":10,"turns":3},{"damage":7,"enemies":"3 Sentries","floor":12,"turns":6},{"damage":0,"enemies":"Large Slime","floor":13,"turns":4},{"damage":8,"enemies":"The Mushroom Lair","floor":14,"turns":4},{"damage":17,"enemies":"Slime Boss","floor":16,"turns":7},{"damage":2,"enemies":"Chosen","floor":18,"turns":4},{"damage":9,"enemies":"Shell Parasite","floor":22,"turns":7},{"damage":14,"enemies":"Centurion and Healer","floor":23,"turns":10},{"damage":25,"enemies":"Shelled Parasite and Fungi","floor":27,"turns":6},{"damage":55,"enemies":"Book of Stabbing","floor":28,"turns":6},{"damage":15,"enemies":"Slavers","floor":30,"turns":7},{"damage":35,"enemies":"Snake Plant","floor":31,"turns":5},{"damage":12,"enemies":"Champ","floor":33,"turns":10},{"damage":5,"enemies":"Orb Walker","floor":35,"turns":3},{"damage":12,"enemies":"3 Shapes","floor":38,"turns":8},{"damage":42,"enemies":"Reptomancer","floor":40,"turns":11},{"damage":16,"enemies":"Transient","floor":42,"turns":5},{"damage":0,"enemies":"Spire Growth","floor":45,"turns":5},{"damage":2,"enemies":"Nemesis","floor":46,"turns":5},{"damage":0,"enemies":"3 Darklings","floor":47,"turns":6},{"damage":19,"enemies":"Time Eater","floor":50,"turns":11}],"seed_played":"-6058141239603409425","potions_obtained":[{"floor":1,"key":"Regen Potion"},{"floor":3,"key":"PowerPotion"},{"floor":3,"key":"Swift Potion"},{"floor":13,"key":"Block Potion"},{"floor":18,"key":"PowerPotion"},{"floor":22,"key":"Block Potion"},{"floor":30,"key":"SmokeBomb"},{"floor":31,"key":"Swift Potion"},{"floor":33,"key":"Fire Potion"}],"is_trial":false,"path_per_floor":["M","M","?","M","?","R","E","$","T","M","T","E","M","?","R","B",null,"M","$","?","?","M","M","$","?","T","M","E","R","E","M","R","B",null,"M","$","?","M","$","E","R","M","T","?","M","E","M","$","R","B",null],"character_chosen":"DEFECT","items_purchased":["OrangePellets","Gash","Capacitor","Defragment","Apotheosis"],"campfire_rested":2,"item_purchase_floors":[19,24,24,39,39],"current_hp_per_floor":[73,73,73,70,69,69,55,55,55,57,57,52,54,55,55,47,69,67,67,67,67,69,69,69,69,69,69,27,47,57,31,51,69,69,69,69,69,69,69,69,69,69,69,69,69,69,69,69,69,69],"gold":59,"neow_bonus":"UPGRADE_CARD","is_prod":false,"is_daily":false,"chose_seed":false,"campfire_upgraded":4,"win_rate":1,"timestamp":1562523753,"path_taken":["M","M","?","?","?","R","E","$","T","M","?","E","M","?","R","BOSS","M","$","?","?","?","?","$","?","T","M","E","R","E","M","R","BOSS","M","$","?","M","$","E","R","M","T","?","?","E","M","$","R","BOSS"],"build_version":"2019-07-05","purchased_purges":2,"victory":true,"max_hp_per_floor":[75,75,75,75,69,69,69,69,69,69,69,69,69,69,69,69,69,69,69,69,69,69,69,69,69,69,69,69,69,69,69,69,69,69,69,69,69,69,69,69,69,69,69,69,69,69,69,69,69,69],"card_choices":[{"not_picked":["Reinforced Body","Beam Cell"],"picked":"Ball Lightning","floor":1},{"not_picked":["Barrage","Compile Driver"],"picked":"Loop","floor":2},{"not_picked":["Streamline","Leap"],"picked":"Conserve Battery","floor":4},{"not_picked":["Go for the Eyes","Fusion"],"picked":"Gash","floor":7},{"not_picked":["Streamline","Heatsinks"],"picked":"Seek","floor":10},{"not_picked":["Barrage","Streamline"],"picked":"Ball Lightning","floor":12},{"not_picked":["BootSequence","FTL"],"picked":"Self Repair","floor":13},{"not_picked":["Multi-Cast","Fission"],"picked":"Echo Form","floor":16},{"not_picked":["Conserve Battery","Reinforced Body"],"picked":"Hologram","floor":18},{"not_picked":["Turbo+1","Rebound"],"picked":"Chill","floor":22},{"not_picked":["Compile Driver","Sweeping Beam","Beam Cell+1"],"picked":"SKIP","floor":23},{"not_picked":["Genetic Algorithm","Rebound","Scrape+1"],"picked":"SKIP","floor":27},{"not_picked":["Double Energy","Barrage","Lockon"],"picked":"SKIP","floor":28},{"not_picked":["Buffer","Sunder"],"picked":"Glacier+1","floor":30},{"not_picked":["Darkness+1","Streamline","Turbo+1"],"picked":"SKIP","floor":31},{"not_picked":["Rainbow","Seek"],"picked":"Biased Cognition","floor":33},{"not_picked":["Turbo","Compile Driver","Undo"],"picked":"SKIP","floor":35},{"not_picked":["Conserve Battery+1","Doom and Gloom+1"],"picked":"Hologram+1","floor":38},{"not_picked":["Fusion","White Noise"],"picked":"Coolheaded","floor":40},{"not_picked":["Compile Driver","Cold Snap","Sunder+1"],"picked":"SKIP","floor":42},{"not_picked":["Undo+1","Conserve Battery+1","Reinforced Body+1"],"picked":"SKIP","floor":45},{"not_picked":["Tempest+1","Self Repair+1","Chaos"],"picked":"SKIP","floor":46},{"not_picked":["Conserve Battery","Scrape+1"],"picked":"Blizzard","floor":47}],"player_experience":20057,"relics_obtained":[{"floor":7,"key":"Shuriken"},{"floor":9,"key":"Blood Vial"},{"floor":11,"key":"Bronze Scales"},{"floor":12,"key":"Bag of Preparation"},{"floor":14,"key":"Odd Mushroom"},{"floor":26,"key":"Dream Catcher"},{"floor":28,"key":"Happy Flower"},{"floor":30,"key":"Centennial Puzzle"},{"floor":40,"key":"Mummified Hand"},{"floor":43,"key":"Frozen Egg 2"},{"floor":46,"key":"Pen Nib"}],"event_choices":[{"damage_healed":0,"gold_gain":0,"player_choice":"Bought 2 Potions","damage_taken":0,"max_hp_gain":0,"max_hp_loss":0,"event_name":"The Woman in Blue","floor":3,"gold_loss":0},{"damage_healed":0,"gold_gain":0,"player_choice":"Lose Max HP","damage_taken":0,"relics_obtained":["Golden Idol"],"max_hp_gain":0,"max_hp_loss":6,"event_name":"Golden Idol","floor":5,"gold_loss":0},{"damage_healed":0,"gold_gain":0,"player_choice":"Fought Mushrooms","damage_taken":0,"max_hp_gain":0,"max_hp_loss":0,"event_name":"Mushrooms","floor":14,"gold_loss":0},{"damage_healed":0,"gold_gain":0,"player_choice":"Gave Idol","damage_taken":0,"relics_obtained":["Bloody Idol"],"max_hp_gain":0,"max_hp_loss":0,"event_name":"Forgotten Altar","floor":20,"relics_lost":["Golden Idol"],"gold_loss":0},{"damage_healed":0,"gold_gain":0,"player_choice":"1 cards matched","damage_taken":0,"max_hp_gain":0,"max_hp_loss":0,"event_name":"Match and Keep!","floor":21,"gold_loss":0,"cards_obtained":["Blind"]},{"damage_healed":0,"gold_gain":0,"player_choice":"Became a vampire (Vial)","damage_taken":0,"max_hp_gain":0,"max_hp_loss":0,"event_name":"Vampires","floor":25,"relics_lost":["Blood Vial"],"gold_loss":0,"cards_obtained":["Bite","Bite","Bite","Bite","Bite"]},{"damage_healed":0,"gold_gain":0,"player_choice":"Ignored","damage_taken":0,"max_hp_gain":0,"max_hp_loss":0,"event_name":"Tomb of Lord Red Mask","floor":37,"gold_loss":0},{"cards_removed":["Defend_B"],"damage_healed":0,"gold_gain":0,"player_choice":"Purged","damage_taken":0,"max_hp_gain":0,"max_hp_loss":0,"event_name":"Purifier","floor":44,"gold_loss":0}],"is_beta":false,"boss_relics":[{"not_picked":["Inserter","Runic Dome"],"picked":"White Beast Statue"},{"not_picked":["Lizard Tail","Black Star"],"picked":"Sozu"}],"items_purged_floors":[8,48],"is_endless":false,"potions_floor_spawned":[1,10,13,16,18,22,23,27,28,30,31,33,35,38,40,42,45,46,47],"ascension_level":2}