{"gold_per_floor":[111,131,148,148,148,148,166,177,257,257,291,302,61,26,26,104,104,119,119,130,2,2],"floor_reached":22,"playtime":772,"items_purged":[],"score":372,"play_id":"c12ae663-597b-4345-82f6-e8845be12683","local_time":"20190708171354","is_ascension_mode":true,"campfire_choices":[{"data":"Dagger Spray","floor":6,"key":"SMITH"},{"floor":10,"key":"REST"},{"floor":15,"key":"REST"}],"neow_cost":"PERCENT_DAMAGE","seed_source_timestamp":6237842918265773,"circlet_count":0,"master_deck":["AscendersBane","Strike_G","Strike_G","Strike_G","Strike_G","Defend_G","Defend_G","Defend_G","Defend_G","Defend_G","Survivor","Neutralize","Malaise","Slice","Dagger Spray+1","Bouncing Flask","Infinite Blades","Die Die Die","Noxious Fumes","Adrenaline","Blade Dance","Malaise"],"relics":["Ring of the Snake","The Courier","Incense Burner","OrangePellets","Black Star"],"potions_floor_usage":[11,16],"damage_taken":[{"damage":0,"enemies":"Cultist","floor":1,"turns":5},{"damage":1,"enemies":"Jaw Worm","floor":2,"turns":7},{"damage":1,"enemies":"2 Louse","floor":3,"turns":4},{"damage":9,"enemies":"Lots of Slimes","floor":7,"turns":3},{"damage":13,"enemies":"Exordium Thugs","floor":8,"turns":5},{"damage":19,"enemies":"3 Sentries","floor":11,"turns":8},{"damage":14,"enemies":"3 Louse","floor":12,"turns":3},{"damage":32,"enemies":"Slime Boss","floor":16,"turns":11},{"damage":11,"enemies":"3 Byrds","floor":18,"turns":4},{"damage":15,"enemies":"Chosen","floor":20,"turns":7},{"damage":26,"enemies":"Centurion and Healer","floor":22,"turns":4}],"seed_played":"6315751117299456354","potions_obtained":[{"floor":1,"key":"Block Potion"},{"floor":3,"key":"Dexterity Potion"},{"floor":11,"key":"AttackPotion"},{"floor":16,"key":"SteroidPotion"}],"is_trial":false,"path_per_floor":["M","M","M","?","$","R","M","M","T","R","E","M","$","?","R","B",null,"M","?","M","$","M"],"character_chosen":"THE_SILENT","items_purchased":["OrangePellets","Noxious Fumes","Malaise"],"campfire_rested":2,"item_purchase_floors":[13,13,21],"current_hp_per_floor":[44,43,42,42,42,42,33,20,20,39,20,6,6,22,41,9,52,41,41,26,26,0],"gold":2,"neow_bonus":"THREE_RARE_CARDS","is_prod":false,"is_daily":false,"chose_seed":false,"campfire_upgraded":1,"win_rate":0,"timestamp":1562620434,"path_taken":["M","?","M","?","$","R","M","M","T","R","E","M","$","?","R","BOSS","M","?","M","$","?"],"build_version":"2019-07-05","purchased_purges":0,"victory":false,"max_hp_per_floor":[66,66,66,66,66,66,66,66,66,66,66,66,66,66,66,66,66,66,66,66,66,66],"card_choices":[{"not_picked":["Adrenaline","Venomology"],"picked":"Malaise","floor":0},{"not_picked":["Eviscerate","Setup","Heel Hook"],"picked":"SKIP","floor":1},{"not_picked":["Calculated Gamble","Riddle With Holes"],"picked":"Slice","floor":2},{"not_picked":["Sucker Punch","PiercingWail"],"picked":"Dagger Spray","floor":3},{"not_picked":["Acrobatics","Prepared"],"picked":"Bouncing Flask","floor":7},{"not_picked":["Finisher","Dodge and Roll"],"picked":"Infinite Blades","floor":8},{"not_picked":["Dodge and Roll","Deadly Poison"],"picked":"Die Die Die","floor":11},{"not_picked":["Underhanded Strike","Prepared","Flying Knee"],"picked":"SKIP","floor":12},{"not_picked":["Night Terror","Envenom"],"picked":"Adrenaline","floor":16},{"not_picked":["Quick Slash","Bane","Bouncing Flask"],"picked":"SKIP","floor":18},{"not_picked":["Prepared","Skewer"],"picked":"Blade Dance","floor":20}],"player_experience":919253,"relics_obtained":[{"floor":9,"key":"The Courier"},{"floor":11,"key":"Incense Burner"}],"event_choices":[{"damage_healed":0,"gold_gain":0,"player_choice":"Ignored","damage_taken":0,"max_hp_gain":0,"max_hp_loss":0,"event_name":"Liars Game","floor":4,"gold_loss":0},{"damage_healed":16,"gold_gain":0,"player_choice":"Healed","damage_taken":0,"max_hp_gain":0,"max_hp_loss":0,"event_name":"The Cleric","floor":14,"gold_loss":35},{"cards_removed":["Strike_G"],"damage_healed":0,"gold_gain":0,"player_choice":"Offered Basic","damage_taken":0,"max_hp_gain":0,"max_hp_loss":0,"event_name":"Bonfire Elementals","floor":19,"gold_loss":0}],"is_beta":false,"boss_relics":[{"not_picked":["White Beast Statue","HoveringKite"],"picked":"Black Star"}],"items_purged_floors":[],"is_endless":false,"potions_floor_spawned":[1,3,7,11,16,20],"killed_by":"Centurion and Healer","ascension_level":20}