{"gold_per_floor":[112,112,112,122,132,132,162,162],"floor_reached":8,"playtime":214,"items_purged":[],"score":92,"play_id":"b5ceb6a7-0660-4018-bbeb-f3584b1e349a","local_time":"20190621195323","is_ascension_mode":true,"campfire_choices":[{"data":"Bash","floor":6.0,"key":"SMITH"}],"neow_cost":"PERCENT_DAMAGE","seed_source_timestamp":40799478025600,"circlet_count":0,"master_deck":["AscendersBane","Strike_R","Strike_R","Defend_R","Defend_R","Defend_R","Defend_R","Bash+1","Warcry","Dropkick","Regret","Armaments+1","Disarm+1"],"special_seed":0,"relics":["Burning Blood","Toxic Egg 2","Blood Vial"],"potions_floor_usage":[8],"damage_taken":[{"damage":2.0,"enemies":"Small Slimes","floor":1.0,"turns":4.0},{"damage":12.0,"enemies":"2 Louse","floor":4.0,"turns":4.0},{"damage":12.0,"enemies":"Cultist","floor":5.0,"turns":4.0},{"damage":37,"enemies":"Gremlin Nob","floor":8,"turns":3}],"seed_played":"5117198813634054604","potions_obtained":[{"floor":4.0,"key":"Explosive Potion"},{"floor":5.0,"key":"FearPotion"}],"is_trial":false,"path_per_floor":["M","?","?","M","M","R","?","E"],"character_chosen":"IRONCLAD","items_purchased":[],"campfire_rested":0,"item_purchase_floors":[],"current_hp_per_floor":[54,47,47,41,35,35,35,0],"gold":162,"neow_bonus":"TRANSFORM_TWO_CARDS","is_prod":false,"is_daily":false,"chose_seed":false,"campfire_upgraded":1,"win_rate":0,"timestamp":1561143203,"path_taken":["M","?","?","M","M","R","?","E"],"build_version":"2019-01-23","purchased_purges":0,"victory":false,"max_hp_per_floor":[75,75,75,75,75,75,75,75],"card_choices":[{"not_picked":["Havoc","Fire Breathing","Power Through"],"picked":"SKIP","floor":1.0},{"not_picked":["Shockwave+1","Fire Breathing"],"picked":"Armaments+1","floor":4.0},{"not_picked":["Anger","Wild Strike"],"picked":"Disarm+1","floor":5.0}],"player_experience":1489259,"relics_obtained":[],"event_choices":[{"cards_removed":["Strike_R"],"damage_healed":0.0,"max_hp_gain":0.0,"max_hp_loss":0.0,"gold_gain":0.0,"event_name":"Golden Wing","player_choice":"Card Removal","floor":2.0,"gold_loss":0.0,"damage_taken":7.0},{"damage_healed":0.0,"max_hp_gain":0.0,"max_hp_loss":0.0,"gold_gain":0.0,"event_name":"Big Fish","player_choice":"Box","floor":3.0,"gold_loss":0.0,"damage_taken":0.0,"relics_obtained":["Toxic Egg 2"],"cards_obtained":["Regret"]},{"damage_healed":0.0,"max_hp_gain":0.0,"max_hp_loss":0.0,"gold_gain":30.0,"event_name":"Dead Adventurer","player_choice":"Searched \u00273\u0027 times","floor":7.0,"gold_loss":0.0,"damage_taken":0.0,"relics_obtained":["Blood Vial"]}],"is_beta":false,"boss_relics":[],"items_purged_floors":[],"is_endless":false,"potions_floor_spawned":[4,5],"killed_by":"Gremlin Nob","ascension_level":20}