{"gold_per_floor":[111,111,22,22,36,66,66,83,83,83,113,38,38,51,51,128,128],"floor_reached":17,"playtime":317,"items_purged":["Strike_R"],"score":476,"play_id":"34e1aa62-528a-40b0-bfd9-5ef2913c2487","local_time":"20190703202105","is_ascension_mode":true,"campfire_choices":[{"data":"Carnage","floor":10,"key":"SMITH"},{"data":"Bash","floor":13,"key":"SMITH"},{"data":"Flame Barrier","floor":15,"key":"SMITH"}],"neow_cost":"NONE","seed_source_timestamp":37146230559500,"circlet_count":0,"master_deck":["AscendersBane","Strike_R","Strike_R","Strike_R","Defend_R","Defend_R","Defend_R","Defend_R","Bash+1","Metallicize","Whirlwind+1","Rampage","Twin Strike","Carnage+1","Battle Trance","Flame Barrier+1","Demon Form"],"relics":["Burning Blood","NeowsBlessing","Dodecahedron","Shuriken","Pear","Happy Flower","White Beast Statue"],"potions_floor_usage":[11,16],"damage_taken":[{"damage":0,"enemies":"Small Slimes","floor":1,"turns":1},{"damage":0,"enemies":"Jaw Worm","floor":5,"turns":1},{"damage":0,"enemies":"3 Sentries","floor":6,"turns":1},{"damage":0,"enemies":"Cultist","floor":8,"turns":2},{"damage":29,"enemies":"Lagavulin","floor":11,"turns":6},{"damage":0,"enemies":"Large Slime","floor":14,"turns":2},{"damage":0,"enemies":"Slime Boss","floor":16,"turns":6}],"seed_played":"-3073938608475676503","potions_obtained":[{"floor":1,"key":"Swift Potion"},{"floor":8,"key":"Explosive Potion"},{"floor":11,"key":"Dexterity Potion"}],"is_trial":false,"path_per_floor":["M","?","$","?","M","E","?","M","T","R","E","$","R","M","R","B",null],"character_chosen":"IRONCLAD","items_purchased":["Whirlwind"],"campfire_rested":0,"item_purchase_floors":[3],"current_hp_per_floor":[74,56,56,56,62,68,61,67,77,77,54,54,54,60,60,66,80],"gold":128,"neow_bonus":"THREE_ENEMY_KILL","is_prod":false,"is_daily":false,"chose_seed":false,"campfire_upgraded":3,"win_rate":0,"timestamp":1562181665,"path_taken":["M","?","$","?","M","E","?","M","T","R","E","?","R","M","R","BOSS"],"build_version":"2019-07-01","purchased_purges":1,"victory":false,"max_hp_per_floor":[75,75,75,75,75,75,75,75,85,85,85,85,85,85,85,85,85],"card_choices":[{"not_picked":["Ghostly Armor","Anger"],"picked":"Metallicize","floor":1},{"not_picked":["Anger","Clothesline"],"picked":"Rampage","floor":5},{"not_picked":["Sever Soul","Sword Boomerang"],"picked":"Twin Strike","floor":6},{"not_picked":["Perfected Strike","Headbutt"],"picked":"Carnage","floor":8},{"not_picked":["Metallicize","True Grit"],"picked":"Battle Trance","floor":11},{"not_picked":["Disarm","Warcry"],"picked":"Flame Barrier","floor":14},{"not_picked":["Impervious","Exhume"],"picked":"Demon Form","floor":16}],"player_experience":1531448,"relics_obtained":[{"floor":6,"key":"Shuriken"},{"floor":9,"key":"Pear"},{"floor":11,"key":"Happy Flower"}],"event_choices":[{"damage_healed":0,"gold_gain":0,"player_choice":"Success","damage_taken":18,"relics_obtained":["Dodecahedron"],"max_hp_gain":0,"max_hp_loss":0,"event_name":"Scrap Ooze","floor":2,"gold_loss":0},{"damage_healed":0,"gold_gain":0,"player_choice":"Grow","damage_taken":0,"max_hp_gain":0,"max_hp_loss":0,"event_name":"Living Wall","floor":4,"gold_loss":0,"cards_upgraded":["Whirlwind"]},{"cards_removed":["Strike_R"],"damage_healed":0,"gold_gain":0,"player_choice":"Card Removal","damage_taken":7,"max_hp_gain":0,"max_hp_loss":0,"event_name":"Golden Wing","floor":7,"gold_loss":0}],"is_beta":false,"boss_relics":[{"not_picked":["Busted Crown","Tiny House"],"picked":"White Beast Statue"}],"items_purged_floors":[12],"is_endless":false,"potions_floor_spawned":[1,8,11],"ascension_level":20}