{"gold_per_floor":[119,119,134,134,134,163,163,197,222,222,222,253,271,1,1,78,78,91,91,91,91,91,121,137,137,137,152,164,0,0,0],"floor_reached":31,"playtime":954,"items_purged":["Pain"],"score":538,"play_id":"df7230b5-4961-4395-9293-63f9b013a600","local_time":"20190612153704","is_ascension_mode":true,"campfire_choices":[{"floor":7.0,"key":"REST"},{"floor":11.0,"key":"REST"},{"data":"Apotheosis","floor":15.0,"key":"SMITH"},{"floor":25.0,"key":"REST"}],"neow_cost":"NONE","seed_source_timestamp":3985835039167013,"circlet_count":0,"master_deck":["AscendersBane","Defend_G","Defend_G","Defend_G","Defend_G","Defend_G","Strike_G+1","Strike_G+1","Survivor","Neutralize","Crippling Poison","Noxious Fumes","Poisoned Stab","Dagger Throw","Leg Sweep","Malaise","Apotheosis+1","Glass Knife","Footwork+1","Deadly Poison+1","Noxious Fumes+1","Skewer","Catalyst","Burst","Underhanded Strike","Flying Knee","Bane","Dagger Spray+1"],"special_seed":0,"relics":["Ring of the Snake","Regal Pillow","PreservedInsect","Potion Belt","Mercury Hourglass","Blood Vial","WarpedTongs","Whetstone","Astrolabe","Ancient Tea Set","Pear","Bottled Tornado"],"potions_floor_usage":[31],"damage_taken":[{"damage":11.0,"enemies":"2 Louse","floor":1.0,"turns":5.0},{"damage":4.0,"enemies":"Cultist","floor":3.0,"turns":5.0},{"damage":45.0,"enemies":"3 Sentries","floor":6.0,"turns":8.0},{"damage":7.0,"enemies":"Gremlin Nob","floor":8.0,"turns":4.0},{"damage":19.0,"enemies":"Lagavulin","floor":12.0,"turns":7.0},{"damage":1.0,"enemies":"Small Slimes","floor":13.0,"turns":3.0},{"damage":5.0,"enemies":"Hexaghost","floor":16.0,"turns":10.0},{"damage":0.0,"enemies":"3 Byrds","floor":18.0,"turns":3.0},{"damage":27.0,"enemies":"Slavers","floor":23.0,"turns":4.0},{"damage":10.0,"enemies":"Shell Parasite","floor":24.0,"turns":6.0},{"damage":26.0,"enemies":"Centurion and Healer","floor":27.0,"turns":5.0},{"damage":46.0,"enemies":"Sentry and Sphere","floor":28.0,"turns":7.0},{"damage":11,"enemies":"Snake Plant","floor":31,"turns":2}],"seed_played":"-7893836919309793976","potions_obtained":[{"floor":1.0,"key":"GhostInAJar"},{"floor":6.0,"key":"Block Potion"},{"floor":12.0,"key":"Energy Potion"},{"floor":18.0,"key":"Swift Potion"}],"is_trial":false,"path_per_floor":["M","?","M","?","?","E","R","E","T","?","R","E","M","$","R","B",null,"M","$","?","?","?","E","M","R","T","M","M","?","T","M"],"character_chosen":"THE_SILENT","items_purchased":["Apotheosis"],"campfire_rested":3,"item_purchase_floors":[14],"current_hp_per_floor":[48,48,44,66,55,10,44,37,37,37,66,47,48,48,48,45,61,63,63,63,63,63,38,30,64,74,50,6,6,6,0],"gold":0,"neow_bonus":"RANDOM_COMMON_RELIC","is_prod":false,"is_daily":false,"chose_seed":false,"campfire_upgraded":1,"win_rate":0,"timestamp":1560368224,"path_taken":["M","?","?","?","?","E","R","E","T","?","R","E","?","$","R","BOSS","M","$","?","?","?","E","M","R","T","M","?","?","?","M"],"build_version":"2019-01-23","purchased_purges":1,"victory":false,"max_hp_per_floor":[66,66,66,66,66,66,66,66,66,66,66,66,66,66,66,66,66,66,66,66,66,66,66,66,66,76,76,76,76,76,76],"card_choices":[{"not_picked":["Prepared","Deflect"],"picked":"Crippling Poison","floor":1.0},{"not_picked":["Masterful Stab","Poisoned Stab"],"picked":"Noxious Fumes","floor":3.0},{"not_picked":["PiercingWail","Slice"],"picked":"Poisoned Stab","floor":6.0},{"not_picked":["Slice","Acrobatics"],"picked":"Dagger Throw","floor":8.0},{"not_picked":["Outmaneuver","Setup"],"picked":"Leg Sweep","floor":12.0},{"not_picked":["Dodge and Roll","Masterful Stab"],"picked":"Malaise","floor":13.0},{"not_picked":["Grand Finale","Adrenaline"],"picked":"Glass Knife","floor":16.0},{"not_picked":["Slice","Deadly Poison"],"picked":"Skewer","floor":18.0},{"not_picked":["Prepared+1","Doppelganger"],"picked":"Flying Knee","floor":23.0},{"not_picked":["Setup","Deadly Poison"],"picked":"Bane","floor":24.0},{"not_picked":["Flying Knee","Eviscerate"],"picked":"Dagger Spray+1","floor":27.0},{"not_picked":["Prepared","Concentrate","Acrobatics"],"picked":"SKIP","floor":28.0}],"player_experience":730578,"relics_obtained":[{"floor":6.0,"key":"Potion Belt"},{"floor":8.0,"key":"Mercury Hourglass"},{"floor":9.0,"key":"Blood Vial"},{"floor":12.0,"key":"Whetstone"},{"floor":23.0,"key":"Ancient Tea Set"},{"floor":26.0,"key":"Pear"},{"floor":30,"key":"Bottled Tornado"}],"event_choices":[{"damage_healed":0.0,"max_hp_gain":0.0,"max_hp_loss":0.0,"gold_gain":0.0,"event_name":"FaceTrader","player_choice":"Leave","floor":2.0,"gold_loss":0.0,"damage_taken":0.0},{"damage_healed":22.0,"max_hp_gain":0.0,"max_hp_loss":0.0,"gold_gain":0.0,"event_name":"Big Fish","player_choice":"Banana","floor":4.0,"gold_loss":0.0,"damage_taken":0.0},{"damage_healed":0.0,"max_hp_gain":0.0,"max_hp_loss":0.0,"gold_gain":0.0,"event_name":"Scrap Ooze","player_choice":"Success","floor":5.0,"gold_loss":0.0,"damage_taken":11.0,"relics_obtained":["PreservedInsect"]},{"damage_healed":0.0,"max_hp_gain":0.0,"max_hp_loss":0.0,"gold_gain":0.0,"event_name":"Accursed Blacksmith","player_choice":"Rummage","floor":10.0,"gold_loss":0.0,"damage_taken":0.0,"relics_obtained":["WarpedTongs"],"cards_obtained":["Pain"]},{"damage_healed":0.0,"max_hp_gain":0.0,"max_hp_loss":0.0,"gold_gain":0.0,"event_name":"The Library","player_choice":"Read","floor":20.0,"gold_loss":0.0,"damage_taken":0.0,"cards_obtained":["Catalyst"]},{"damage_healed":0.0,"max_hp_gain":0.0,"max_hp_loss":0.0,"gold_gain":0.0,"event_name":"Ghosts","player_choice":"Ignored","floor":21.0,"gold_loss":0.0,"damage_taken":0.0},{"damage_healed":0.0,"max_hp_gain":0.0,"max_hp_loss":0.0,"gold_gain":0.0,"event_name":"Match and Keep!","player_choice":"2 cards matched","floor":22.0,"gold_loss":0.0,"damage_taken":0.0,"cards_obtained":["Burst","Underhanded Strike"]},{"damage_healed":0,"gold_gain":0,"player_choice":"Paid Fearfully","damage_taken":0,"max_hp_gain":0,"max_hp_loss":0,"event_name":"Masked Bandits","floor":29,"gold_loss":164}],"is_beta":false,"boss_relics":[{"not_picked":["Snecko Eye","HoveringKite"],"picked":"Astrolabe"}],"items_purged_floors":[14],"is_endless":false,"potions_floor_spawned":[1,6,12,18],"killed_by":"Snake Plant","ascension_level":20}