{"gold_per_floor":[115,128,2,21,21,21,34,64,90,16,50,50,50,70,70,142,142,158,158,169,169,169,169,169],"floor_reached":24,"playtime":763,"items_purged":[],"score":408,"play_id":"ada57871-75cd-40f6-8dc2-7ff13ac6a34f","local_time":"20190501170635","is_ascension_mode":true,"campfire_choices":[{"data":"Noxious Fumes","floor":6.0,"key":"SMITH"},{"floor":12.0,"key":"REST"},{"data":"Catalyst","floor":15,"key":"SMITH"},{"floor":23,"key":"REST"}],"neow_cost":"NONE","seed_source_timestamp":686357317607400,"circlet_count":0,"master_deck":["AscendersBane","Defend_G","Defend_G","Defend_G","Defend_G","Defend_G","Strike_G","Strike_G","Strike_G","Strike_G","Survivor","Neutralize","Deflect","Dagger Spray","Noxious Fumes+1","Leg Sweep","Cloak And Dagger","Quick Slash","Catalyst+1","Backstab","Deflect","Quick Slash","Burst","Deflect","Deadly Poison","Footwork"],"special_seed":0,"relics":["Ring of the Snake","NeowsBlessing","Art of War","Bag of Marbles","Dream Catcher","Sozu"],"potions_floor_usage":[16,20],"damage_taken":[{"damage":0.0,"enemies":"Small Slimes","floor":1.0,"turns":1.0},{"damage":0.0,"enemies":"2 Louse","floor":2.0,"turns":1.0},{"damage":0.0,"enemies":"Jaw Worm","floor":4.0,"turns":1.0},{"damage":5.0,"enemies":"Gremlin Gang","floor":7.0,"turns":6.0},{"damage":18.0,"enemies":"Lagavulin","floor":8.0,"turns":10.0},{"damage":18.0,"enemies":"Gremlin Nob","floor":11.0,"turns":4.0},{"damage":0,"enemies":"Large Slime","floor":14,"turns":6},{"damage":14,"enemies":"The Guardian","floor":16,"turns":8},{"damage":36,"enemies":"Spheric Guardian","floor":18,"turns":7},{"damage":20,"enemies":"Chosen","floor":20,"turns":5},{"damage":2,"enemies":"Colosseum Slavers","floor":21,"turns":5},{"damage":29,"enemies":"Shelled Parasite and Fungi","floor":24,"turns":5}],"seed_played":"-1216862213145941558","potions_obtained":[{"floor":2.0,"key":"SpeedPotion"},{"floor":11.0,"key":"SkillPotion"},{"floor":13.0,"key":"LiquidBronze"},{"floor":16,"key":"Poison Potion"}],"is_trial":false,"path_per_floor":["M","M","$","M","?","R","M","E","T","?","E","R","?","M","R","B",null,"M","?","M","?","?","R","M"],"character_chosen":"THE_SILENT","items_purchased":["Noxious Fumes","Leg Sweep"],"campfire_rested":2,"item_purchase_floors":[3,3],"current_hp_per_floor":[59,59,59,59,52,52,47,29,29,29,11,30,30,30,30,16,54,18,31,11,9,9,28,0],"gold":169,"neow_bonus":"THREE_ENEMY_KILL","is_prod":false,"is_daily":false,"chose_seed":false,"campfire_upgraded":2,"win_rate":0,"timestamp":1556726795,"path_taken":["M","M","$","M","?","R","M","E","T","?","E","R","?","?","R","BOSS","M","?","M","?","?","R","M"],"build_version":"2019-01-23","purchased_purges":0,"victory":false,"max_hp_per_floor":[66,66,66,66,66,66,66,66,66,66,66,66,66,66,66,66,66,66,66,66,66,66,66,66],"card_choices":[{"not_picked":["Prepared","PiercingWail"],"picked":"Deflect","floor":1.0},{"not_picked":["Caltrops","Finisher"],"picked":"Dagger Spray","floor":2.0},{"not_picked":["Prepared","Backflip"],"picked":"Cloak And Dagger","floor":4.0},{"not_picked":["Blur","Blade Dance"],"picked":"Quick Slash","floor":7.0},{"not_picked":["Prepared","Backflip"],"picked":"Catalyst","floor":8.0},{"not_picked":["Setup","Choke"],"picked":"Backstab","floor":11.0},{"not_picked":["Slice","Prepared"],"picked":"Deflect","floor":12.0},{"not_picked":["Outmaneuver","Venomology"],"picked":"Quick Slash","floor":14},{"not_picked":["Unload","Glass Knife"],"picked":"Burst","floor":16},{"not_picked":["Cloak And Dagger","Outmaneuver"],"picked":"Deflect","floor":18},{"not_picked":["Deflect","Endless Agony"],"picked":"Deadly Poison","floor":20},{"not_picked":["Deadly Poison","Dagger Throw"],"picked":"Footwork","floor":23}],"player_experience":1328458,"relics_obtained":[{"floor":8.0,"key":"Art of War"},{"floor":9.0,"key":"Bag of Marbles"},{"floor":11.0,"key":"Dream Catcher"}],"event_choices":[{"cards_removed":["Strike_G"],"damage_healed":0.0,"max_hp_gain":0.0,"max_hp_loss":0.0,"gold_gain":0.0,"event_name":"Golden Wing","player_choice":"Card Removal","floor":5.0,"gold_loss":0.0,"damage_taken":7.0},{"damage_healed":0.0,"max_hp_gain":0.0,"max_hp_loss":0.0,"gold_gain":0.0,"event_name":"World of Goop","player_choice":"Left Gold","floor":10.0,"gold_loss":74.0,"damage_taken":0.0},{"damage_healed":0.0,"max_hp_gain":0.0,"max_hp_loss":0.0,"gold_gain":0.0,"event_name":"Lab","player_choice":"Got Potions","floor":13.0,"gold_loss":0.0,"damage_taken":0.0},{"damage_healed":13,"gold_gain":0,"player_choice":"Heal","damage_taken":0,"max_hp_gain":0,"max_hp_loss":0,"event_name":"The Library","floor":19,"gold_loss":0},{"damage_healed":0,"gold_gain":0,"player_choice":"Fight","damage_taken":0,"max_hp_gain":0,"max_hp_loss":0,"event_name":"Colosseum","floor":21,"gold_loss":0},{"damage_healed":0,"gold_gain":0,"player_choice":"Fled From Nobs","damage_taken":0,"max_hp_gain":0,"max_hp_loss":0,"event_name":"Colosseum","floor":21,"gold_loss":0},{"damage_healed":0,"gold_gain":0,"player_choice":"Ignored","damage_taken":0,"max_hp_gain":0,"max_hp_loss":0,"event_name":"The Mausoleum","floor":22,"gold_loss":0}],"is_beta":false,"boss_relics":[{"not_picked":["Runic Dome","Busted Crown"],"picked":"Sozu"}],"items_purged_floors":[],"is_endless":false,"potions_floor_spawned":[2,11,16],"killed_by":"Shelled Parasite and Fungi","ascension_level":20}