{"path_per_floor":["M","?","T","$","M","R","E","?","T","M","R","M","M","M","R","B",null,"M","M","$","M","M","R","?","M","T","M","M","?"],"character_chosen":"THE_SILENT","items_purchased":["Noxious Fumes","Backflip","Footwork"],"gold_per_floor":[114,114,140,20,36,36,63,13,13,24,24,35,50,67,67,171,171,185,203,87,99,114,114,114,124,178,191,208,208],"floor_reached":30,"campfire_rested":3,"playtime":2812,"current_hp_per_floor":[69,62,62,62,53,70,52,52,52,51,51,49,47,39,62,49,77,63,53,53,26,17,40,65,2,2,21,12,12],"items_purged":["Defend_G"],"gold":208,"play_id":"99a856f2-1396-4968-8961-f956a02d7645","is_prod":false,"is_daily":false,"is_ascension_mode":false,"campfire_upgraded":1,"path_taken":["M","?","?","$","M","R","E","?","T","?","R","M","M","M","R","BOSS","M","M","$","M","M","R","?","M","T","M","M","?","M"],"build_version":"2018-01-25-PROD3","purchased_purges":1,"victory":false,"master_deck":["Defend_G","Defend_G","Strike_G+1","Strike_G+1","Survivor","Neutralize","Crippling Poison","Noxious Fumes+1","Backflip","Heel Hook","Night Terror","Terror","Footwork","Blur","Distraction","Adrenaline","Outmaneuver+1","Dagger Throw+1","Bullet Time+1","Bouncing Flask+1","Bane+1","Footwork","Backstab+1","Bane+1","Decay"],"max_hp_per_floor":[70,70,70,70,70,70,77,77,77,77,77,77,77,77,77,77,77,77,77,77,77,77,77,77,77,77,77,77,77],"relics":["Lizard Tail","Whetstone","Strawberry","Oddly Smooth Stone","Astrolabe","Tiny Chest"],"card_choices":[{"not_picked":["Bane","Blade Dance"],"picked":"Crippling Poison"},{"not_picked":["Caltrops","Acrobatics"],"picked":"Heel Hook"},{"not_picked":["Backflip","Tools of the Trade"],"picked":"Night Terror"},{"not_picked":["Outmaneuver","Dagger Spray"],"picked":"Terror"},{"not_picked":["Finisher","Terror"],"picked":"Footwork"},{"not_picked":["Flying Knee","Acrobatics"],"picked":"Blur"},{"not_picked":["Backflip","PiercingWail"],"picked":"Distraction"},{"not_picked":["Glass Knife","Tools of the Trade"],"picked":"Adrenaline"},{"not_picked":["Blade Dance","Quick Slash"],"picked":"Bouncing Flask"},{"not_picked":["Prepared","Deadly Poison"],"picked":"Bane"},{"not_picked":["Dagger Throw","Slice"],"picked":"Backstab"},{"not_picked":["Deadly Poison","After Image"],"picked":"Bane"}],"player_experience":45513,"potions_floor_usage":[14,14,16,25,30],"damage_taken":[{"damage":1,"enemies":"Cultist","floor":1,"turns":4},{"damage":9,"enemies":"Blue Slaver","floor":5,"turns":4},{"damage":25,"enemies":"3 Sentries","floor":7,"turns":8},{"damage":1,"enemies":"Jaw Worm","floor":10,"turns":5},{"damage":2,"enemies":"Looter","floor":12,"turns":4},{"damage":2,"enemies":"Large Slime","floor":13,"turns":6},{"damage":23,"enemies":"Gremlin Gang","floor":14,"turns":7},{"damage":13,"enemies":"Hexaghost","floor":16,"turns":10},{"damage":14,"enemies":"Spheric Guardian","floor":18,"turns":4},{"damage":10,"enemies":"3 Byrds","floor":19,"turns":5},{"damage":27,"enemies":"Snake Plant","floor":21,"turns":5},{"damage":9,"enemies":"Sentry and Sphere","floor":22,"turns":7},{"damage":78,"enemies":"3 Cultists","floor":25,"turns":10},{"damage":20,"enemies":"Centurion and Healer","floor":27,"turns":7},{"damage":9,"enemies":"Snake Plant","floor":28,"turns":4},{"damage":14,"enemies":"3 Cultists","floor":30,"turns":3}],"event_choices":[{"event_name":"Golden Wing","player_choice":"Card Removal","floor":2,"damage_taken":0},{"event_name":"The Cleric","player_choice":"Card Removal","floor":8,"damage_taken":0},{"event_name":"The Library","player_choice":"Heal","floor":24,"damage_taken":0},{"event_name":"Forgotten Altar","player_choice":"Smashed Altar","floor":29,"damage_taken":0}],"boss_relics":[{"not_picked":["Eternal Feather","Philosopher\u0027s Stone"],"picked":"Astrolabe"}],"potions_floor_spawned":[5,10,13,22,27],"seed_played":"-572717620367423548","killed_by":"3 Cultists","ascension_level":0,"is_trial":false}