{"gold_per_floor":[117,117,17,27,27,56,73,85,85,85,85,99,99,99,99,203,203,215,185,6,17,17,17,17],"floor_reached":24,"playtime":783,"items_purged":["Defend_R","Defend_R"],"score":312,"play_id":"d6940aa9-f7d4-4e59-b69d-65544ea8a36d","local_time":"20181212214934","is_ascension_mode":true,"campfire_choices":[{"floor":11.0,"key":"RECALL"},{"data":"Armaments","floor":13.0,"key":"SMITH"},{"data":"Flex","floor":15.0,"key":"SMITH"},{"floor":23,"key":"REST"}],"neow_cost":"NONE","seed_source_timestamp":977218065405785,"circlet_count":0,"master_deck":["Strike_R","Strike_R","Strike_R","Strike_R","Strike_R","Defend_R","Bash+1","Armaments+1","Perfected Strike","Flex+1","Shrug It Off","Second Wind","Iron Wave+1","Demon Form","Metallicize+1","Heavy Blade+1","Rampage+1"],"special_seed":0,"relics":["Burning Blood","NeowsBlessing","Pear","Molten Egg 2","Runic Cube","Self Forming Clay"],"potions_floor_usage":[],"damage_taken":[{"damage":0.0,"enemies":"Small Slimes","floor":1.0,"turns":1.0},{"damage":0.0,"enemies":"Cultist","floor":4.0,"turns":1.0},{"damage":0.0,"enemies":"Lagavulin","floor":6.0,"turns":1.0},{"damage":0.0,"enemies":"2 Louse","floor":7.0,"turns":2.0},{"damage":9.0,"enemies":"Exordium Thugs","floor":8.0,"turns":4.0},{"damage":43.0,"enemies":"Large Slime","floor":12.0,"turns":10.0},{"damage":0.0,"enemies":"Slime Boss","floor":16.0,"turns":7.0},{"damage":23.0,"enemies":"Spheric Guardian","floor":18.0,"turns":5.0},{"damage":25.0,"enemies":"2 Thieves","floor":19.0,"turns":5.0},{"damage":30,"enemies":"Sentry and Sphere","floor":21,"turns":5},{"damage":68,"enemies":"Gremlin Leader","floor":24,"turns":8}],"seed_played":"2099259642358194714","potions_obtained":[{"floor":7.0,"key":"Strength Potion"},{"floor":16.0,"key":"BloodPotion"},{"floor":19.0,"key":"SteroidPotion"}],"is_trial":false,"path_per_floor":["M","?","$","M","$","E","M","M","T","?","R","M","R","?","R","B",null,"M","M","$","M","?","R","E"],"character_chosen":"IRONCLAD","items_purchased":["Armaments","Rampage+1"],"campfire_rested":1,"item_purchase_floors":[3,20],"current_hp_per_floor":[80,90,90,90,90,90,90,87,87,87,87,50,50,50,50,56,90,73,63,63,39,39,66,0],"gold":17,"neow_bonus":"THREE_ENEMY_KILL","is_prod":false,"is_daily":false,"chose_seed":false,"campfire_upgraded":2,"win_rate":0,"timestamp":1544669374,"path_taken":["M","?","$","M","?","E","M","M","T","?","R","?","R","?","R","BOSS","M","M","$","M","?","R","E"],"build_version":"2018-12-06","purchased_purges":2,"victory":false,"max_hp_per_floor":[80,90,90,90,90,90,90,90,90,90,90,90,90,90,90,90,90,90,90,90,90,90,90,90],"card_choices":[{"not_picked":["Body Slam","Cleave"],"picked":"Headbutt","floor":1.0},{"not_picked":["True Grit","Shrug It Off"],"picked":"Perfected Strike","floor":4.0},{"not_picked":["Shockwave","Carnage","Exhume"],"picked":"SKIP","floor":6.0},{"not_picked":["Disarm","Heavy Blade+1"],"picked":"Flex","floor":7.0},{"not_picked":["Havoc","Dual Wield"],"picked":"Shrug It Off","floor":8.0},{"not_picked":["Wild Strike+1","Intimidate"],"picked":"Iron Wave+1","floor":12.0},{"not_picked":["Feed+1","Dark Embrace"],"picked":"Demon Form","floor":16.0},{"not_picked":["Pommel Strike+1","Headbutt+1"],"picked":"Metallicize+1","floor":18.0},{"not_picked":["Shrug It Off","Clash+1"],"picked":"Heavy Blade+1","floor":19.0},{"not_picked":["Warcry+1","Corruption","Wild Strike+1"],"picked":"SKIP","floor":21}],"player_experience":499880,"relics_obtained":[{"floor":6.0,"key":"Molten Egg 2"}],"event_choices":[{"cards_removed":["Headbutt"],"damage_healed":0.0,"max_hp_gain":0.0,"max_hp_loss":0.0,"gold_gain":0.0,"event_name":"WeMeetAgain","player_choice":"Gave Card","floor":2.0,"gold_loss":0.0,"damage_taken":0.0,"relics_obtained":["Pear"]},{"damage_healed":0.0,"max_hp_gain":0.0,"max_hp_loss":0.0,"gold_gain":0.0,"cards_transformed":["Defend_R"],"event_name":"Transmorgrifier","player_choice":"Transformed","floor":10.0,"gold_loss":0.0,"damage_taken":0.0,"cards_obtained":["Second Wind"]},{"damage_healed":0.0,"max_hp_gain":0.0,"max_hp_loss":0.0,"gold_gain":0.0,"event_name":"Living Wall","player_choice":"Grow","floor":14.0,"gold_loss":0.0,"damage_taken":0.0,"cards_upgraded":["Bash"]},{"damage_healed":0,"gold_gain":0,"player_choice":"Opened","damage_taken":0,"relics_obtained":["Self Forming Clay"],"max_hp_gain":0,"max_hp_loss":0,"event_name":"The Mausoleum","floor":22,"gold_loss":0}],"is_beta":false,"boss_relics":[{"not_picked":["Lizard Tail","White Beast Statue"],"picked":"Runic Cube"}],"items_purged_floors":[3,20],"is_endless":false,"potions_floor_spawned":[7,16,19],"killed_by":"Gremlin Leader","ascension_level":3}