{"gold_per_floor":[119,137,137,156,174,204,266,94,94,123,140,140,159,173,173,277,277,293,293,304,316,32,62,62,74,98,98,110,110,122,122,122,217,217,230,230,243,256,311,311,328,328,351,351,370,388,405,419,419,419],"floor_reached":51,"playtime":3145,"items_purged":["Strike_G"],"score":762,"play_id":"5450239d-da76-44fe-bc5c-59dc906eafed","local_time":"20180707142413","is_ascension_mode":false,"campfire_choices":[{"data":"Noxious Fumes","floor":12,"key":"SMITH"},{"data":"Bouncing Flask","floor":15,"key":"SMITH"},{"data":"Footwork","floor":24,"key":"SMITH"},{"data":"Deadly Poison","floor":27,"key":"SMITH"},{"data":"Backflip","floor":32,"key":"SMITH"},{"data":"Footwork","floor":40,"key":"SMITH"},{"data":"Backflip","floor":42,"key":"SMITH"},{"data":"Catalyst","floor":49,"key":"SMITH"}],"neow_cost":"NONE","seed_source_timestamp":5883211374979752,"circlet_count":0,"master_deck":["Defend_G","Defend_G+1","Defend_G","Defend_G","Defend_G+1","Strike_G","Survivor","Neutralize","Heel Hook+1","Flying Knee","Sucker Punch","Backflip","Poisoned Stab+1","Dodge and Roll","Noxious Fumes+1","Footwork+1","Reflex","Bouncing Flask+1","Tools of the Trade","Adrenaline+1","Calculated Gamble+1","Deflect+1","Catalyst+1","Deadly Poison+1","Backflip+1","Riddle With Holes+1","Quick Slash","Footwork+1","Backflip+1","Decay","Tools of the Trade","Well Laid Plans+1","Bandage Up","Quick Slash","Terror","Well Laid Plans","Poisoned Stab+1","Catalyst+1","Bouncing Flask","Poisoned Stab+1"],"relics":["Coffee Dripper","War Paint","Mango","Strawberry","Orichalcum","Ornamental Fan","Bronze Scales","Astrolabe","FaceOfCleric","TwistedFunnel","Bag of Marbles","Whetstone","Philosopher\u0027s Stone","Bird Faced Urn","Regal Pillow","Pen Nib"],"potions_floor_usage":[],"damage_taken":[{"damage":0,"enemies":"2 Louse","floor":1,"turns":4},{"damage":0,"enemies":"Small Slimes","floor":2,"turns":4},{"damage":2,"enemies":"Jaw Worm","floor":4,"turns":5},{"damage":0,"enemies":"Looter","floor":5,"turns":3},{"damage":3,"enemies":"3 Sentries","floor":6,"turns":11},{"damage":29,"enemies":"Lagavulin Event","floor":7,"turns":8},{"damage":17,"enemies":"Lagavulin","floor":10,"turns":9},{"damage":3,"enemies":"Exordium Wildlife","floor":11,"turns":5},{"damage":0,"enemies":"Blue Slaver","floor":13,"turns":4},{"damage":15,"enemies":"Gremlin Gang","floor":14,"turns":4},{"damage":6,"enemies":"Hexaghost","floor":16,"turns":6},{"damage":16,"enemies":"2 Thieves","floor":18,"turns":4},{"damage":4,"enemies":"Chosen","floor":20,"turns":4},{"damage":31,"enemies":"3 Cultists","floor":21,"turns":6},{"damage":28,"enemies":"Slavers","floor":23,"turns":5},{"damage":2,"enemies":"Centurion and Healer","floor":25,"turns":5},{"damage":0,"enemies":"Cultist and Chosen","floor":28,"turns":4},{"damage":0,"enemies":"Snecko","floor":30,"turns":4},{"damage":20,"enemies":"Automaton","floor":33,"turns":11},{"damage":0,"enemies":"3 Shapes","floor":35,"turns":5},{"damage":27,"enemies":"3 Darklings","floor":37,"turns":6},{"damage":18,"enemies":"Sphere and 2 Shapes","floor":38,"turns":5},{"damage":5,"floor":39,"turns":6},{"damage":27,"enemies":"4 Shapes","floor":41,"turns":5},{"damage":34,"enemies":"3 Darklings","floor":45,"turns":5},{"damage":0,"enemies":"Sphere and 2 Shapes","floor":46,"turns":5},{"damage":13,"enemies":"Maw","floor":47,"turns":5},{"damage":17,"enemies":"4 Shapes","floor":48,"turns":4},{"damage":41,"enemies":"Time Eater","floor":50,"turns":5}],"seed_played":"2427375533762289187","potions_obtained":[{"floor":1,"key":"SkillPotion"},{"floor":2,"key":"Dexterity Potion"},{"floor":4,"key":"Block Potion"}],"is_trial":false,"path_per_floor":["M","M","?","M","M","E","?","$","T","E","M","R","M","M","R","B",null,"M","?","M","M","$","E","R","M","T","R","M","?","M","?","R","B",null,"M","?","M","M","?","R","M","R","T","T","M","M","M","M","R","B"],"character_chosen":"THE_SILENT","items_purchased":["Orichalcum","Dodge and Roll","TwistedFunnel"],"campfire_rested":0,"item_purchase_floors":[8,8,22],"current_hp_per_floor":[70,70,58,56,56,67,45,45,45,28,25,25,25,10,10,4,91,75,75,72,42,42,15,15,14,14,14,15,47,48,48,48,29,98,99,99,77,64,64,64,56,56,56,56,39,58,62,60,60,32],"gold":419,"neow_bonus":"BOSS_RELIC","is_prod":false,"is_daily":false,"chose_seed":false,"campfire_upgraded":8,"win_rate":0.0,"timestamp":1530987853,"path_taken":["M","M","?","M","M","E","?","$","T","E","M","R","M","M","R","BOSS","M","?","M","M","$","E","R","M","T","R","?","?","M","?","R","BOSS","M","?","M","M","?","R","M","R","T","?","M","M","M","M","R","BOSS"],"build_version":"2018-07-05","purchased_purges":1,"victory":true,"max_hp_per_floor":[70,70,70,70,70,84,91,91,91,91,91,91,91,91,91,91,91,91,91,92,93,93,94,94,95,95,95,96,96,97,97,97,98,98,99,99,100,101,102,102,103,103,103,103,104,105,106,107,107,108],"card_choices":[{"not_picked":["Endless Agony","Blur"],"picked":"Heel Hook","floor":1},{"not_picked":["Dagger Throw","Acrobatics"],"picked":"Flying Knee","floor":2},{"not_picked":["Slice","Dagger Spray"],"picked":"Sucker Punch","floor":4},{"not_picked":["Blur","Riddle With Holes"],"picked":"Backflip","floor":5},{"not_picked":["Blade Dance","Blur"],"picked":"Poisoned Stab","floor":6},{"not_picked":["Deadly Poison","Tactician"],"picked":"Noxious Fumes","floor":10},{"not_picked":["Dagger Throw","Prepared"],"picked":"Footwork","floor":11},{"not_picked":["Caltrops","Deflect"],"picked":"Reflex","floor":13},{"not_picked":["Poisoned Stab","Blade Dance"],"picked":"Bouncing Flask","floor":14},{"not_picked":["Tactician","Night Terror"],"picked":"Tools of the Trade","floor":16},{"not_picked":["Sucker Punch","Quick Slash"],"picked":"Catalyst+1","floor":18},{"not_picked":["Prepared","Backflip"],"picked":"Deadly Poison","floor":20},{"not_picked":["Heel Hook","Endless Agony"],"picked":"Backflip","floor":21},{"not_picked":["Dagger Spray","Predator"],"picked":"Riddle With Holes+1","floor":23},{"not_picked":["Dagger Spray","Prepared"],"picked":"Quick Slash","floor":25},{"not_picked":["Glass Knife","Flying Knee+1"],"picked":"Footwork","floor":28},{"not_picked":["Underhanded Strike","Predator"],"picked":"Backflip","floor":30},{"not_picked":["A Thousand Cuts","Bullet Time"],"picked":"Tools of the Trade","floor":33},{"not_picked":["Outmaneuver","Acrobatics+1"],"picked":"Well Laid Plans+1","floor":35},{"not_picked":["Flash of Steel","Good Instincts"],"picked":"Bandage Up","floor":36},{"not_picked":["Outmaneuver","Heel Hook"],"picked":"Quick Slash","floor":37},{"not_picked":["Infinite Blades","Underhanded Strike+1"],"picked":"Terror","floor":38},{"not_picked":["Bane+1","Infinite Blades"],"picked":"Well Laid Plans","floor":39},{"not_picked":["Dodge and Roll","Calculated Gamble+1"],"picked":"Poisoned Stab+1","floor":41},{"not_picked":["Dagger Throw+1","Prepared"],"picked":"Catalyst","floor":45},{"not_picked":["Deflect","Masterful Stab","Dagger Spray"],"picked":"SKIP","floor":46},{"not_picked":["Deadly Poison+1","Acrobatics+1"],"picked":"Bouncing Flask","floor":47},{"not_picked":["Unload","Sucker Punch"],"picked":"Poisoned Stab+1","floor":48}],"player_experience":83099,"relics_obtained":[{"floor":6,"key":"Mango"},{"floor":7,"key":"Strawberry"},{"floor":9,"key":"Ornamental Fan"},{"floor":10,"key":"Bronze Scales"},{"floor":23,"key":"Bag of Marbles"},{"floor":26,"key":"Whetstone"},{"floor":39,"key":"Bird Faced Urn"},{"floor":43,"key":"Regal Pillow"},{"floor":44,"key":"Pen Nib"}],"event_choices":[{"event_name":"Scrap Ooze","player_choice":"success","floor":3,"damage_taken":12},{"event_name":"Dead Adventurer","player_choice":"Searched \u00271\u0027 times","floor":7,"damage_taken":0},{"event_name":"FaceTrader","player_choice":"Trade","floor":19,"damage_taken":0},{"event_name":"The Library","player_choice":"Heal","floor":29,"damage_taken":0},{"event_name":"Wheel of Change","player_choice":"Curse","floor":31,"damage_taken":0},{"event_name":"SensoryStone","player_choice":"Memory 1","floor":36,"damage_taken":0},{"event_name":"Mysterious Sphere","player_choice":"Fight","floor":39,"damage_taken":0}],"boss_relics":[{"not_picked":["Lizard Tail","Runic Pyramid"],"picked":"Astrolabe"},{"not_picked":["Velvet Choker","Snecko Eye"],"picked":"Philosopher\u0027s Stone"}],"items_purged_floors":[22],"is_endless":false,"potions_floor_spawned":[1,2,4,7,11,13,18,20,21,28,30,35,41,47],"ascension_level":0}