{"gold_per_floor":[114,12,31,51,51,86,86,161,188,224,251,79,113,32,32,121,121,139,54,54,54,68,68],"floor_reached":23,"playtime":554,"items_purged":[],"score":410,"play_id":"febd0871-020b-47ec-b24b-97d38725772f","local_time":"20190703052337","is_ascension_mode":true,"campfire_choices":[{"data":"Streamline","floor":7,"key":"SMITH"},{"floor":15,"key":"REST"}],"neow_cost":"NONE","seed_source_timestamp":1656647313181200,"circlet_count":0,"master_deck":["AscendersBane","Strike_B","Strike_B","Defend_B","Defend_B","Defend_B","Defend_B","Zap","Dualcast","Streamline+1","Gash","Beam Cell","Beam Cell","Ball Lightning","Conserve Battery","Electrodynamics","Defragment","FTL","Machine Learning","Doom and Gloom","Hyperbeam"],"relics":["Cracked Core","NeowsBlessing","Golden Idol","Ancient Tea Set","Blood Vial","Dodecahedron","DataDisk","Orichalcum","Singing Bowl","Cursed Key","Happy Flower"],"potions_floor_usage":[6,13,23],"damage_taken":[{"damage":0,"enemies":"Cultist","floor":1,"turns":1},{"damage":0,"enemies":"Small Slimes","floor":3,"turns":1},{"damage":0,"enemies":"Jaw Worm","floor":4,"turns":1},{"damage":15,"enemies":"Lagavulin","floor":6,"turns":5},{"damage":11,"enemies":"Gremlin Nob","floor":10,"turns":3},{"damage":12,"enemies":"3 Sentries","floor":13,"turns":4},{"damage":38,"enemies":"The Guardian","floor":16,"turns":8},{"damage":12,"enemies":"Chosen","floor":18,"turns":4},{"damage":14,"enemies":"3 Byrds","floor":22,"turns":4},{"damage":41,"enemies":"Book of Stabbing","floor":23,"turns":4}],"seed_played":"-7022208211437978350","potions_obtained":[{"floor":1,"key":"Fire Potion"},{"floor":10,"key":"EntropicBrew"}],"is_trial":false,"path_per_floor":["M","$","M","M","?","E","R","?","T","E","T","$","E","$","R","B",null,"M","?","$","?","M","E"],"character_chosen":"DEFECT","items_purchased":["Gash","Beam Cell","Orichalcum","FTL"],"campfire_rested":1,"item_purchase_floors":[2,2,12,14],"current_hp_per_floor":[64,64,64,64,64,49,49,49,49,40,40,40,30,30,49,13,51,43,43,43,43,33,0],"gold":68,"neow_bonus":"THREE_ENEMY_KILL","is_prod":false,"is_daily":false,"chose_seed":false,"campfire_upgraded":1,"win_rate":0,"timestamp":1562156617,"path_taken":["M","$","?","M","?","E","R","?","T","E","?","$","E","$","R","BOSS","M","?","$","?","M","E"],"build_version":"2019-07-01","purchased_purges":0,"victory":false,"max_hp_per_floor":[71,71,71,71,64,64,64,64,64,64,64,64,64,64,64,64,64,66,66,66,66,68,68],"card_choices":[{"not_picked":["Undo","Self Repair"],"picked":"Streamline","floor":1},{"not_picked":["Leap","Hologram"],"picked":"Beam Cell","floor":3},{"not_picked":["Compile Driver","Streamline"],"picked":"Ball Lightning","floor":4},{"not_picked":["Hologram","Chaos"],"picked":"Conserve Battery","floor":6},{"not_picked":["Stack","Compile Driver"],"picked":"Electrodynamics","floor":10},{"not_picked":["Coolheaded","Reinforced Body"],"picked":"Defragment","floor":13},{"not_picked":["Hyperbeam","Rainbow"],"picked":"Machine Learning","floor":16},{"not_picked":["Go for the Eyes","Leap","Double Energy"],"picked":"Singing Bowl","floor":18},{"not_picked":["Barrage+1","Compile Driver","Beam Cell"],"picked":"Singing Bowl","floor":22}],"player_experience":1231288,"relics_obtained":[{"floor":6,"key":"Ancient Tea Set"},{"floor":9,"key":"Blood Vial"},{"floor":10,"key":"Dodecahedron"},{"floor":11,"key":"DataDisk"},{"floor":13,"key":"Singing Bowl"}],"event_choices":[{"damage_healed":0,"gold_gain":0,"player_choice":"Lose Max HP","damage_taken":0,"relics_obtained":["Golden Idol"],"max_hp_gain":0,"max_hp_loss":7,"event_name":"Golden Idol","floor":5,"gold_loss":0},{"damage_healed":0,"gold_gain":75,"player_choice":"Gained Gold","damage_taken":0,"max_hp_gain":0,"max_hp_loss":0,"event_name":"Golden Wing","floor":8,"gold_loss":0},{"damage_healed":0,"gold_gain":0,"player_choice":"Obtained Relic","damage_taken":0,"relics_obtained":["Happy Flower"],"max_hp_gain":0,"max_hp_loss":0,"event_name":"Addict","floor":19,"gold_loss":85},{"damage_healed":0,"gold_gain":0,"cards_transformed":["Strike_B","Strike_B"],"player_choice":"Became Test Subject","damage_taken":0,"max_hp_gain":0,"max_hp_loss":0,"event_name":"Drug Dealer","floor":21,"gold_loss":0,"cards_obtained":["Doom and Gloom","Hyperbeam"]}],"is_beta":false,"boss_relics":[{"not_picked":["Fusion Hammer","Runic Dome"],"picked":"Cursed Key"}],"items_purged_floors":[],"is_endless":false,"potions_floor_spawned":[1,10,13,22],"killed_by":"Book of Stabbing","ascension_level":20}