{"gold_per_floor":[110,128,128,148,148,148,165,182,182,182,212,212,162,180,180,282,282,301,301,312,322,340,340,356,356,356,281,281],"floor_reached":28,"playtime":928,"items_purged":[],"score":322,"play_id":"ecd335dd-71ad-446c-8da0-755a03fc701d","local_time":"20190710190219","is_ascension_mode":true,"campfire_choices":[{"data":"Body Slam","floor":6,"key":"SMITH"},{"data":"True Grit","floor":12,"key":"SMITH"},{"data":"Spot Weakness","floor":15,"key":"SMITH"},{"floor":23,"key":"REST"},{"floor":25,"key":"REST"}],"neow_cost":"NONE","seed_source_timestamp":14799757630767,"circlet_count":0,"master_deck":["Strike_R","Strike_R","Defend_R","Defend_R","Defend_R","Defend_R","Bash","Pommel Strike","Body Slam+1","Cleave","True Grit+1","Iron Wave+1","Spot Weakness+1","Juggernaut","Body Slam+1"],"relics":["Burning Blood","Mummified Hand","Shuriken","Bottled Flame","Velvet Choker","Bag of Marbles"],"potions_floor_usage":[11,18,18,21],"damage_taken":[{"damage":1,"enemies":"Cultist","floor":1,"turns":3},{"damage":4,"enemies":"Jaw Worm","floor":2,"turns":4},{"damage":2,"enemies":"2 Louse","floor":4,"turns":5},{"damage":11,"enemies":"Blue Slaver","floor":7,"turns":4},{"damage":1,"enemies":"3 Louse","floor":8,"turns":3},{"damage":23,"enemies":"3 Sentries","floor":11,"turns":9},{"damage":3,"enemies":"Red Slaver","floor":14,"turns":4},{"damage":34,"enemies":"The Guardian","floor":16,"turns":9},{"damage":8,"enemies":"2 Thieves","floor":18,"turns":3},{"damage":7,"enemies":"3 Byrds","floor":20,"turns":4},{"damage":27,"enemies":"Shelled Parasite and Fungi","floor":21,"turns":5},{"damage":21,"enemies":"Centurion and Healer","floor":22,"turns":6},{"damage":49,"enemies":"Snecko","floor":24,"turns":5},{"damage":38,"enemies":"Cultist and Chosen","floor":28,"turns":4}],"seed_played":"-5069290654164843423","potions_obtained":[{"floor":0,"key":"SneckoOil"},{"floor":0,"key":"Energy Potion"},{"floor":0,"key":"LiquidBronze"},{"floor":2,"key":"GamblersBrew"},{"floor":8,"key":"Block Potion"},{"floor":18,"key":"SkillPotion"}],"is_trial":false,"path_per_floor":["M","M","T","M","?","R","M","M","T","$","E","R","?","M","R","B",null,"M","?","M","M","M","R","M","R","T","?","M"],"character_chosen":"IRONCLAD","items_purchased":[],"campfire_rested":2,"item_purchase_floors":[],"current_hp_per_floor":[77,79,79,80,73,73,68,73,73,73,56,56,56,59,59,31,68,66,66,65,44,29,53,10,34,34,34,0],"gold":281,"neow_bonus":"THREE_SMALL_POTIONS","is_prod":false,"is_daily":false,"chose_seed":false,"campfire_upgraded":3,"win_rate":0,"timestamp":1562756539,"path_taken":["M","M","?","M","?","R","M","M","T","?","E","R","?","?","R","BOSS","M","?","M","?","M","R","M","R","T","?","M"],"build_version":"2019-07-05","purchased_purges":0,"victory":false,"max_hp_per_floor":[80,80,80,80,80,80,80,80,80,80,80,80,80,80,80,80,80,80,80,80,80,80,80,80,80,80,80,80],"card_choices":[{"not_picked":["Intimidate","Rage"],"picked":"Pommel Strike","floor":1},{"not_picked":["Pommel Strike","Searing Blow"],"picked":"Body Slam","floor":2},{"not_picked":["Seeing Red","Disarm"],"picked":"Cleave","floor":4},{"not_picked":["Flex","Body Slam"],"picked":"True Grit","floor":7},{"not_picked":["Fire Breathing","Flex"],"picked":"Iron Wave","floor":8},{"not_picked":["Clash","Carnage"],"picked":"Spot Weakness","floor":11},{"not_picked":["Wild Strike","Hemokinesis","Seeing Red"],"picked":"SKIP","floor":14},{"not_picked":["Exhume","Dark Embrace"],"picked":"Juggernaut","floor":16},{"not_picked":["Iron Wave+1","Blood for Blood","Havoc"],"picked":"SKIP","floor":18},{"not_picked":["Twin Strike","True Grit","Combust"],"picked":"SKIP","floor":20},{"not_picked":["Pommel Strike","Uppercut","True Grit"],"picked":"SKIP","floor":21},{"not_picked":["Offering","Thunderclap+1"],"picked":"Body Slam+1","floor":22},{"not_picked":["Burning Pact","Evolve","Anger"],"picked":"SKIP","floor":24}],"player_experience":1033744,"relics_obtained":[{"floor":3,"key":"Mummified Hand"},{"floor":9,"key":"Shuriken"},{"floor":11,"key":"Bottled Flame"},{"floor":26,"key":"Bag of Marbles"}],"event_choices":[{"cards_removed":["Strike_R"],"damage_healed":0,"gold_gain":0,"player_choice":"Card Removal","damage_taken":7,"max_hp_gain":0,"max_hp_loss":0,"event_name":"Golden Wing","floor":5,"gold_loss":0},{"cards_removed":["Strike_R"],"damage_healed":0,"gold_gain":0,"player_choice":"Card Removal","damage_taken":0,"max_hp_gain":0,"max_hp_loss":0,"event_name":"The Cleric","floor":13,"gold_loss":50},{"damage_healed":0,"gold_gain":0,"player_choice":"Upgraded","damage_taken":0,"max_hp_gain":0,"max_hp_loss":0,"event_name":"Upgrade Shrine","floor":19,"gold_loss":0,"cards_upgraded":["Iron Wave"]},{"cards_removed":["Strike_R"],"damage_healed":0,"gold_gain":0,"player_choice":"Gave Gold","damage_taken":0,"max_hp_gain":0,"max_hp_loss":0,"event_name":"Beggar","floor":27,"gold_loss":75}],"is_beta":false,"boss_relics":[{"not_picked":["Empty Cage","Philosopher\u0027s Stone"],"picked":"Velvet Choker"}],"items_purged_floors":[],"is_endless":false,"potions_floor_spawned":[2,7,8,18],"killed_by":"Cultist and Chosen","ascension_level":9}