{"gold_per_floor":[112,37,56,72,72,97,97,22,22,41,70,90,90,101,101,172,172,186,186,236,62,80,106,106,116,116,116,37,37,37,48,48,127,127],"floor_reached":34,"playtime":1002,"items_purged":["Pain"],"score":839,"play_id":"afc799ac-2261-42e9-bc65-2797291c69f0","local_time":"20190522092317","is_ascension_mode":true,"campfire_choices":[{"data":"Noxious Fumes","floor":7.0,"key":"SMITH"},{"data":"Catalyst","floor":15.0,"key":"SMITH"},{"data":"Adrenaline","floor":27.0,"key":"SMITH"},{"data":"Blind","floor":29.0,"key":"SMITH"},{"floor":32.0,"key":"REST"}],"neow_cost":"NONE","seed_source_timestamp":0,"circlet_count":0,"master_deck":["AscendersBane","Defend_G","Defend_G","Defend_G","Defend_G","Defend_G","Survivor","Neutralize","Dagger Throw","Choke","Corpse Explosion","Dagger Spray","Noxious Fumes+1","Crippling Poison","Catalyst+1","Blade Dance","PiercingWail","Adrenaline+1","Deflect","Bite","Bite","Bite","Bite","Bite","Footwork","Blind+1","Deflect","Tools of the Trade","Footwork","Bouncing Flask","Tools of the Trade"],"special_seed":0,"relics":["Ring of the Snake","PreservedInsect","WarpedTongs","Calipers","Ginger","Nunchaku","Lizard Tail","Matryoshka","Juzu Bracelet","Darkstone Periapt"],"potions_floor_usage":[],"damage_taken":[{"damage":1.0,"enemies":"Cultist","floor":1.0,"turns":5.0},{"damage":0.0,"enemies":"2 Louse","floor":3.0,"turns":3.0},{"damage":7.0,"enemies":"Small Slimes","floor":4.0,"turns":3.0},{"damage":2.0,"enemies":"3 Sentries","floor":6.0,"turns":2.0},{"damage":11.0,"enemies":"Exordium Wildlife","floor":10.0,"turns":4.0},{"damage":8.0,"enemies":"Gremlin Nob","floor":11.0,"turns":3.0},{"damage":0.0,"enemies":"Exordium Thugs","floor":12.0,"turns":2.0},{"damage":0.0,"enemies":"Lots of Slimes","floor":14.0,"turns":1.0},{"damage":9.0,"enemies":"Hexaghost","floor":16.0,"turns":6.0},{"damage":11.0,"enemies":"3 Byrds","floor":18.0,"turns":4.0},{"damage":26.0,"enemies":"Spheric Guardian","floor":22.0,"turns":7.0},{"damage":23.0,"enemies":"Slavers","floor":23.0,"turns":4.0},{"damage":0.0,"enemies":"Snecko","floor":24.0,"turns":1.0},{"damage":16.0,"enemies":"Centurion and Healer","floor":25.0,"turns":5.0},{"damage":18.0,"enemies":"3 Cultists","floor":31.0,"turns":4.0},{"damage":21.0,"enemies":"Champ","floor":33.0,"turns":13.0}],"seed_played":"-1468464202221265214","potions_obtained":[{"floor":3.0,"key":"SteroidPotion"},{"floor":11.0,"key":"Dexterity Potion"},{"floor":12.0,"key":"Ancient Potion"},{"floor":14.0,"key":"SkillPotion"},{"floor":23.0,"key":"SmokeBomb"},{"floor":31.0,"key":"Ancient Potion"},{"floor":33.0,"key":"Dexterity Potion"}],"is_trial":false,"path_per_floor":["M","$","M","M","?","E","R","$","T","M","E","M","?","M","R","B",null,"M","?","?","$","M","E","M","M","T","R","$","R","$","M","R","B",null],"character_chosen":"THE_SILENT","items_purchased":["Choke","Footwork","Blind","Footwork"],"campfire_rested":1,"item_purchase_floors":[2,21,21,28],"current_hp_per_floor":[58,58,58,51,51,49,49,49,49,38,30,30,35,35,35,26,60,49,49,49,49,28,10,10,26,26,26,26,26,26,12,26,10,10],"gold":127,"neow_bonus":"RANDOM_COMMON_RELIC","is_prod":false,"is_daily":false,"chose_seed":false,"campfire_upgraded":4,"win_rate":0,"timestamp":1558513397,"path_taken":["M","$","M","?","?","E","R","$","T","M","E","?","?","M","R","BOSS","M","?","?","$","M","E","M","?","T","R","?","R","$","M","R","BOSS"],"build_version":"2019-01-23","purchased_purges":1,"victory":false,"max_hp_per_floor":[66,66,66,66,66,66,66,66,66,66,66,66,71,71,71,71,71,71,49,49,49,49,49,49,49,49,49,49,49,49,49,49,49,49],"card_choices":[{"not_picked":["Flying Knee","Prepared"],"picked":"Dagger Throw","floor":1.0},{"not_picked":["Blur","Cloak And Dagger"],"picked":"Corpse Explosion","floor":3.0},{"not_picked":["Blade Dance","Leg Sweep"],"picked":"Dagger Spray","floor":4.0},{"not_picked":["Blade Dance","Slice"],"picked":"Noxious Fumes","floor":6.0},{"not_picked":["Poisoned Stab","Skewer"],"picked":"Crippling Poison","floor":10.0},{"not_picked":["Choke","Slice"],"picked":"Catalyst","floor":11.0},{"not_picked":["Leg Sweep","Eviscerate"],"picked":"Blade Dance","floor":12.0},{"not_picked":["Poisoned Stab","Outmaneuver"],"picked":"PiercingWail","floor":14.0},{"not_picked":["Bullet Time","Die Die Die"],"picked":"Adrenaline","floor":16.0},{"not_picked":["Slice","Dagger Spray"],"picked":"Deflect","floor":18.0},{"not_picked":["Poisoned Stab","Distraction"],"picked":"Deflect","floor":22.0},{"not_picked":["Grand Finale","PiercingWail"],"picked":"Tools of the Trade","floor":23.0},{"not_picked":["Acrobatics","Dagger Spray","All Out Attack"],"picked":"SKIP","floor":25.0},{"not_picked":["Dagger Throw","Outmaneuver"],"picked":"Bouncing Flask","floor":31.0},{"not_picked":["Storm of Steel","Envenom"],"picked":"Tools of the Trade","floor":33.0}],"player_experience":1376726,"relics_obtained":[{"floor":6.0,"key":"Calipers"},{"floor":9.0,"key":"Ginger"},{"floor":11.0,"key":"Nunchaku"},{"floor":23.0,"key":"Matryoshka"},{"floor":26.0,"key":"Juzu Bracelet"},{"floor":26.0,"key":"Darkstone Periapt"}],"event_choices":[{"damage_healed":0.0,"max_hp_gain":0.0,"max_hp_loss":0.0,"gold_gain":0.0,"event_name":"Accursed Blacksmith","player_choice":"Rummage","floor":5.0,"gold_loss":0.0,"damage_taken":0.0,"relics_obtained":["WarpedTongs"],"cards_obtained":["Pain"]},{"damage_healed":0.0,"max_hp_gain":5.0,"max_hp_loss":0.0,"gold_gain":0.0,"event_name":"Big Fish","player_choice":"Donut","floor":13.0,"gold_loss":0.0,"damage_taken":0.0},{"damage_healed":0.0,"max_hp_gain":0.0,"max_hp_loss":22.0,"gold_gain":0.0,"event_name":"Vampires","player_choice":"Became a vampire","floor":19.0,"gold_loss":0.0,"damage_taken":0.0,"cards_obtained":["Bite","Bite","Bite","Bite","Bite"]},{"damage_healed":0.0,"max_hp_gain":0.0,"max_hp_loss":0.0,"gold_gain":50.0,"event_name":"Golden Shrine","player_choice":"Pray","floor":20.0,"gold_loss":0.0,"damage_taken":0.0}],"is_beta":false,"boss_relics":[{"not_picked":["Coffee Dripper","Runic Dome"],"picked":"Lizard Tail"}],"items_purged_floors":[8],"is_endless":false,"potions_floor_spawned":[3,11,12,14,23,31,33],"ascension_level":20}