{"gold_per_floor":[119,82,7,23,37,37,37,47,94,94,30,40,4,32,32,32],"floor_reached":16,"playtime":318,"items_purged":[],"score":195,"play_id":"01abed8a-4971-4a3a-b5ae-145718387ef0","local_time":"20190618153754","is_ascension_mode":true,"campfire_choices":[{"data":"Shockwave","floor":6,"key":"SMITH"},{"data":"Bash","floor":10,"key":"SMITH"},{"data":"Armaments","floor":15,"key":"SMITH"}],"neow_cost":"NONE","seed_source_timestamp":4504874893148907,"circlet_count":0,"master_deck":["AscendersBane","Strike_R","Strike_R","Strike_R","Strike_R","Defend_R","Defend_R","Defend_R","Defend_R","Bash+1","Shockwave+1","Uppercut","Whirlwind+1","Perfected Strike","Headbutt+1","Uppercut","Armaments+1"],"relics":["Burning Blood","Omamori","Vajra"],"potions_floor_usage":[8,14,16],"damage_taken":[{"damage":3,"enemies":"Cultist","floor":1,"turns":4},{"damage":2,"enemies":"Jaw Worm","floor":4,"turns":5},{"damage":16,"enemies":"Small Slimes","floor":5,"turns":3},{"damage":9,"enemies":"Gremlin Gang","floor":8,"turns":2},{"damage":9,"enemies":"Blue Slaver","floor":12,"turns":2},{"damage":6,"enemies":"Gremlin Nob","floor":14,"turns":3},{"damage":59,"enemies":"Hexaghost","floor":16,"turns":9}],"seed_played":"-4234944799680961778","potions_obtained":[{"floor":1,"key":"BloodPotion"},{"floor":8,"key":"Dexterity Potion"},{"floor":12,"key":"Fire Potion"},{"floor":14,"key":"Regen Potion"}],"is_trial":false,"path_per_floor":["M","$","?","M","M","R","?","M","T","R","?","M","?","E","R","B"],"character_chosen":"IRONCLAD","items_purchased":["Whirlwind"],"campfire_rested":0,"item_purchase_floors":[2],"current_hp_per_floor":[71,71,71,75,65,65,42,46,46,46,46,43,43,43,43,0],"gold":32,"neow_bonus":"THREE_CARDS","is_prod":false,"is_daily":false,"chose_seed":false,"campfire_upgraded":3,"win_rate":0,"timestamp":1560886674,"path_taken":["M","$","?","M","M","R","?","M","T","R","?","?","?","E","R","BOSS"],"build_version":"2019-01-23","purchased_purges":0,"victory":false,"max_hp_per_floor":[75,75,75,75,75,75,75,75,75,75,75,75,75,75,75,75],"card_choices":[{"not_picked":["Flex","Shrug It Off"],"picked":"Shockwave","floor":0},{"not_picked":["Sword Boomerang","Shrug It Off"],"picked":"Uppercut","floor":1},{"not_picked":["Iron Wave","Second Wind"],"picked":"Perfected Strike","floor":4},{"not_picked":["Hemokinesis","Pommel Strike"],"picked":"Headbutt","floor":5},{"not_picked":["Sentinel","Clash"],"picked":"Uppercut","floor":8},{"not_picked":["Evolve","Clash","Armaments"],"picked":"SKIP","floor":12},{"not_picked":["Pummel","Armaments","Clash"],"picked":"SKIP","floor":14},{"not_picked":["Pummel","Clash"],"picked":"Armaments","floor":14}],"player_experience":755030,"relics_obtained":[{"floor":14,"key":"Vajra"}],"event_choices":[{"cards_removed":["Strike_R"],"damage_healed":0,"gold_gain":0,"player_choice":"Card Removal","damage_taken":0,"max_hp_gain":0,"max_hp_loss":0,"event_name":"The Cleric","floor":3,"gold_loss":75},{"damage_healed":0,"gold_gain":0,"player_choice":"Entered Light","damage_taken":23,"max_hp_gain":0,"max_hp_loss":0,"event_name":"Shining Light","floor":7,"gold_loss":0,"cards_upgraded":["Headbutt","Whirlwind"]},{"damage_healed":0,"gold_gain":0,"player_choice":"Paid Gold","damage_taken":0,"relics_obtained":["Omamori"],"max_hp_gain":0,"max_hp_loss":0,"event_name":"WeMeetAgain","floor":11,"gold_loss":64},{"damage_healed":0,"gold_gain":0,"player_choice":"Left Gold","damage_taken":0,"max_hp_gain":0,"max_hp_loss":0,"event_name":"World of Goop","floor":13,"gold_loss":36}],"is_beta":false,"boss_relics":[],"items_purged_floors":[],"is_endless":false,"potions_floor_spawned":[1,8,12,14],"killed_by":"Hexaghost","ascension_level":19}