{"gold_per_floor":[112,129,79,3,19,19,44,44,99,99,128,140,178,290,302,409,421,404,416,178,195,208,208,208],"floor_reached":24,"playtime":1187,"items_purged":[],"score":297,"play_id":"8e8f05a2-5ef6-49ab-aef9-f6bd23238ace","local_time":"20180720220942","is_ascension_mode":true,"campfire_choices":[{"data":"Capacitor","floor":6.0,"key":"SMITH"},{"floor":8.0,"key":"REST"},{"data":"Coolheaded","floor":10.0,"key":"SMITH"},{"floor":15,"key":"REST"},{"floor":23,"key":"REST"}],"neow_cost":"NONE","seed_source_timestamp":1128329837464537,"circlet_count":0,"master_deck":["Strike_B+1","Strike_B","Strike_B+1","Defend_B+1","Defend_B","Defend_B","Defend_B+1","Zap+1","Dualcast","Capacitor+1","Coolheaded+1","Self Repair","Capacitor","Reinforced Body","Seek","Self Repair+1","Leap"],"special_seed":0,"relics":["Cracked Core","War Paint","Oddly Smooth Stone","MawBank","Symbiotic Virus","Whetstone","Lizard Tail","Mercury Hourglass"],"potions_floor_usage":[24],"damage_taken":[{"damage":1.0,"enemies":"Cultist","floor":1.0,"turns":3.0},{"damage":2.0,"enemies":"Jaw Worm","floor":2.0,"turns":4.0},{"damage":1.0,"enemies":"2 Louse","floor":5.0,"turns":4.0},{"damage":34.0,"enemies":"3 Sentries","floor":7.0,"turns":10.0},{"damage":2.0,"enemies":"Lagavulin","floor":11.0,"turns":10.0},{"damage":5,"enemies":"3 Sentries","floor":13,"turns":8},{"damage":26,"enemies":"The Guardian","floor":16,"turns":11},{"damage":16,"enemies":"2 Thieves","floor":18,"turns":5},{"damage":10,"enemies":"3 Byrds","floor":21,"turns":5},{"damage":7,"enemies":"Snecko","floor":22,"turns":5},{"damage":132,"enemies":"Gremlin Leader","floor":24,"turns":8}],"seed_played":"-221285316819959857","potions_obtained":[{"floor":1.0,"key":"Poison Potion"},{"floor":5.0,"key":"SkillPotion"},{"floor":7.0,"key":"Ancient Potion"},{"floor":21,"key":"Dexterity Potion"}],"is_trial":false,"path_per_floor":["M","M","?","$","M","R","E","R","T","R","E","?","E","?","R","B",null,"M","?","$","M","M","R"],"character_chosen":"DEFECT","items_purchased":["Self Repair","Mercury Hourglass"],"campfire_rested":3,"item_purchase_floors":[4,20],"current_hp_per_floor":[67,65,65,65,71,71,44,66,66,66,71,46,48,48,70,51,69,53,46,46,43,53,75,0],"gold":208,"neow_bonus":"UPGRADE_CARD","is_prod":false,"is_daily":false,"chose_seed":false,"campfire_upgraded":2,"win_rate":0,"timestamp":1532138982,"path_taken":["M","M","?","$","M","R","E","R","T","R","E","?","E","?","R","BOSS","M","?","$","?","M","R","E"],"build_version":"2018-07-19v2","purchased_purges":0,"victory":false,"max_hp_per_floor":[75,75,75,75,75,75,75,75,75,75,75,75,75,75,75,75,75,75,75,75,75,75,75,75],"card_choices":[{"not_picked":["Storm","Gash"],"picked":"Capacitor","floor":1.0},{"not_picked":["Barrage","Sweeping Beam"],"picked":"Coolheaded","floor":2.0},{"not_picked":["Steam Power","Blizzard"],"picked":"Capacitor","floor":5.0},{"not_picked":["Chill","Sweeping Beam","Meteor Strike"],"picked":"SKIP","floor":7.0},{"not_picked":["White Noise","Darkness"],"picked":"Reinforced Body","floor":11.0},{"not_picked":["Static Discharge","Self Repair","Rebound"],"picked":"SKIP","floor":13},{"not_picked":["Fission","Multi-Cast"],"picked":"Seek","floor":16},{"not_picked":["Blizzard+1","Steam+1","Redo"],"picked":"SKIP","floor":18},{"not_picked":["Hologram+1","Barrage"],"picked":"Self Repair+1","floor":21},{"not_picked":["Blizzard+1","Skim+1"],"picked":"Leap","floor":22}],"player_experience":141743,"relics_obtained":[{"floor":7.0,"key":"War Paint"},{"floor":9.0,"key":"Oddly Smooth Stone"},{"floor":11.0,"key":"MawBank"},{"floor":13,"key":"Whetstone"}],"event_choices":[{"event_name":"The Cleric","player_choice":"Card Removal","floor":3.0,"damage_taken":0.0},{"event_name":"Scrap Ooze","player_choice":"success","floor":12.0,"damage_taken":25.0},{"event_name":"Golden Shrine","player_choice":"Pray","floor":14,"damage_taken":0},{"event_name":"Knowing Skull","player_choice":"","floor":19,"damage_taken":0}],"is_beta":false,"boss_relics":[{"not_picked":["White Beast Statue","Coffee Dripper"],"picked":"Lizard Tail"}],"items_purged_floors":[],"is_endless":false,"potions_floor_spawned":[1,5,7,21,22],"killed_by":"Gremlin Leader","ascension_level":8}