{"gold_per_floor":[167,186,40,40,52,83,100,125,151,230,250,283,298,308,308,405,405,390,147,147,162,162,162,191,191,273,305,325,357,194,207,207,302,302,321,321,335,7,17,17,17,46,70,70,82,101,101,22,22,22],"floor_reached":50,"playtime":2294,"items_purged":["Strike_G+1","Strike_G+1"],"score":833,"play_id":"7336f207-6aa1-412a-8866-e1766cec6c99","local_time":"20180810202119","is_ascension_mode":true,"campfire_choices":[{"floor":15.0,"key":"REST"},{"data":"Accuracy","floor":23.0,"key":"SMITH"},{"data":"After Image","floor":25.0,"key":"SMITH"},{"floor":32.0,"key":"REST"},{"floor":40.0,"key":"REST"},{"data":"Noxious Fumes","floor":44.0,"key":"SMITH"},{"data":"Caltrops","floor":47,"key":"SMITH"},{"data":"Accuracy","floor":49,"key":"SMITH"}],"neow_cost":"NONE","seed_source_timestamp":2934549441785501,"circlet_count":0,"master_deck":["Defend_G+1","Defend_G+1","Defend_G+1","Defend_G+1","Defend_G+1","Strike_G+1","Strike_G+1","Strike_G+1","Survivor","Neutralize+1","Deadly Poison","Cloak And Dagger","Predator","Flying Knee","Cloak And Dagger","Backflip","Noxious Fumes+1","PiercingWail","Quick Slash","Adrenaline","Accuracy+1","After Image+1","Writhe","Accuracy+1","Well Laid Plans","Caltrops","Blade Dance","Quick Slash","Quick Slash","Adrenaline","Catalyst+1","Crippling Poison","Backflip+1","Infinite Blades","Caltrops+1","Normality","Cloak And Dagger","Envenom"],"special_seed":0,"relics":["Tiny House","Vajra","Mummified Hand","Art of War","Oddly Smooth Stone","Tiny Chest","Bag of Marbles","Cursed Key","Ninja Scroll","Blood Vial","Darkstone Periapt","Question Card","Dream Catcher","WristBlade","Snake Skull","Happy Flower","Bag of Preparation"],"potions_floor_usage":[50],"damage_taken":[{"damage":0.0,"enemies":"2 Louse","floor":1.0,"turns":3.0},{"damage":1.0,"enemies":"Jaw Worm","floor":2.0,"turns":4.0},{"damage":0.0,"enemies":"Small Slimes","floor":5.0,"turns":2.0},{"damage":7.0,"enemies":"Gremlin Nob","floor":6.0,"turns":3.0},{"damage":0.0,"enemies":"Gremlin Gang","floor":7.0,"turns":5.0},{"damage":24.0,"enemies":"3 Sentries","floor":8.0,"turns":10.0},{"damage":16.0,"enemies":"3 Louse","floor":11.0,"turns":3.0},{"damage":0.0,"enemies":"Gremlin Nob","floor":12.0,"turns":2.0},{"damage":9.0,"enemies":"Large Slime","floor":13.0,"turns":5.0},{"damage":0.0,"enemies":"Exordium Thugs","floor":14.0,"turns":5.0},{"damage":20.0,"enemies":"The Guardian","floor":16.0,"turns":10.0},{"damage":4.0,"enemies":"2 Thieves","floor":18.0,"turns":4.0},{"damage":0.0,"enemies":"Shell Parasite","floor":21.0,"turns":3.0},{"damage":0.0,"enemies":"Slavers","floor":24.0,"turns":6.0},{"damage":3.0,"enemies":"Book of Stabbing","floor":27.0,"turns":5.0},{"damage":0.0,"enemies":"Snake Plant","floor":28.0,"turns":4.0},{"damage":26.0,"enemies":"Gremlin Leader","floor":29.0,"turns":7.0},{"damage":12.0,"enemies":"Snecko","floor":31.0,"turns":5.0},{"damage":48.0,"enemies":"Collector","floor":33.0,"turns":11.0},{"damage":0.0,"enemies":"Flame Bruiser 1 Orb","floor":35.0,"turns":6.0},{"damage":7.0,"enemies":"3 Shapes","floor":37.0,"turns":3.0},{"damage":7.0,"enemies":"Flame Bruiser 2 Orb","floor":39.0,"turns":6.0},{"damage":17.0,"enemies":"Nemesis","floor":42.0,"turns":5.0},{"damage":11,"enemies":"Spire Growth","floor":45,"turns":4},{"damage":2,"enemies":"Sphere and 2 Shapes","floor":46,"turns":4},{"damage":63,"enemies":"Time Eater","floor":50,"turns":10}],"seed_played":"-4027017075949044024","potions_obtained":[{"floor":0.0,"key":"Fruit Juice"},{"floor":1.0,"key":"AttackPotion"},{"floor":7.0,"key":"FearPotion"},{"floor":8.0,"key":"AttackPotion"},{"floor":12.0,"key":"SkillPotion"},{"floor":14.0,"key":"FearPotion"},{"floor":16.0,"key":"SpeedPotion"},{"floor":37.0,"key":"Weak Potion"},{"floor":39.0,"key":"AttackPotion"},{"floor":45,"key":"GhostInAJar"}],"is_trial":false,"path_per_floor":["M","M","$","?","M","E","M","E","T","T","M","E","M","M","R","B",null,"M","$","?","M","$","R","E","R","T","E","M","E","$","M","R","B",null,"M","?","M","$","M","R","?","E","T","R","M","M","R","$","R"],"character_chosen":"THE_SILENT","items_purchased":["Vajra","Ninja Scroll","Caltrops","Blade Dance","Snake Skull","Crippling Poison","Envenom"],"campfire_rested":3,"item_purchase_floors":[3,19,30,30,38,38,48],"current_hp_per_floor":[73,72,72,72,72,65,65,41,41,41,25,25,16,16,40,20,65,61,61,61,61,61,61,61,61,61,60,62,38,38,28,52,6,62,64,64,59,59,54,78,78,63,69,69,60,60,60,60,60,0],"gold":22,"neow_bonus":"BOSS_RELIC","is_prod":false,"is_daily":false,"chose_seed":false,"campfire_upgraded":5,"win_rate":0,"timestamp":1533946879,"path_taken":["M","M","$","?","M","E","M","E","T","?","M","E","M","M","R","BOSS","M","$","?","M","$","R","E","R","T","E","M","E","$","M","R","BOSS","M","?","M","$","?","R","?","E","T","R","M","M","R","$","R","BOSS"],"build_version":"2018-08-09","purchased_purges":2,"victory":false,"max_hp_per_floor":[80,80,80,80,80,80,80,80,80,80,80,80,80,80,80,80,80,80,80,80,80,80,80,80,80,80,80,80,80,80,80,80,80,80,80,80,80,80,80,80,80,80,86,86,86,86,86,86,86,86],"card_choices":[{"not_picked":["Reflex","Acrobatics"],"picked":"Deadly Poison","floor":0.0},{"not_picked":["Dagger Throw","Blade Dance"],"picked":"Cloak And Dagger","floor":1.0},{"not_picked":["Masterful Stab","Eviscerate"],"picked":"Predator","floor":2.0},{"not_picked":["Catalyst","Calculated Gamble"],"picked":"Flying Knee","floor":5.0},{"not_picked":["Well Laid Plans","Caltrops"],"picked":"Cloak And Dagger","floor":6.0},{"not_picked":["Bane","Distraction"],"picked":"Backflip","floor":7.0},{"not_picked":["Outmaneuver","Phantasmal Killer"],"picked":"Noxious Fumes","floor":8.0},{"not_picked":["Slice","Acrobatics"],"picked":"PiercingWail","floor":11.0},{"not_picked":["Outmaneuver","Masterful Stab"],"picked":"Sucker Punch","floor":12.0},{"not_picked":["Escape Plan","Poisoned Stab","Eviscerate"],"picked":"SKIP","floor":13.0},{"not_picked":["Underhanded Strike","All Out Attack"],"picked":"Quick Slash","floor":14.0},{"not_picked":["Venomology","Glass Knife"],"picked":"Adrenaline","floor":16.0},{"not_picked":["Expertise","Setup","Poisoned Stab"],"picked":"SKIP","floor":18.0},{"not_picked":["All Out Attack+1","Blade Dance+1"],"picked":"Accuracy","floor":21.0},{"not_picked":["Dash","Concentrate"],"picked":"After Image","floor":24.0},{"not_picked":["Dagger Spray","Choke"],"picked":"Accuracy","floor":27.0},{"not_picked":["Outmaneuver","Acrobatics","Heel Hook"],"picked":"Well Laid Plans","floor":28.0},{"not_picked":["Night Terror","Grand Finale","Bane","Escape Plan"],"picked":"SKIP","floor":29.0},{"not_picked":["Flechettes","Dagger Spray","Deadly Poison+1"],"picked":"Quick Slash","floor":31.0},{"not_picked":["Well Laid Plans","Deflect","Dagger Spray"],"picked":"Quick Slash","floor":32.0},{"not_picked":["Storm of Steel","Bullet Time","Wraith Form v2"],"picked":"Adrenaline","floor":33.0},{"not_picked":["Underhanded Strike+1","Dagger Throw+1","Choke+1"],"picked":"Catalyst+1","floor":35.0},{"not_picked":["Acrobatics+1","Eviscerate+1","Tactician","Deflect"],"picked":"SKIP","floor":37.0},{"not_picked":["Quick Slash+1","Acrobatics","Dagger Throw+1"],"picked":"Backflip+1","floor":39.0},{"not_picked":["Die Die Die","Cloak And Dagger","Sucker Punch"],"picked":"Infinite Blades","floor":40.0},{"not_picked":["Quick Slash+1","Poisoned Stab+1","Terror+1"],"picked":"Caltrops","floor":42.0},{"not_picked":["Expertise+1","Underhanded Strike","Dodge and Roll+1"],"picked":"Cloak And Dagger","floor":45},{"not_picked":["Flechettes","Sucker Punch","Prepared+1","Slice+1"],"picked":"SKIP","floor":46}],"player_experience":240913,"relics_obtained":[{"floor":6.0,"key":"Mummified Hand"},{"floor":8.0,"key":"Art of War"},{"floor":9.0,"key":"Oddly Smooth Stone"},{"floor":10.0,"key":"Tiny Chest"},{"floor":12.0,"key":"Bag of Marbles"},{"floor":24.0,"key":"Blood Vial"},{"floor":26.0,"key":"Darkstone Periapt"},{"floor":27.0,"key":"Question Card"},{"floor":29.0,"key":"Dream Catcher"},{"floor":42.0,"key":"Happy Flower"},{"floor":43.0,"key":"Bag of Preparation"}],"event_choices":[{"event_name":"Living Wall","player_choice":"Grow","floor":4.0,"damage_taken":0.0},{"event_name":"Back to Basics","player_choice":"Simplicity","floor":20.0,"damage_taken":0.0},{"event_name":"Tomb of Lord Red Mask","player_choice":"Ignored","floor":36.0,"damage_taken":0.0},{"event_name":"Falling","player_choice":"Removed Attack","floor":41.0,"damage_taken":0.0}],"is_beta":false,"boss_relics":[{"not_picked":["Runic Dome","Calling Bell"],"picked":"Cursed Key"},{"not_picked":["Sozu","Lizard Tail"],"picked":"WristBlade"}],"items_purged_floors":[30,38],"is_endless":false,"potions_floor_spawned":[1,7,8,12,14,16,24,28,37,39,45],"killed_by":"Time Eater","ascension_level":6}