{"gold_per_floor":[109,123,123,140,88,117,117,145,145,145,145,145,171,171,171,171],"floor_reached":16,"playtime":564,"items_purged":[],"score":139,"play_id":"4dc5568a-7d53-488d-bd0e-6ef82ca71263","local_time":"20181213212038","is_ascension_mode":true,"campfire_choices":[{"data":"Armaments","floor":7,"key":"SMITH"},{"floor":10,"key":"REST"},{"floor":15,"key":"RECALL"}],"neow_cost":"NONE","seed_source_timestamp":1062180204908914,"circlet_count":0,"master_deck":["Strike_R","Strike_R","Strike_R","Strike_R","Defend_R","Defend_R","Defend_R+1","Defend_R+1","Bash","Rampage","Armaments+1","Flex","Armaments+1","Dropkick","Rampage"],"relics":["Burning Blood","Gremlin Horn","War Paint","Darkstone Periapt","Sundial"],"potions_floor_usage":[13,16],"damage_taken":[{"damage":6,"enemies":"2 Louse","floor":1,"turns":3},{"damage":7,"enemies":"Jaw Worm","floor":2,"turns":4},{"damage":0,"enemies":"Small Slimes","floor":4,"turns":5},{"damage":37,"enemies":"3 Sentries","floor":6,"turns":10},{"damage":37,"enemies":"Gremlin Nob","floor":8,"turns":5},{"damage":31,"enemies":"3 Sentries","floor":13,"turns":10},{"damage":40,"enemies":"The Guardian","floor":16,"turns":12}],"seed_played":"-7912122513506457761","potions_obtained":[{"floor":6,"key":"Regen Potion"},{"floor":8,"key":"Weak Potion"}],"is_trial":false,"path_per_floor":["M","M","?","M","$","E","R","E","T","R","?","?","E","T","R","B"],"character_chosen":"IRONCLAD","items_purchased":["Flex"],"campfire_rested":1,"item_purchase_floors":[5],"current_hp_per_floor":[80,79,79,80,80,49,49,18,18,42,47,47,37,37,37,0],"gold":171,"neow_bonus":"REMOVE_CARD","is_prod":false,"is_daily":false,"chose_seed":false,"campfire_upgraded":1,"win_rate":0,"timestamp":1544754038,"path_taken":["M","M","?","M","$","E","R","E","T","R","?","?","E","?","R","BOSS"],"build_version":"2018-12-13","purchased_purges":0,"victory":false,"max_hp_per_floor":[80,80,80,80,80,80,80,80,80,80,85,85,85,85,85,85],"card_choices":[{"not_picked":["Body Slam","Pommel Strike"],"picked":"Rampage","floor":1},{"not_picked":["Rage","Berserk"],"picked":"Armaments","floor":2},{"not_picked":["Bloodletting","Wild Strike","Corruption"],"picked":"SKIP","floor":4},{"not_picked":["Dark Embrace","Intimidate"],"picked":"Armaments","floor":6},{"not_picked":["Headbutt","Corruption"],"picked":"Dropkick","floor":8},{"not_picked":["Corruption","Iron Wave"],"picked":"Rampage","floor":13}],"player_experience":504911,"relics_obtained":[{"floor":6,"key":"Gremlin Horn"},{"floor":8,"key":"War Paint"},{"floor":9,"key":"Darkstone Periapt"},{"floor":13,"key":"Sundial"}],"event_choices":[{"damage_healed":0,"gold_gain":0,"player_choice":"Grow","damage_taken":0,"max_hp_gain":0,"max_hp_loss":0,"event_name":"Living Wall","floor":3,"gold_loss":0,"cards_upgraded":["Armaments"]},{"damage_healed":0,"gold_gain":0,"player_choice":"Donut","damage_taken":0,"max_hp_gain":5,"max_hp_loss":0,"event_name":"Big Fish","floor":11,"gold_loss":0},{"damage_healed":0,"gold_gain":0,"player_choice":"Ignored","damage_taken":0,"max_hp_gain":0,"max_hp_loss":0,"event_name":"Liars Game","floor":12,"gold_loss":0}],"is_beta":false,"boss_relics":[],"items_purged_floors":[],"is_endless":false,"potions_floor_spawned":[6,8],"killed_by":"The Guardian","ascension_level":4}