{"gold_per_floor":[110,110,110,1,13,13,40,40,40,68,85,85,85,100,100,189,189,208,221,59,59,59,59,73,73,73,89,113,113],"floor_reached":29,"playtime":737,"items_purged":[],"score":516,"play_id":"7f3e68ce-a9ba-407b-b536-02d11e4df384","local_time":"20190421213632","is_ascension_mode":true,"campfire_choices":[{"data":"Caltrops","floor":6.0,"key":"SMITH"},{"data":"Neutralize","floor":8.0,"key":"SMITH"},{"data":"Blur","floor":12.0,"key":"SMITH"},{"floor":15,"key":"REST"},{"data":"Malaise","floor":23,"key":"SMITH"},{"floor":25,"key":"REST"}],"neow_cost":"NONE","seed_source_timestamp":10480341580595646,"circlet_count":0,"master_deck":["AscendersBane","Defend_G","Defend_G","Defend_G+1","Defend_G","Defend_G","Strike_G","Strike_G","Strike_G+1","Strike_G+1","Survivor+1","Neutralize+1","Caltrops+1","Poisoned Stab","Blur+1","Predator","Poisoned Stab","Malaise+1","Noxious Fumes","Backflip","Flying Knee"],"special_seed":0,"relics":["Ring of the Snake","NeowsBlessing","War Paint","PreservedInsect","Whetstone","Golden Idol","Philosopher\u0027s Stone","Snake Skull","Mummified Hand"],"potions_floor_usage":[14,29,29,29],"damage_taken":[{"damage":0.0,"enemies":"Small Slimes","floor":1.0,"turns":1.0},{"damage":0.0,"enemies":"Jaw Worm","floor":5.0,"turns":1.0},{"damage":0.0,"enemies":"Gremlin Nob","floor":7.0,"turns":1.0},{"damage":22.0,"enemies":"Lagavulin","floor":10.0,"turns":5.0},{"damage":0.0,"enemies":"2 Louse","floor":11.0,"turns":3.0},{"damage":0,"enemies":"Exordium Wildlife","floor":14,"turns":6},{"damage":7,"enemies":"The Guardian","floor":16,"turns":12},{"damage":2,"enemies":"Chosen","floor":18,"turns":7},{"damage":10,"enemies":"3 Byrds","floor":19,"turns":2},{"damage":27,"enemies":"Shelled Parasite and Fungi","floor":24,"turns":6},{"damage":30,"enemies":"Cultist and Chosen","floor":27,"turns":6},{"damage":6,"enemies":"Snake Plant","floor":28,"turns":5},{"damage":18,"enemies":"3 Cultists","floor":29,"turns":4}],"seed_played":"2344186686292991455","potions_obtained":[{"floor":5.0,"key":"Regen Potion"},{"floor":10.0,"key":"EntropicBrew"},{"floor":14,"key":"Energy Potion"},{"floor":16,"key":"GhostInAJar"}],"is_trial":false,"path_per_floor":["M","?","?","$","M","R","E","R","T","E","M","R","?","M","R","B",null,"M","M","$","?","?","R","M","R","T","M","M","M"],"character_chosen":"THE_SILENT","items_purchased":["Caltrops","Poisoned Stab","Snake Skull"],"campfire_rested":2,"item_purchase_floors":[4,4,20],"current_hp_per_floor":[59,52,52,52,52,52,52,52,52,30,30,30,7,22,41,34,58,56,46,46,46,46,46,19,38,38,8,2,0],"gold":113,"neow_bonus":"THREE_ENEMY_KILL","is_prod":false,"is_daily":false,"chose_seed":false,"campfire_upgraded":4,"win_rate":0,"timestamp":1555896992,"path_taken":["M","?","?","?","M","R","E","R","T","E","M","R","?","?","R","BOSS","M","M","$","?","?","R","M","R","T","?","M","M"],"build_version":"2019-01-23","purchased_purges":0,"victory":false,"max_hp_per_floor":[66,66,66,66,66,66,66,66,66,66,66,66,66,66,66,66,66,66,66,66,66,66,66,66,66,66,66,66,66],"card_choices":[{"not_picked":["Deflect","PiercingWail","Backflip"],"picked":"SKIP","floor":1.0},{"not_picked":["Distraction","Dodge and Roll"],"picked":"Blur","floor":5.0},{"not_picked":["Finisher","Grand Finale"],"picked":"Predator","floor":7.0},{"not_picked":["Finisher","PiercingWail","Eviscerate"],"picked":"SKIP","floor":10.0},{"not_picked":["Quick Slash","Accuracy","Underhanded Strike"],"picked":"SKIP","floor":11.0},{"not_picked":["Calculated Gamble","Acrobatics"],"picked":"Poisoned Stab","floor":14},{"not_picked":["Grand Finale","After Image"],"picked":"Malaise","floor":16},{"not_picked":["Blade Dance","Catalyst","Underhanded Strike"],"picked":"SKIP","floor":18},{"not_picked":["Poisoned Stab","Accuracy","Finisher"],"picked":"SKIP","floor":19},{"not_picked":["Flechettes","Prepared"],"picked":"Noxious Fumes","floor":24},{"not_picked":["Crippling Poison","Dagger Spray"],"picked":"Backflip","floor":27},{"not_picked":["Poisoned Stab","Dodge and Roll"],"picked":"Flying Knee","floor":28}],"player_experience":653922,"relics_obtained":[{"floor":7.0,"key":"War Paint"},{"floor":9.0,"key":"PreservedInsect"},{"floor":10.0,"key":"Whetstone"},{"floor":26,"key":"Mummified Hand"}],"event_choices":[{"cards_removed":["Strike_G"],"damage_healed":0.0,"max_hp_gain":0.0,"max_hp_loss":0.0,"gold_gain":0.0,"event_name":"Golden Wing","player_choice":"Card Removal","floor":2.0,"gold_loss":0.0,"damage_taken":7.0},{"damage_healed":0.0,"max_hp_gain":0.0,"max_hp_loss":0.0,"gold_gain":0.0,"event_name":"Shining Light","player_choice":"Ignored","floor":3.0,"gold_loss":0.0,"damage_taken":0.0},{"damage_healed":0,"gold_gain":0,"player_choice":"Take Damage","damage_taken":23,"relics_obtained":["Golden Idol"],"max_hp_gain":0,"max_hp_loss":0,"event_name":"Golden Idol","floor":13,"gold_loss":0},{"damage_healed":0,"gold_gain":0,"player_choice":"Ignored","damage_taken":0,"max_hp_gain":0,"max_hp_loss":0,"event_name":"Ghosts","floor":21,"gold_loss":0},{"damage_healed":0,"gold_gain":0,"player_choice":"Ignored","damage_taken":0,"max_hp_gain":0,"max_hp_loss":0,"event_name":"Vampires","floor":22,"gold_loss":0}],"is_beta":false,"boss_relics":[{"not_picked":["WristBlade","Runic Dome"],"picked":"Philosopher\u0027s Stone"}],"items_purged_floors":[],"is_endless":false,"potions_floor_spawned":[5,10,14,16,18,19],"killed_by":"3 Cultists","ascension_level":20}