{"gold_per_floor":[113,132,132,132,144,144,173,173,222,222,222,252,263,263],"floor_reached":14,"playtime":352,"items_purged":[],"score":196,"play_id":"20306f6e-e950-4cab-8dd2-6e9adec4512d","local_time":"20190506220441","is_ascension_mode":true,"campfire_choices":[{"data":"Go for the Eyes","floor":6,"key":"SMITH"},{"floor":8,"key":"REST"},{"data":"Defragment","floor":11,"key":"SMITH"}],"neow_cost":"NONE","seed_source_timestamp":813574314361967,"circlet_count":0,"master_deck":["AscendersBane","Strike_B","Strike_B","Defend_B","Defend_B","Defend_B","Defend_B","Zap+1","Dualcast","Conserve Battery","Go for the Eyes+1","Cold Snap","Defragment+1","Hello World","Meteor Strike"],"relics":["Cracked Core","DataDisk","Centennial Puzzle","Mummified Hand","Lantern"],"potions_floor_usage":[7],"damage_taken":[{"damage":9,"enemies":"Jaw Worm","floor":1,"turns":4},{"damage":0,"enemies":"Cultist","floor":2,"turns":3},{"damage":0,"enemies":"Small Slimes","floor":5,"turns":3},{"damage":30,"enemies":"3 Sentries","floor":7,"turns":11},{"damage":36,"enemies":"Gremlin Nob","floor":12,"turns":6},{"damage":0,"enemies":"2 Fungi Beasts","floor":13,"turns":3},{"damage":15,"enemies":"Gremlin Gang","floor":14,"turns":3}],"seed_played":"978734856818509412","potions_obtained":[{"floor":5,"key":"Fire Potion"},{"floor":13,"key":"LiquidBronze"}],"is_trial":false,"path_per_floor":["M","M","?","?","M","R","E","R","T","T","R","E","M","M"],"character_chosen":"DEFECT","items_purchased":[],"campfire_rested":1,"item_purchase_floors":[],"current_hp_per_floor":[55,55,48,48,48,48,18,39,39,39,39,3,3,0],"gold":263,"neow_bonus":"REMOVE_CARD","is_prod":false,"is_daily":false,"chose_seed":false,"campfire_upgraded":2,"win_rate":0,"timestamp":1557194681,"path_taken":["M","M","?","?","M","R","E","R","T","?","R","E","?","M"],"build_version":"2019-01-23","purchased_purges":0,"victory":false,"max_hp_per_floor":[71,71,71,71,71,71,71,71,71,71,71,71,71,71],"card_choices":[{"not_picked":["Sweeping Beam","Blizzard"],"picked":"Conserve Battery","floor":1},{"not_picked":["Stack","Redo"],"picked":"Go for the Eyes","floor":2},{"not_picked":["Lockon","FTL"],"picked":"Cold Snap","floor":5},{"not_picked":["Barrage","Reprogram"],"picked":"Defragment","floor":7},{"not_picked":["Scrape","Stack"],"picked":"Hello World","floor":12},{"not_picked":["Aggregate","Lockon"],"picked":"Meteor Strike","floor":13}],"player_experience":677144,"relics_obtained":[{"floor":7,"key":"DataDisk"},{"floor":9,"key":"Centennial Puzzle"},{"floor":10,"key":"Mummified Hand"},{"floor":12,"key":"Lantern"}],"event_choices":[{"cards_removed":["Strike_B"],"damage_healed":0,"gold_gain":0,"player_choice":"Card Removal","damage_taken":7,"max_hp_gain":0,"max_hp_loss":0,"event_name":"Golden Wing","floor":3,"gold_loss":0},{"damage_healed":0,"gold_gain":0,"player_choice":"Grow","damage_taken":0,"max_hp_gain":0,"max_hp_loss":0,"event_name":"Living Wall","floor":4,"gold_loss":0,"cards_upgraded":["Zap"]}],"is_beta":false,"boss_relics":[],"items_purged_floors":[],"is_endless":false,"potions_floor_spawned":[5,13],"killed_by":"Gremlin Gang","ascension_level":20}