{"gold_per_floor":[115,115,69,85,65,65,108,123,171,192,205,205,205,238,238,238],"floor_reached":16,"playtime":518,"items_purged":[],"score":220,"play_id":"8c6ab868-7a86-4c5d-b8ff-dad6a9ebca54","local_time":"20190702190815","is_ascension_mode":true,"campfire_choices":[{"data":"Bouncing Flask","floor":6,"key":"SMITH"},{"floor":13,"key":"REST"},{"floor":15,"key":"REST"}],"neow_cost":"NONE","seed_source_timestamp":5726657553909696,"circlet_count":0,"master_deck":["AscendersBane","Strike_G","Strike_G","Strike_G","Strike_G","Strike_G","Defend_G","Defend_G","Defend_G","Defend_G","Defend_G","Survivor","Neutralize+1","Bouncing Flask+1","Quick Slash","Poisoned Stab","Well Laid Plans","Dash","Slice","Predator","Escape Plan"],"relics":["Ring of the Snake","Golden Idol","Dream Catcher","Oddly Smooth Stone","Bag of Marbles"],"potions_floor_usage":[7,7,10,11,16],"damage_taken":[{"damage":0,"enemies":"Jaw Worm","floor":1,"turns":4},{"damage":2,"enemies":"2 Louse","floor":4,"turns":3},{"damage":38,"enemies":"3 Sentries","floor":7,"turns":8},{"damage":0,"enemies":"Cultist","floor":8,"turns":2},{"damage":0,"enemies":"3 Louse","floor":10,"turns":3},{"damage":13,"enemies":"Large Slime","floor":11,"turns":3},{"damage":3,"enemies":"Lagavulin","floor":14,"turns":5},{"damage":39,"enemies":"Slime Boss","floor":16,"turns":9}],"seed_played":"-8055130873487273742","potions_obtained":[{"floor":4,"key":"Block Potion"},{"floor":5,"key":"Swift Potion"},{"floor":7,"key":"FearPotion"},{"floor":8,"key":"Explosive Potion"},{"floor":10,"key":"FearPotion"}],"is_trial":false,"path_per_floor":["M","?","?","M","?","R","E","M","T","M","M","?","R","E","R","B"],"character_chosen":"THE_SILENT","items_purchased":[],"campfire_rested":2,"item_purchase_floors":[],"current_hp_per_floor":[59,59,59,57,57,57,19,19,19,19,6,6,24,21,39,0],"gold":238,"neow_bonus":"THREE_CARDS","is_prod":false,"is_daily":false,"chose_seed":false,"campfire_upgraded":1,"win_rate":0,"timestamp":1562108895,"path_taken":["M","?","?","M","?","R","E","?","T","M","M","?","R","E","R","BOSS"],"build_version":"2019-07-01","purchased_purges":0,"victory":false,"max_hp_per_floor":[66,60,60,60,60,60,60,60,60,60,60,60,60,60,60,60],"card_choices":[{"not_picked":["Blade Dance","Outmaneuver"],"picked":"Bouncing Flask","floor":0},{"not_picked":["Cloak And Dagger","Catalyst"],"picked":"Quick Slash","floor":1},{"not_picked":["Outmaneuver","Blade Dance"],"picked":"Poisoned Stab","floor":4},{"not_picked":["Distraction","Backflip"],"picked":"Well Laid Plans","floor":7},{"not_picked":["Outmaneuver","Dagger Spray"],"picked":"Dash","floor":8},{"not_picked":["Escape Plan","Deflect"],"picked":"Slice","floor":10},{"not_picked":["Bouncing Flask","PiercingWail","Distraction"],"picked":"SKIP","floor":11},{"not_picked":["Venomology","Well Laid Plans"],"picked":"Predator","floor":13},{"not_picked":["Riddle With Holes","Predator","Underhanded Strike"],"picked":"SKIP","floor":14},{"not_picked":["Setup","Masterful Stab"],"picked":"Escape Plan","floor":15}],"player_experience":840302,"relics_obtained":[{"floor":7,"key":"Dream Catcher"},{"floor":9,"key":"Oddly Smooth Stone"},{"floor":14,"key":"Bag of Marbles"}],"event_choices":[{"damage_healed":0,"gold_gain":0,"player_choice":"Lose Max HP","damage_taken":0,"relics_obtained":["Golden Idol"],"max_hp_gain":0,"max_hp_loss":6,"event_name":"Golden Idol","floor":2,"gold_loss":0},{"damage_healed":0,"gold_gain":0,"player_choice":"Left Gold","damage_taken":0,"max_hp_gain":0,"max_hp_loss":0,"event_name":"World of Goop","floor":3,"gold_loss":46},{"damage_healed":0,"gold_gain":0,"player_choice":"Bought 1 Potion","damage_taken":0,"max_hp_gain":0,"max_hp_loss":0,"event_name":"The Woman in Blue","floor":5,"gold_loss":0},{"damage_healed":0,"gold_gain":0,"player_choice":"Grow","damage_taken":0,"max_hp_gain":0,"max_hp_loss":0,"event_name":"Living Wall","floor":12,"gold_loss":0,"cards_upgraded":["Neutralize"]}],"is_beta":false,"boss_relics":[],"items_purged_floors":[],"is_endless":false,"potions_floor_spawned":[4,7,8,10],"killed_by":"Slime Boss","ascension_level":20}