{"gold_per_floor":[109,122,138,153,153,186,186,186,186,186,204,204,233,80,80,180,180,198,208,157,82,82,107,107,107],"floor_reached":25,"playtime":1073,"items_purged":[],"score":229,"play_id":"2dcfbbda-961b-4dd8-be83-e5245970b22c","local_time":"20180704221413","is_ascension_mode":false,"campfire_choices":[{"floor":7,"key":"REST"},{"data":"Deadly Poison","floor":10,"key":"SMITH"},{"floor":15,"key":"REST"},{"floor":24,"key":"REST"}],"neow_cost":"NONE","seed_source_timestamp":5654365027560603,"circlet_count":0,"master_deck":["Defend_G","Defend_G","Defend_G","Defend_G","Strike_G","Strike_G","Strike_G","Strike_G","Survivor","Neutralize","Phantasmal Killer","Deadly Poison+1","Deadly Poison+1","Masterful Stab","Catalyst","Regret","Backflip","Phantasmal Killer","Flying Knee","Footwork","Envenom","Terror","Noxious Fumes+1","Flying Knee","Normality","Heel Hook","Catalyst+1"],"relics":["Ring of the Snake","Bronze Scales","Shuriken","Pear","Ginger","Orichalcum","Sozu","Boot"],"potions_floor_usage":[],"damage_taken":[{"damage":6,"enemies":"Cultist","floor":1,"turns":4},{"damage":7,"enemies":"2 Louse","floor":2,"turns":3},{"damage":1,"enemies":"Jaw Worm","floor":3,"turns":4},{"damage":2,"enemies":"Large Slime","floor":4,"turns":5},{"damage":24,"enemies":"3 Sentries","floor":6,"turns":10},{"damage":8,"enemies":"2 Fungi Beasts","floor":11,"turns":4},{"damage":30,"enemies":"Lagavulin","floor":13,"turns":6},{"damage":15,"enemies":"Hexaghost","floor":16,"turns":7},{"damage":9,"enemies":"3 Byrds","floor":18,"turns":3},{"damage":7,"enemies":"Shell Parasite","floor":19,"turns":4},{"damage":32,"enemies":"Book of Stabbing","floor":23,"turns":5},{"damage":67,"enemies":"Cultist and Chosen","floor":25,"turns":5}],"seed_played":"-2454972435394026353","potions_obtained":[{"floor":2,"key":"AttackPotion"},{"floor":6,"key":"Regen Potion"},{"floor":11,"key":"Strength Potion"}],"is_trial":false,"path_per_floor":["M","M","M","M","?","E","R","?","T","R","M","?","E","$","R","B",null,"M","M","$","?","?","E","R"],"character_chosen":"THE_SILENT","items_purchased":["Orichalcum","Flying Knee"],"campfire_rested":3,"item_purchase_floors":[14,20],"current_hp_per_floor":[64,57,56,54,54,30,51,51,61,61,53,53,23,23,47,32,80,71,64,64,64,64,32,56,0],"gold":107,"neow_bonus":"ONE_RANDOM_RARE_CARD","is_prod":false,"is_daily":false,"chose_seed":false,"campfire_upgraded":1,"win_rate":0.0,"timestamp":1530756853,"path_taken":["M","M","M","M","?","E","R","?","T","R","M","?","E","?","R","BOSS","M","M","$","?","?","E","R","M"],"build_version":"2018-06-28","purchased_purges":0,"victory":false,"max_hp_per_floor":[70,70,70,70,70,70,70,70,80,80,80,80,80,80,80,80,80,80,80,80,80,80,80,80,80],"card_choices":[{"not_picked":["Reflex","Sucker Punch"],"picked":"Deadly Poison","floor":1},{"not_picked":["Catalyst","Dodge and Roll"],"picked":"Deadly Poison","floor":2},{"not_picked":["Expertise","Malaise"],"picked":"Masterful Stab","floor":3},{"not_picked":["Acrobatics","Outmaneuver"],"picked":"Catalyst","floor":4},{"not_picked":["Acrobatics","Sucker Punch"],"picked":"Backflip","floor":6},{"not_picked":["Blur","Acrobatics"],"picked":"Flying Knee","floor":11},{"not_picked":["Distraction","Skewer"],"picked":"Footwork","floor":13},{"not_picked":["Venomology","Doppelganger"],"picked":"Envenom","floor":16},{"not_picked":["Acrobatics","Sucker Punch"],"picked":"Terror","floor":18},{"not_picked":["Blade Dance","Dodge and Roll"],"picked":"Noxious Fumes+1","floor":19},{"not_picked":["Masterful Stab","Well Laid Plans+1"],"picked":"Catalyst+1","floor":23}],"player_experience":68492,"relics_obtained":[{"floor":6,"key":"Shuriken"},{"floor":9,"key":"Pear"},{"floor":13,"key":"Ginger"},{"floor":23,"key":"Boot"}],"event_choices":[{"event_name":"Big Fish","player_choice":"Box","floor":5,"damage_taken":0},{"event_name":"Living Wall","player_choice":"Change","floor":8,"damage_taken":0},{"event_name":"Upgrade Shrine","player_choice":"Upgraded","floor":12,"damage_taken":0},{"event_name":"Beggar","player_choice":"Gave Gold","floor":21,"damage_taken":0},{"event_name":"Match and Keep!","player_choice":"2 cards matched","floor":22,"damage_taken":0}],"boss_relics":[{"not_picked":["Empty Cage","Runic Dome"],"picked":"Sozu"}],"items_purged_floors":[],"is_endless":false,"potions_floor_spawned":[2,6,11,13,18,23],"killed_by":"Cultist and Chosen","ascension_level":0}