{"gold_per_floor":[117,28,40,40,94,120,131,162,162,162,162,182,182,202,202,277,277,291,291,13,113,163,163,195,110,110,125,157,169,169,186,186,264,264,274,374,390,390,406,406,437,450,477,38,0,0,33,53,53,53,53,53,53,19,50,50],"floor_reached":56,"playtime":3756,"items_purged":[],"score":2106,"play_id":"05edbc0d-f761-48f6-9ed4-3a6fef23365f","local_time":"20190627211837","is_ascension_mode":true,"campfire_choices":[{"floor":11.0,"key":"REST"},{"data":"Caltrops","floor":15.0,"key":"SMITH"},{"data":"Noxious Fumes","floor":23.0,"key":"SMITH"},{"floor":32.0,"key":"REST"},{"floor":40.0,"key":"RECALL"},{"data":"Bullet Time","floor":49.0,"key":"SMITH"},{"data":"Terror","floor":53.0,"key":"SMITH"}],"neow_cost":"NONE","seed_source_timestamp":0,"circlet_count":0,"master_deck":["AscendersBane","Defend_G+1","Defend_G+1","Defend_G+1","Defend_G+1","Defend_G+1","Survivor","Neutralize+1","Calculated Gamble+1","Caltrops+1","Poisoned Stab+1","Leg Sweep","Sucker Punch","Terror+1","Deflect","Cloak And Dagger","Corpse Explosion","Flying Knee+1","All Out Attack+1","Noxious Fumes+1","Blur","Bite+1","Bite+1","Bite+1","Bite+1","Bite+1","Acrobatics","Backflip","Wraith Form v2+1","Die Die Die+1","Heel Hook+1","Bane+1","Bullet Time+1","Backflip+1","Footwork+1","Madness","Madness","Parasite","Dagger Spray+1","Leg Sweep","Dash+1"],"special_seed":0,"relics":["Ring of the Snake","NeowsBlessing","Darkstone Periapt","Vajra","War Paint","Happy Flower","Molten Egg 2","Shuriken","Orrery","Frozen Egg 2","Ginger","The Courier","Anchor","Ancient Tea Set","Whetstone","Orichalcum","Runic Pyramid","Gambling Chip","Singing Bowl","Bag of Preparation","OrangePellets","Art of War","Red Mask","Bag of Marbles","Blood Vial"],"potions_floor_usage":[],"damage_taken":[{"damage":0.0,"enemies":"Jaw Worm","floor":1.0,"turns":1.0},{"damage":0.0,"enemies":"2 Louse","floor":3.0,"turns":1.0},{"damage":0.0,"enemies":"3 Sentries","floor":6.0,"turns":1.0},{"damage":0.0,"enemies":"Cultist","floor":7.0,"turns":4.0},{"damage":29.0,"enemies":"Lagavulin","floor":8.0,"turns":9.0},{"damage":0.0,"enemies":"2 Fungi Beasts","floor":12.0,"turns":4.0},{"damage":0.0,"enemies":"Blue Slaver","floor":14.0,"turns":4.0},{"damage":4.0,"enemies":"Hexaghost","floor":16.0,"turns":9.0},{"damage":16.0,"enemies":"Shell Parasite","floor":18.0,"turns":6.0},{"damage":17.0,"enemies":"Colosseum Slavers","floor":21.0,"turns":5.0},{"damage":6.0,"enemies":"Colosseum Nobs","floor":21.0,"turns":3.0},{"damage":37.0,"enemies":"Gremlin Leader","floor":24.0,"turns":6.0},{"damage":0.0,"enemies":"Chosen","floor":27.0,"turns":5.0},{"damage":19.0,"enemies":"Slavers","floor":28.0,"turns":3.0},{"damage":15.0,"enemies":"Snecko","floor":29.0,"turns":4.0},{"damage":0.0,"enemies":"3 Cultists","floor":31.0,"turns":2.0},{"damage":69.0,"enemies":"Champ","floor":33.0,"turns":16.0},{"damage":0.0,"enemies":"3 Shapes","floor":35.0,"turns":5.0},{"damage":0.0,"enemies":"Mind Bloom Boss Battle","floor":36.0,"turns":8.0},{"damage":0.0,"enemies":"Orb Walker","floor":37.0,"turns":2.0},{"damage":0.0,"enemies":"Writhing Mass","floor":39.0,"turns":5.0},{"damage":17.0,"enemies":"Reptomancer","floor":41.0,"turns":7.0},{"damage":0.0,"enemies":"Spire Growth","floor":42.0,"turns":4.0},{"damage":0.0,"enemies":"Nemesis","floor":47.0,"turns":7.0},{"damage":0.0,"enemies":"Sphere and 2 Shapes","floor":48.0,"turns":5.0},{"damage":78.0,"enemies":"Time Eater","floor":50.0,"turns":16.0},{"damage":40.0,"enemies":"Awakened One","floor":51.0,"turns":25.0},{"damage":16.0,"enemies":"Shield and Spear","floor":55.0,"turns":6.0},{"damage":57,"enemies":"The Heart","floor":56,"turns":6}],"seed_played":"3637318168916831764","potions_obtained":[{"floor":6.0,"key":"PowerPotion"},{"floor":8.0,"key":"SkillPotion"},{"floor":18.0,"key":"Fire Potion"},{"floor":27.0,"key":"SteroidPotion"},{"floor":28.0,"key":"Explosive Potion"},{"floor":29.0,"key":"Explosive Potion"},{"floor":37.0,"key":"Explosive Potion"},{"floor":41.0,"key":"Dexterity Potion"},{"floor":42.0,"key":"Fruit Juice"},{"floor":48.0,"key":"SkillPotion"}],"is_trial":false,"path_per_floor":["M","$","M","?","T","E","M","E","T","$","R","M","?","M","R","B",null,"M","?","$","?","?","R","E","?","T","M","E","M","?","M","R","B",null,"M","?","M","?","M","R","E","M","T","$","?","?","E","M","R","B","B",null,"R","$","E","B"],"character_chosen":"THE_SILENT","items_purchased":["Caltrops","Frozen Egg 2","Bag of Preparation","OrangePellets","Art of War","Dash+1"],"campfire_rested":2,"item_purchase_floors":[2,20,44,44,44,54],"current_hp_per_floor":[59,59,59,41,41,41,41,12,12,12,31,31,31,31,31,27,56,40,40,40,38,38,38,14,14,14,26,16,13,13,19,32,11,37,46,46,46,38,52,52,44,57,57,57,57,57,59,61,61,16,42,56,56,56,51,0],"gold":50,"neow_bonus":"THREE_ENEMY_KILL","is_prod":false,"is_daily":false,"chose_seed":false,"campfire_upgraded":4,"win_rate":0,"timestamp":1561684717,"path_taken":["M","$","M","?","?","E","M","E","T","$","R","M","?","?","R","BOSS","M","?","$","?","?","R","E","?","T","M","E","M","?","M","R","BOSS","M","?","M","?","M","R","E","M","T","$","?","?","E","?","R","BOSS","BOSS","R","$","E","BOSS"],"build_version":"2019-01-23","purchased_purges":0,"victory":false,"max_hp_per_floor":[66,66,66,66,66,66,66,66,66,66,66,66,66,66,66,66,66,66,46,46,46,46,46,46,46,46,46,46,46,46,46,46,46,46,46,46,46,46,52,52,52,57,57,57,57,57,59,61,61,61,61,61,61,61,63,63],"card_choices":[{"not_picked":["Bane","Slice"],"picked":"Calculated Gamble","floor":1.0},{"not_picked":["Tactician","Slice"],"picked":"Poisoned Stab","floor":3.0},{"not_picked":["Prepared","Sucker Punch"],"picked":"Leg Sweep","floor":6.0},{"not_picked":["Backflip","Concentrate"],"picked":"Sucker Punch","floor":7.0},{"not_picked":["Dodge and Roll","Quick Slash"],"picked":"Terror","floor":8.0},{"not_picked":["Accuracy","Storm of Steel"],"picked":"Deflect","floor":12.0},{"not_picked":["Masterful Stab+1","Setup"],"picked":"Cloak And Dagger","floor":14.0},{"not_picked":["Die Die Die+1","A Thousand Cuts"],"picked":"Corpse Explosion","floor":16.0},{"not_picked":["Dagger Throw+1","Poisoned Stab+1"],"picked":"Flying Knee+1","floor":17.0},{"not_picked":["Bane+1","PiercingWail"],"picked":"All Out Attack+1","floor":17.0},{"not_picked":["Well Laid Plans","Deflect"],"picked":"Noxious Fumes","floor":17.0},{"not_picked":["Escape Plan+1","Deadly Poison"],"picked":"Blur","floor":18.0},{"not_picked":["Sucker Punch+1","Deflect"],"picked":"Acrobatics","floor":21.0},{"not_picked":["Finisher+1","Bouncing Flask"],"picked":"Backflip","floor":24.0},{"not_picked":["Dagger Throw+1","Tactician"],"picked":"Wraith Form v2+1","floor":27.0},{"not_picked":["Blade Dance","Prepared"],"picked":"Die Die Die+1","floor":28.0},{"not_picked":["Calculated Gamble","Tactician"],"picked":"Heel Hook+1","floor":29.0},{"not_picked":["Blade Dance","Quick Slash+1"],"picked":"Bane+1","floor":31.0},{"not_picked":["Corpse Explosion","Wraith Form v2+1"],"picked":"Bullet Time","floor":33.0},{"not_picked":["Caltrops+1","Deadly Poison"],"picked":"Backflip+1","floor":35.0},{"not_picked":["Bane+1","Endless Agony+1"],"picked":"Footwork+1","floor":36.0},{"not_picked":["Expertise","Poisoned Stab+1","Deadly Poison"],"picked":"SKIP","floor":37.0},{"not_picked":["Well Laid Plans+1","Riddle With Holes+1","All Out Attack+1"],"picked":"SKIP","floor":39.0},{"not_picked":["Acrobatics","Blade Dance"],"picked":"Dagger Spray+1","floor":41.0},{"not_picked":["Distraction","Prepared"],"picked":"Leg Sweep","floor":42.0},{"not_picked":["Tactician","Adrenaline","Quick Slash+1"],"picked":"Singing Bowl","floor":47.0},{"not_picked":["Distraction","Prepared","Expertise+1"],"picked":"Singing Bowl","floor":48.0},{"not_picked":["Dodge and Roll","Choke+1","Underhanded Strike+1"],"picked":"Singing Bowl","floor":55.0}],"player_experience":797802,"relics_obtained":[{"floor":5.0,"key":"Vajra"},{"floor":6.0,"key":"War Paint"},{"floor":8.0,"key":"Happy Flower"},{"floor":9.0,"key":"Molten Egg 2"},{"floor":13.0,"key":"Shuriken"},{"floor":21.0,"key":"Ginger"},{"floor":21.0,"key":"The Courier"},{"floor":24.0,"key":"Anchor"},{"floor":26.0,"key":"Whetstone"},{"floor":28.0,"key":"Orichalcum"},{"floor":36.0,"key":"Gambling Chip"},{"floor":41.0,"key":"Singing Bowl"},{"floor":47.0,"key":"Bag of Marbles"},{"floor":55.0,"key":"Blood Vial"}],"event_choices":[{"damage_healed":0.0,"max_hp_gain":0.0,"max_hp_loss":0.0,"gold_gain":0.0,"event_name":"Scrap Ooze","player_choice":"Success","floor":4.0,"gold_loss":0.0,"damage_taken":18.0,"relics_obtained":["Darkstone Periapt"]},{"damage_healed":0.0,"max_hp_gain":0.0,"max_hp_loss":0.0,"gold_gain":0.0,"event_name":"Wheel of Change","player_choice":"Relic","floor":13.0,"gold_loss":0.0,"damage_taken":0.0},{"damage_healed":0.0,"max_hp_gain":0.0,"max_hp_loss":20.0,"gold_gain":0.0,"event_name":"Vampires","player_choice":"Became a vampire","floor":19.0,"gold_loss":0.0,"damage_taken":0.0,"cards_obtained":["Bite","Bite","Bite","Bite","Bite"]},{"damage_healed":0.0,"max_hp_gain":0.0,"max_hp_loss":0.0,"gold_gain":0.0,"event_name":"Colosseum","player_choice":"Fight","floor":21.0,"gold_loss":0.0,"damage_taken":0.0},{"damage_healed":0.0,"max_hp_gain":0.0,"max_hp_loss":0.0,"gold_gain":0.0,"event_name":"Colosseum","player_choice":"Fought Nobs","floor":21.0,"gold_loss":0.0,"damage_taken":0.0},{"damage_healed":0.0,"max_hp_gain":0.0,"max_hp_loss":0.0,"gold_gain":50.0,"event_name":"Nest","player_choice":"Stole From Cult","floor":22.0,"gold_loss":0.0,"damage_taken":0.0},{"damage_healed":0.0,"max_hp_gain":0.0,"max_hp_loss":0.0,"gold_gain":0.0,"event_name":"Addict","player_choice":"Obtained Relic","floor":25.0,"gold_loss":85.0,"damage_taken":0.0,"relics_obtained":["Ancient Tea Set"]},{"damage_healed":0.0,"max_hp_gain":0.0,"max_hp_loss":0.0,"gold_gain":0.0,"event_name":"Back to Basics","player_choice":"Simplicity","floor":30.0,"gold_loss":0.0,"damage_taken":0.0,"cards_upgraded":["Defend_G","Defend_G","Defend_G"]},{"damage_healed":0.0,"max_hp_gain":0.0,"max_hp_loss":0.0,"gold_gain":0.0,"event_name":"MindBloom","player_choice":"Fight","floor":36.0,"gold_loss":0.0,"damage_taken":0.0},{"damage_healed":0.0,"max_hp_gain":0.0,"max_hp_loss":0.0,"gold_gain":0.0,"event_name":"Winding Halls","player_choice":"Embrace Madness","floor":38.0,"gold_loss":0.0,"damage_taken":8.0,"cards_obtained":["Madness","Madness"]},{"damage_healed":0.0,"max_hp_gain":0.0,"max_hp_loss":0.0,"gold_gain":0.0,"event_name":"Tomb of Lord Red Mask","player_choice":"Paid","floor":45.0,"gold_loss":38.0,"damage_taken":0.0,"relics_obtained":["Red Mask"]},{"damage_healed":0.0,"max_hp_gain":0.0,"max_hp_loss":0.0,"gold_gain":0.0,"event_name":"Accursed Blacksmith","player_choice":"Forge","floor":46.0,"gold_loss":0.0,"damage_taken":0.0,"cards_upgraded":["Calculated Gamble"]}],"is_beta":false,"boss_relics":[{"not_picked":["Black Star","Empty Cage"],"picked":"Orrery"},{"not_picked":["Tiny House","Eternal Feather"],"picked":"Runic Pyramid"}],"items_purged_floors":[],"is_endless":false,"potions_floor_spawned":[6,8,12,18,27,28,29,31,37,41,42,48],"killed_by":"The Heart","ascension_level":20}