{"path_per_floor":["M","M","?","M","?","E","M","R","T","M","$","?","R","M","R","B",null,"M","?","$","?","?","E","R","M","T","M","R","M","R","M","R","B",null,"M","?","?","M","?","R","E","?","T","R","M","M"],"character_chosen":"IRONCLAD","items_purchased":["Meat on the Bone"],"gold_per_floor":[118,133,133,151,151,185,204,204,258,273,20,20,20,38,38,162,162,162,162,87,87,87,87,87,87,87,87,87,87,87,87,87,87,87,87,87,87,87,87,87,87,87,87,87,87,87],"floor_reached":47,"campfire_rested":8,"playtime":1542,"current_hp_per_floor":[71,65,65,58,58,30,23,44,44,31,31,31,52,56,74,41,74,61,61,61,61,61,36,73,61,61,50,78,61,82,79,79,50,82,55,55,55,43,32,72,40,40,40,82,78,42],"items_purged":["Strike_R"],"gold":87,"score":424,"play_id":"74301693-4e98-4a34-b971-ddbc7e74c518","is_prod":false,"is_daily":false,"is_ascension_mode":false,"campfire_upgraded":0,"path_taken":["M","?","?","?","?","E","M","R","T","M","$","?","R","M","R","BOSS","M","?","$","?","?","E","R","M","T","M","R","M","R","M","R","BOSS","M","?","?","?","?","R","E","?","T","R","M","?","M"],"build_version":"2018-02-22-PROD2","purchased_purges":1,"victory":false,"master_deck":["Strike_R","Strike_R","Defend_R","Defend_R","Defend_R","Bash","Blood for Blood+1","Sever Soul+1","Disarm","Inflame","Whirlwind","Shrug It Off","Demon Form","Pommel Strike+1","Cleave+1","Inflame+1","Blood for Blood+1","Offering","Madness","Madness","Whirlwind+1","Immolate","Heavy Blade"],"max_hp_per_floor":[72,72,72,72,72,72,72,72,72,72,72,72,72,74,74,74,74,74,74,74,74,74,76,76,76,76,76,78,80,82,82,82,82,82,84,84,84,86,86,86,86,86,86,88,88,90],"relics":["Burning Blood","Peace Pipe","Singing Bowl","Ancient Tea Set","Meat on the Bone","Ectoplasm","Spirit Poop","Torii","Regal Pillow","Dream Catcher","Mark of Pain","Bottled Lightning","Whetstone"],"card_choices":[{"not_picked":["Clothesline","Battle Trance"],"picked":"Blood for Blood"},{"not_picked":["Anger","Fire Breathing"],"picked":"Sever Soul"},{"not_picked":["Corruption","Pommel Strike"],"picked":"Inflame"},{"not_picked":["Body Slam","Rupture"],"picked":"Whirlwind"},{"not_picked":["Twin Strike","Iron Wave"],"picked":"Shrug It Off"},{"not_picked":["Feed","Bludgeon"],"picked":"Demon Form"},{"not_picked":["Pummel","Clash"],"picked":"Pommel Strike"},{"not_picked":["Battle Trance","Sever Soul"],"picked":"Cleave"},{"not_picked":["Whirlwind","Uppercut"],"picked":"Inflame"},{"not_picked":["Armaments","Juggernaut"],"picked":"Blood for Blood"},{"not_picked":["Feed","Brutality"],"picked":"Offering"},{"not_picked":["Evolve","Clash"],"picked":"Whirlwind"},{"not_picked":["Headbutt","Perfected Strike"],"picked":"Immolate"},{"not_picked":["Flex","Perfected Strike"],"picked":"Heavy Blade"}],"player_experience":93131,"potions_floor_usage":[6,10,23,23,33,33,47],"damage_taken":[{"damage":7,"enemies":"Cultist","floor":1,"turns":5},{"damage":12,"enemies":"Small Slimes","floor":2,"turns":4},{"damage":13,"enemies":"Jaw Worm","floor":4,"turns":3},{"damage":34,"enemies":"3 Sentries","floor":6,"turns":7},{"damage":13,"enemies":"Looter","floor":7,"turns":4},{"damage":19,"enemies":"Lots of Slimes","floor":10,"turns":3},{"damage":4,"enemies":"Exordium Thugs","floor":14,"turns":4},{"damage":51,"enemies":"Hexaghost","floor":16,"turns":11},{"damage":19,"enemies":"Chosen","floor":18,"turns":5},{"damage":45,"enemies":"Slavers","floor":23,"turns":5},{"damage":18,"enemies":"Spheric Guardian","floor":25,"turns":4},{"damage":29,"enemies":"Snake Plant","floor":27,"turns":4},{"damage":25,"enemies":"Centurion and Healer","floor":29,"turns":5},{"damage":9,"enemies":"Snecko","floor":31,"turns":4},{"damage":47,"enemies":"Automaton","floor":33,"turns":8},{"damage":47,"enemies":"3 Darklings","floor":35,"turns":4},{"damage":32,"enemies":"3 Shapes","floor":38,"turns":3},{"damage":50,"enemies":"2 Orb Walkers","floor":41,"turns":4},{"damage":10,"enemies":"Sphere and 2 Shapes","floor":45,"turns":3},{"damage":56,"enemies":"Maw","floor":46,"turns":7},{"damage":43,"enemies":"3 Darklings","floor":47,"turns":3}],"event_choices":[{"event_name":"Living Wall","player_choice":"Change","floor":3,"damage_taken":0},{"event_name":"Transmorgrifier","player_choice":"Transform","floor":5,"damage_taken":0},{"event_name":"Golden Idol","player_choice":"Take Wound","floor":12,"damage_taken":0},{"event_name":"Bonfire Elementals","player_choice":"CURSE","floor":19,"damage_taken":0},{"event_name":"The Mausoleum","player_choice":"Yes","floor":21,"damage_taken":0},{"event_name":"Vampires","player_choice":"Ignored","floor":22,"damage_taken":0},{"event_name":"The Moai Head","player_choice":"Gave Idol","floor":37,"damage_taken":0},{"event_name":"Winding Halls","player_choice":"Embrace Madness","floor":39,"damage_taken":0},{"event_name":"Accursed Blacksmith","player_choice":"Ignore","floor":42,"damage_taken":0}],"boss_relics":[{"not_picked":["Astrolabe","Velvet Choker"],"picked":"Ectoplasm"},{"not_picked":["Orrery","Runic Dome"],"picked":"Mark of Pain"}],"potions_floor_spawned":[2,6,10,16,23,25,29,38,46],"seed_played":"2868814490623278417","killed_by":"3 Darklings","ascension_level":0,"is_trial":false}