{"gold_per_floor":[363,83,8,8,44,44,154,224,224,293,293,443,260,170,170,291,291,249,249,249,10,10],"floor_reached":22,"playtime":744,"items_purged":["Strike_B","Doubt"],"score":376,"play_id":"e2f045b5-c7ea-4fb0-baf7-9aa6f12bfbe6","local_time":"20190708084023","is_ascension_mode":true,"campfire_choices":[{"data":"HandOfGreed","floor":6.0,"key":"SMITH"},{"floor":11,"key":"REST"},{"data":"Defragment","floor":15,"key":"SMITH"}],"neow_cost":"PERCENT_DAMAGE","seed_source_timestamp":2100209972758399,"circlet_count":0,"master_deck":["AscendersBane","Defend_B","Defend_B","Defend_B","Defend_B","Dualcast","Cold Snap","HandOfGreed+1","Coolheaded","Gash","Machine Learning","Loop","Defragment+1","Machine Learning","Reprogram","Heatsinks","Steam"],"special_seed":0,"relics":["Cracked Core","Bloody Idol","Pantograph","Darkstone Periapt","Blood Vial","Empty Cage","Chemical X"],"potions_floor_usage":[10],"damage_taken":[{"damage":9.0,"enemies":"Jaw Worm","floor":1.0,"turns":5.0},{"damage":2.0,"enemies":"Small Slimes","floor":5.0,"turns":3.0},{"damage":25.0,"enemies":"3 Sentries","floor":7.0,"turns":11.0},{"damage":4.0,"enemies":"2 Louse","floor":8.0,"turns":4.0},{"damage":4,"enemies":"Lagavulin","floor":10,"turns":17},{"damage":35,"enemies":"Hexaghost","floor":16,"turns":8},{"damage":54,"enemies":"2 Thieves","floor":18,"turns":5},{"damage":8,"enemies":"Spheric Guardian","floor":22,"turns":3}],"seed_played":"2572754070939571031","potions_obtained":[{"floor":8.0,"key":"PowerPotion"}],"is_trial":false,"path_per_floor":["M","$","?","?","M","R","E","M","T","E","R","?","$","$","R","B",null,"M","?","?","$","M"],"character_chosen":"DEFECT","items_purchased":["HandOfGreed","Loop","Defragment","Chemical X","Steam"],"campfire_rested":1,"item_purchase_floors":[2,13,14,21,21],"current_hp_per_floor":[37,37,37,37,35,35,10,6,6,2,21,27,27,27,27,19,57,5,5,5,5,0],"gold":10,"neow_bonus":"TWO_FIFTY_GOLD","is_prod":false,"is_daily":false,"chose_seed":false,"campfire_upgraded":2,"win_rate":0,"timestamp":1562600423,"path_taken":["M","$","?","?","M","R","E","M","T","E","R","?","?","$","R","BOSS","M","?","?","$","M"],"build_version":"2019-07-05","purchased_purges":2,"victory":false,"max_hp_per_floor":[71,71,71,64,64,64,64,64,64,64,64,70,70,70,70,70,70,70,70,70,70,70],"card_choices":[{"not_picked":["Compile Driver","Ball Lightning"],"picked":"Cold Snap","floor":1.0},{"not_picked":["Undo","Rebound"],"picked":"Coolheaded","floor":5.0},{"not_picked":["Stack","Fusion"],"picked":"Chaos","floor":7.0},{"not_picked":["Steam Power","Beam Cell"],"picked":"Gash","floor":8.0},{"not_picked":["Steam","Leap"],"picked":"Machine Learning","floor":10},{"not_picked":["Thunder Strike","Multi-Cast"],"picked":"Machine Learning","floor":16},{"not_picked":["Conserve Battery","Go for the Eyes","Barrage"],"picked":"SKIP","floor":18}],"player_experience":1238065,"relics_obtained":[{"floor":7.0,"key":"Pantograph"},{"floor":9.0,"key":"Darkstone Periapt"},{"floor":10,"key":"Blood Vial"}],"event_choices":[{"cards_removed":["Strike_B"],"damage_healed":0.0,"max_hp_gain":0.0,"max_hp_loss":0.0,"gold_gain":0.0,"event_name":"The Cleric","player_choice":"Card Removal","floor":3.0,"gold_loss":75.0,"damage_taken":0.0},{"damage_healed":0.0,"max_hp_gain":0.0,"max_hp_loss":7.0,"gold_gain":0.0,"event_name":"Golden Idol","player_choice":"Lose Max HP","floor":4.0,"gold_loss":0.0,"damage_taken":0.0,"relics_obtained":["Golden Idol"]},{"damage_healed":0,"gold_gain":150,"player_choice":"AGREE","damage_taken":0,"max_hp_gain":0,"max_hp_loss":0,"event_name":"Liars Game","floor":12,"gold_loss":0,"cards_obtained":["Doubt"]},{"damage_healed":0,"gold_gain":0,"cards_transformed":["Chaos","Zap"],"player_choice":"Became Test Subject","damage_taken":0,"max_hp_gain":0,"max_hp_loss":0,"event_name":"Drug Dealer","floor":19,"gold_loss":0,"cards_obtained":["Reprogram","Heatsinks"]},{"damage_healed":0,"gold_gain":0,"player_choice":"Gave Idol","damage_taken":0,"relics_obtained":["Bloody Idol"],"max_hp_gain":0,"max_hp_loss":0,"event_name":"Forgotten Altar","floor":20,"relics_lost":["Golden Idol"],"gold_loss":0}],"is_beta":false,"boss_relics":[{"not_picked":["Nuclear Battery","Runic Dome"],"picked":"Empty Cage"}],"items_purged_floors":[2,13],"is_endless":false,"potions_floor_spawned":[8],"killed_by":"Spheric Guardian","ascension_level":20}