{"path_per_floor":["M","?","$","?","M","R","?","R","T","M","M","M","M","M","R","B",null,"M","?","$","M","?","R","E","R","T","?","?","$","M","M","R"],"character_chosen":"DEFECT","items_purchased":["Stack","Gash","Lee\u0027s Waffle","Static Discharge","Conserve Battery","Lockon"],"gold_per_floor":[213,213,112,112,124,124,124,124,124,134,150,162,177,190,190,290,290,306,306,24,35,35,35,70,70,142,342,257,154,164,180,180,180],"floor_reached":33,"campfire_rested":5,"playtime":1235,"item_purchase_floors":[],"current_hp_per_floor":[69,51,51,51,51,73,73,73,73,68,56,33,23,9,31,8,75,59,59,82,68,52,78,21,47,47,47,47,47,40,11,37,0],"items_purged":[],"gold":180,"score":257,"play_id":"d1e76ef0-dfd6-493a-a1ed-038e2b95a505","local_time":"20180610220420","is_prod":false,"is_daily":false,"chose_seed":false,"is_ascension_mode":false,"campfire_upgraded":1,"win_rate":0.0,"timestamp":1528693460,"campfire_choices":[{"floor":6.0,"key":"REST"},{"data":"Dualcast","floor":8.0,"key":"SMITH"},{"floor":15,"key":"REST"},{"floor":23,"key":"REST"},{"floor":25,"key":"REST"},{"floor":32,"key":"REST"}],"path_taken":["M","?","$","?","M","R","?","R","T","M","M","M","M","M","R","BOSS","M","?","$","M","?","R","E","R","T","?","?","$","M","M","R","BOSS"],"build_version":"2018-06-08","seed_source_timestamp":0,"purchased_purges":0,"victory":false,"master_deck":["Strike_B","Strike_B","Strike_B","Strike_B","Defend_B","Defend_B","Defend_B","Defend_B","Zap","Dualcast+1","Ball Lightning","Stack","Gash","Zap","Conserve Battery","Static Discharge","Genetic Algorithm","Capacitor","Conserve Battery","Storm","Fission","Gash+1","Static Discharge","Barrage","Aggregate","Conserve Battery","Lockon","Doom and Gloom"],"max_hp_per_floor":[75,75,75,75,75,75,75,75,75,75,75,75,75,75,75,75,75,75,75,82,82,87,87,87,87,87,87,87,87,87,87,87,87],"relics":["Cracked Core","Ornamental Fan","Velvet Choker","Lee\u0027s Waffle","Juzu Bracelet","Matryoshka","Orichalcum"],"card_choices":[{"not_picked":["Cold Snap","Rebound"],"picked":"Ball Lightning","floor":1.0},{"not_picked":["Ball Lightning","Aggregate"],"picked":"Conserve Battery","floor":5.0},{"not_picked":["Cold Snap","Reprogram"],"picked":"Static Discharge","floor":10.0},{"not_picked":["Aggregate","Storm"],"picked":"Genetic Algorithm","floor":11.0},{"not_picked":["Hologram","Leap"],"picked":"Capacitor","floor":12.0},{"not_picked":["Steam Power","Steam"],"picked":"Conserve Battery","floor":13.0},{"not_picked":["Aggregate","Stack"],"picked":"Storm","floor":14.0},{"not_picked":["Rainbow","Reboot"],"picked":"Fission","floor":16},{"not_picked":["Beam Cell","Coolheaded"],"picked":"Gash+1","floor":18},{"not_picked":["Leap+1","Rebound"],"picked":"Barrage","floor":21},{"not_picked":["Compile Driver","Barrage+1"],"picked":"Aggregate","floor":24},{"not_picked":["Steam","Genetic Algorithm"],"picked":"Doom and Gloom","floor":30},{"not_picked":["Reprogram+1","Barrage","Seek"],"picked":"SKIP","floor":31}],"player_experience":23778,"potions_floor_usage":[16,16,16,33,33],"damage_taken":[{"damage":6.0,"enemies":"Cultist","floor":1.0,"turns":3.0},{"damage":0.0,"enemies":"Small Slimes","floor":5.0,"turns":3.0},{"damage":5.0,"enemies":"2 Louse","floor":10.0,"turns":2.0},{"damage":12.0,"enemies":"Exordium Wildlife","floor":11.0,"turns":4.0},{"damage":23.0,"enemies":"Exordium Thugs","floor":12.0,"turns":4.0},{"damage":10.0,"enemies":"Large Slime","floor":13.0,"turns":5.0},{"damage":14.0,"enemies":"Blue Slaver","floor":14.0,"turns":3.0},{"damage":23,"enemies":"Hexaghost","floor":16,"turns":9},{"damage":16,"enemies":"3 Byrds","floor":18,"turns":4},{"damage":14,"enemies":"Chosen","floor":21,"turns":4},{"damage":57,"enemies":"Gremlin Leader","floor":24,"turns":8},{"damage":7,"enemies":"Snecko","floor":30,"turns":5},{"damage":29,"enemies":"Snake Plant","floor":31,"turns":4},{"damage":43,"enemies":"Collector","floor":33,"turns":3}],"relics_obtained":[{"floor":9.0,"key":"Ornamental Fan"},{"floor":24,"key":"Juzu Bracelet"},{"floor":26,"key":"Matryoshka"}],"event_choices":[{"event_name":"Scrap Ooze","player_choice":"unsuccessful","floor":2.0,"damage_taken":18.0},{"event_name":"Match and Keep!","player_choice":"1 cards matched","floor":4.0,"damage_taken":0.0},{"event_name":"The Cleric","player_choice":"Leave","floor":7.0,"damage_taken":0.0},{"event_name":"Ghosts","player_choice":"Ignored","floor":19,"damage_taken":0},{"event_name":"Forgotten Altar","player_choice":"Shed Blood","floor":22,"damage_taken":0},{"event_name":"Wheel of Change","player_choice":"Gold","floor":27,"damage_taken":0},{"event_name":"Addict","player_choice":"Obtained Relic","floor":28,"damage_taken":0}],"boss_relics":[{"not_picked":["White Beast Statue","Cursed Key"],"picked":"Velvet Choker"}],"items_purged_floors":[],"potions_floor_spawned":[11,13,14,16,18,30],"seed_played":"-528673745079761374","killed_by":"Collector","ascension_level":0,"potions_obtained":[{"floor":11.0,"key":"FearPotion"},{"floor":13.0,"key":"Ancient Potion"},{"floor":14.0,"key":"GamblersBrew"},{"floor":16,"key":"Ancient Potion"},{"floor":18,"key":"GamblersBrew"},{"floor":30,"key":"Dexterity Potion"}],"is_trial":false}