{"gold_per_floor":[114,114,20,20,35,35,35,50,125,140,190,138,138,153,153,153],"floor_reached":16,"playtime":300,"items_purged":[],"score":90,"play_id":"bac338f9-a2e4-4e84-8ec5-aadc56899233","local_time":"20190201103907","daily_mods":["Draft","Diverse","Terminal"],"is_ascension_mode":false,"campfire_choices":[{"data":"Sucker Punch","floor":6.0,"key":"SMITH"},{"floor":15.0,"key":"REST"}],"neow_cost":"","seed_source_timestamp":0,"circlet_count":0,"master_deck":["Flying Knee","Predator","Flex","Intimidate","Stack","Cold Snap","Sweeping Beam","Scrape","Armaments","Sucker Punch+1","Steam","Spot Weakness","Dodge and Roll","Cloak And Dagger+1","Terror","Finesse+1","Twin Strike","Leap","Streamline+1","Streamline+1","Dodge and Roll"],"special_seed":17927,"relics":["Cracked Core","Meat on the Bone","Molten Egg 2","Dream Catcher"],"potions_floor_usage":[],"damage_taken":[{"damage":0.0,"enemies":"Jaw Worm","floor":1.0,"turns":2.0},{"damage":0.0,"enemies":"Cultist","floor":5.0,"turns":3.0},{"damage":0.0,"enemies":"Small Slimes","floor":8.0,"turns":2.0},{"damage":0.0,"enemies":"Looter","floor":10.0,"turns":2.0},{"damage":0.0,"enemies":"Gremlin Gang","floor":14.0,"turns":4.0},{"damage":0,"enemies":"Slime Boss","floor":16,"turns":1}],"seed_played":"1719304631374948551","potions_obtained":[{"floor":1.0,"key":"EssenceOfSteel"},{"floor":10.0,"key":"Fire Potion"},{"floor":14.0,"key":"FocusPotion"}],"is_trial":false,"path_per_floor":["M","?","$","T","M","R","$","M","T","M","T","$","?","M","R","B"],"character_chosen":"DEFECT","items_purchased":["Finesse","Streamline+1"],"campfire_rested":1,"item_purchase_floors":[3,12],"current_hp_per_floor":[73,72,71,70,69,68,67,66,65,64,63,62,50,50,59,59],"gold":153,"neow_bonus":"","is_prod":false,"is_daily":true,"chose_seed":false,"campfire_upgraded":1,"win_rate":0,"timestamp":1549046347,"path_taken":["M","?","$","?","?","R","?","M","T","M","?","$","?","M","R","BOSS"],"build_version":"2019-01-23","purchased_purges":0,"victory":false,"max_hp_per_floor":[73,72,71,70,69,68,67,66,65,64,63,62,61,60,59,59],"card_choices":[{"not_picked":["Disarm","Acrobatics"],"picked":"Flying Knee","floor":0.0},{"not_picked":["Infinite Blades","Sucker Punch"],"picked":"Predator","floor":0.0},{"not_picked":["Headbutt","Endless Agony"],"picked":"Noxious Fumes","floor":0.0},{"not_picked":["Corruption","PiercingWail"],"picked":"Flex","floor":0.0},{"not_picked":["Clothesline","Blade Dance"],"picked":"Intimidate","floor":0.0},{"not_picked":["Go for the Eyes","Cloak And Dagger"],"picked":"Stack","floor":0.0},{"not_picked":["Heavy Blade","Darkness"],"picked":"Cold Snap","floor":0.0},{"not_picked":["Deadly Poison","Clothesline"],"picked":"Sweeping Beam","floor":0.0},{"not_picked":["Headbutt","Reflex"],"picked":"Scrape","floor":0.0},{"not_picked":["Flex","Dagger Spray"],"picked":"Armaments","floor":0.0},{"not_picked":["Steam Power","Havoc"],"picked":"Sucker Punch","floor":0.0},{"not_picked":["Bane","Burning Pact"],"picked":"Steam","floor":0.0},{"not_picked":["Rupture","Cloak And Dagger"],"picked":"Spot Weakness","floor":0.0},{"not_picked":["Accuracy","Power Through"],"picked":"Dodge and Roll","floor":0.0},{"not_picked":["Sucker Punch","Clash"],"picked":"Cloak And Dagger","floor":0.0},{"not_picked":["Blade Dance","Prepared"],"picked":"Terror","floor":1.0},{"not_picked":["Poisoned Stab","Sucker Punch"],"picked":"Twin Strike","floor":5.0},{"not_picked":["Battle Trance","Slice","Catalyst"],"picked":"SKIP","floor":8.0},{"not_picked":["Grand Finale+1","Intimidate"],"picked":"Leap","floor":10.0},{"not_picked":["Dagger Spray+1","Chaos"],"picked":"Streamline+1","floor":14.0},{"not_picked":["Tactician","Warcry"],"picked":"Dodge and Roll","floor":15.0}],"player_experience":180659,"relics_obtained":[{"floor":4.0,"key":"Meat on the Bone"},{"floor":9.0,"key":"Molten Egg 2"},{"floor":11.0,"key":"Dream Catcher"}],"event_choices":[{"cards_removed":["Noxious Fumes"],"damage_healed":0.0,"max_hp_gain":0.0,"max_hp_loss":0.0,"gold_gain":0.0,"event_name":"Purifier","player_choice":"Purged","floor":2.0,"gold_loss":0.0,"damage_taken":0.0},{"damage_healed":0.0,"max_hp_gain":0.0,"max_hp_loss":0.0,"gold_gain":0.0,"event_name":"Shining Light","player_choice":"Entered Light","floor":13.0,"gold_loss":0.0,"damage_taken":12.0,"cards_upgraded":["Cloak And Dagger","Finesse"]}],"is_beta":false,"boss_relics":[],"items_purged_floors":[],"is_endless":false,"potions_floor_spawned":[1,10,14],"killed_by":"Slime Boss","ascension_level":0}