{"gold_per_floor":[114,114,130,147,17,52,64,64,91,91,108,108,108,133,133,205,205,216,216,56,56,32,32,58,58,58,85,51,51,64,84,84,158,158,177,9,9],"floor_reached":37,"playtime":1614,"items_purged":["Strike_B"],"score":830,"play_id":"7e1571fe-08f4-4c2c-a4fa-d9f8558a060a","local_time":"20190708092932","is_ascension_mode":true,"campfire_choices":[{"floor":8.0,"key":"REST"},{"data":"Reinforced Body","floor":10.0,"key":"SMITH"},{"data":"Coolheaded","floor":13.0,"key":"SMITH"},{"floor":15.0,"key":"REST"},{"data":"Multi-Cast","floor":23.0,"key":"SMITH"},{"floor":25.0,"key":"REST"},{"floor":29.0,"key":"REST"},{"floor":32.0,"key":"REST"}],"neow_cost":"PERCENT_DAMAGE","seed_source_timestamp":2102236274301200,"circlet_count":0,"master_deck":["AscendersBane","Defend_B","Defend_B","Defend_B","Defend_B","Zap","Dualcast","Capacitor","Gash","Reinforced Body+1","Coolheaded+1","Chill","Multi-Cast+1","Coolheaded","Loop","Shame","Leap","Gash","Cold Snap+1","Chill","Conserve Battery","Capacitor","Blizzard","Electrodynamics"],"special_seed":0,"relics":["Cracked Core","StoneCalendar","Oddly Smooth Stone","Boot","Symbiotic Virus","Pen Nib","Sozu","Emotion Chip","Dream Catcher","Kunai","DataDisk","Empty Cage","Bag of Preparation"],"potions_floor_usage":[37],"damage_taken":[{"damage":2.0,"enemies":"Jaw Worm","floor":1.0,"turns":4.0},{"damage":3.0,"enemies":"Cultist","floor":3.0,"turns":5.0},{"damage":10.0,"enemies":"2 Louse","floor":4.0,"turns":3.0},{"damage":13.0,"enemies":"Lagavulin","floor":6.0,"turns":7.0},{"damage":0.0,"enemies":"Blue Slaver","floor":7.0,"turns":7.0},{"damage":8.0,"enemies":"Exordium Wildlife","floor":11.0,"turns":7.0},{"damage":26.0,"enemies":"Gremlin Nob","floor":14.0,"turns":4.0},{"damage":22.0,"enemies":"Hexaghost","floor":16.0,"turns":9.0},{"damage":0.0,"enemies":"Spheric Guardian","floor":18.0,"turns":7.0},{"damage":18.0,"enemies":"Book of Stabbing","floor":24.0,"turns":4.0},{"damage":36.0,"enemies":"Gremlin Leader","floor":27.0,"turns":7.0},{"damage":6.0,"enemies":"2 Thieves","floor":28.0,"turns":5.0},{"damage":18.0,"enemies":"Shelled Parasite and Fungi","floor":30.0,"turns":7.0},{"damage":3.0,"enemies":"Centurion and Healer","floor":31.0,"turns":6.0},{"damage":31.0,"enemies":"Collector","floor":33.0,"turns":22.0},{"damage":6.0,"enemies":"3 Darklings","floor":35.0,"turns":6.0},{"damage":53,"enemies":"2 Orb Walkers","floor":37,"turns":5}],"seed_played":"6278502866612129980","potions_obtained":[{"floor":7.0,"key":"SkillPotion"},{"floor":14.0,"key":"SpeedPotion"},{"floor":16.0,"key":"FocusPotion"}],"is_trial":false,"path_per_floor":["M","?","M","M","$","E","M","R","T","R","M","T","R","E","R","B",null,"M","?","$","?","$","R","E","R","T","E","M","R","M","M","R","B",null,"M","$","?"],"character_chosen":"DEFECT","items_purchased":["Reinforced Body","SkillPotion","Loop","Leap","Bag of Preparation"],"campfire_rested":5,"item_purchase_floors":[5,5,20,22,36],"current_hp_per_floor":[44,44,41,31,31,18,18,39,39,39,31,31,31,5,26,4,54,54,54,54,54,54,54,36,57,57,21,15,36,18,15,36,5,55,49,49,0],"gold":9,"neow_bonus":"ONE_RARE_RELIC","is_prod":false,"is_daily":false,"chose_seed":false,"campfire_upgraded":3,"win_rate":0,"timestamp":1562603372,"path_taken":["M","?","M","M","$","E","M","R","T","R","?","?","R","E","R","BOSS","M","?","$","?","?","R","E","R","T","E","M","R","M","M","R","BOSS","M","$","?"],"build_version":"2019-07-05","purchased_purges":1,"victory":false,"max_hp_per_floor":[71,71,71,71,71,71,71,71,71,71,71,71,71,71,71,71,71,71,71,71,71,71,71,71,71,71,71,71,71,71,71,71,71,71,71,71,71],"card_choices":[{"not_picked":["Gash","Redo","Steam"],"picked":"SKIP","floor":1.0},{"not_picked":["Reinforced Body","Barrage"],"picked":"Capacitor","floor":3.0},{"not_picked":["Barrage","Beam Cell"],"picked":"Gash","floor":4.0},{"not_picked":["Rebound","Steam","Thunder Strike"],"picked":"SKIP","floor":6.0},{"not_picked":["Loop","Doom and Gloom"],"picked":"Coolheaded","floor":7.0},{"not_picked":["Melter","Rip and Tear","Go for the Eyes"],"picked":"SKIP","floor":11.0},{"not_picked":["Tempest","Cold Snap"],"picked":"Chill","floor":14.0},{"not_picked":["Seek","Core Surge"],"picked":"Multi-Cast","floor":16.0},{"not_picked":["Leap","Skim"],"picked":"Coolheaded","floor":18.0},{"not_picked":["Compile Driver","Undo"],"picked":"Gash","floor":24.0},{"not_picked":["Doom and Gloom","Hologram"],"picked":"Cold Snap+1","floor":27.0},{"not_picked":["Hologram","Beam Cell"],"picked":"Chill","floor":28.0},{"not_picked":["Force Field","Lockon"],"picked":"Conserve Battery","floor":29.0},{"not_picked":["Redo","Fusion"],"picked":"Capacitor","floor":30.0},{"not_picked":["Redo","Static Discharge","Biased Cognition"],"picked":"SKIP","floor":31.0},{"not_picked":["Coolheaded+1","Aggregate"],"picked":"Blizzard","floor":32.0},{"not_picked":["Reboot","Rainbow"],"picked":"Electrodynamics","floor":33.0},{"not_picked":["Auto Shields+1","Compile Driver","Rebound"],"picked":"SKIP","floor":35.0}],"player_experience":1239833,"relics_obtained":[{"floor":6.0,"key":"Oddly Smooth Stone"},{"floor":9.0,"key":"Boot"},{"floor":12.0,"key":"Symbiotic Virus"},{"floor":14.0,"key":"Pen Nib"},{"floor":24.0,"key":"Dream Catcher"},{"floor":26.0,"key":"Kunai"},{"floor":27.0,"key":"DataDisk"}],"event_choices":[{"cards_removed":["Strike_B"],"damage_healed":0.0,"max_hp_gain":0.0,"max_hp_loss":0.0,"gold_gain":0.0,"event_name":"Bonfire Elementals","player_choice":"Offered Basic","floor":2.0,"gold_loss":0.0,"damage_taken":0.0},{"damage_healed":0.0,"max_hp_gain":0.0,"max_hp_loss":0.0,"gold_gain":0.0,"event_name":"Vampires","player_choice":"Ignored","floor":19.0,"gold_loss":0.0,"damage_taken":0.0},{"damage_healed":0.0,"max_hp_gain":0.0,"max_hp_loss":0.0,"gold_gain":0.0,"event_name":"Addict","player_choice":"Stole Relic","floor":21.0,"gold_loss":0.0,"damage_taken":0.0,"relics_obtained":["Emotion Chip"],"cards_obtained":["Shame"]},{"damage_healed":0,"gold_gain":0,"player_choice":"Fight","damage_taken":0,"max_hp_gain":0,"max_hp_loss":0,"event_name":"Mysterious Sphere","floor":37,"gold_loss":0}],"is_beta":false,"boss_relics":[{"not_picked":["Ectoplasm","Velvet Choker"],"picked":"Sozu"},{"not_picked":["Orrery","Coffee Dripper"],"picked":"Empty Cage"}],"items_purged_floors":[20],"is_endless":false,"potions_floor_spawned":[7,14,16,18,30,31,35],"killed_by":"2 Orb Walkers","ascension_level":20}