{"gold_per_floor":[116,116,131,148,148,173,173,191,269,281,293,293,70,95,107,193,205,125,125,125,39,39,39,39,39,39,39,14,14,14,14,14,14],"floor_reached":33,"playtime":1148,"items_purged":[],"score":558,"play_id":"f046cb35-447c-4669-91d1-447342280542","local_time":"20190705205600","is_ascension_mode":true,"campfire_choices":[{"floor":7.0,"key":"REST"},{"floor":12,"key":"REST"},{"data":"Caltrops","floor":15,"key":"SMITH"},{"floor":23,"key":"REST"},{"floor":29,"key":"REST"},{"floor":32,"key":"REST"}],"neow_cost":"NONE","seed_source_timestamp":5991622448806003,"circlet_count":0,"master_deck":["AscendersBane","Strike_G","Strike_G","Strike_G","Strike_G","Strike_G","Defend_G","Defend_G","Defend_G","Defend_G","Defend_G","Survivor","Neutralize+1","Dash+1","Crippling Poison","Poisoned Stab","Predator","Terror","Caltrops+1","PiercingWail","Backflip","Corpse Explosion","All Out Attack","Dagger Spray+1","Footwork+1","PiercingWail","Dagger Spray","Outmaneuver","Dagger Spray"],"special_seed":0,"relics":["Ring of the Snake","Turnip","Happy Flower","Bottled Flame","PreservedInsect","MawBank","Ectoplasm","Regal Pillow","Dream Catcher"],"potions_floor_usage":[14,25,31],"damage_taken":[{"damage":0.0,"enemies":"2 Louse","floor":1.0,"turns":4.0},{"damage":2.0,"enemies":"Jaw Worm","floor":3.0,"turns":4.0},{"damage":0.0,"enemies":"Cultist","floor":4.0,"turns":4.0},{"damage":22.0,"enemies":"Gremlin Nob","floor":6.0,"turns":5.0},{"damage":14.0,"enemies":"Large Slime","floor":8.0,"turns":7.0},{"damage":7,"enemies":"Gremlin Gang","floor":10,"turns":5},{"damage":9,"enemies":"2 Fungi Beasts","floor":11,"turns":4},{"damage":1,"enemies":"3 Sentries","floor":14,"turns":7},{"damage":4,"enemies":"The Guardian","floor":16,"turns":11},{"damage":16,"enemies":"2 Thieves","floor":18,"turns":3},{"damage":0,"enemies":"Shell Parasite","floor":19,"turns":5},{"damage":4,"enemies":"Snecko","floor":20,"turns":4},{"damage":8,"enemies":"Shelled Parasite and Fungi","floor":22,"turns":6},{"damage":19,"enemies":"Centurion and Healer","floor":25,"turns":5},{"damage":25,"enemies":"Sentry and Sphere","floor":27,"turns":5},{"damage":35,"enemies":"Gremlin Leader","floor":31,"turns":5},{"damage":50,"enemies":"Collector","floor":33,"turns":7}],"seed_played":"-4299867451968030910","potions_obtained":[{"floor":1.0,"key":"FairyPotion"},{"floor":4.0,"key":"AttackPotion"},{"floor":10,"key":"EssenceOfSteel"},{"floor":18,"key":"SneckoOil"},{"floor":19,"key":"Poison Potion"},{"floor":20,"key":"PowerPotion"}],"is_trial":false,"path_per_floor":["M","?","M","M","?","E","R","M","T","M","M","R","$","E","R","B",null,"M","M","M","$","M","R","?","M","T","M","$","R","?","E","R","B"],"character_chosen":"THE_SILENT","items_purchased":["PreservedInsect","Backflip","Footwork","Outmaneuver"],"campfire_rested":5,"item_purchase_floors":[13,13,21,28],"current_hp_per_floor":[59,59,57,57,39,17,36,22,22,15,6,25,25,24,24,20,55,39,39,35,35,27,46,46,27,27,2,2,36,36,1,35,0],"gold":14,"neow_bonus":"UPGRADE_CARD","is_prod":false,"is_daily":false,"chose_seed":false,"campfire_upgraded":1,"win_rate":0,"timestamp":1562374560,"path_taken":["M","?","M","M","?","E","R","M","T","M","M","R","$","E","R","BOSS","M","M","M","$","M","R","?","M","T","?","$","R","?","E","R","BOSS"],"build_version":"2019-07-05","purchased_purges":0,"victory":false,"max_hp_per_floor":[66,66,66,66,66,66,66,66,66,66,66,66,66,66,66,66,66,66,66,66,66,66,66,66,66,66,66,66,66,66,66,66,66],"card_choices":[{"not_picked":["Dodge and Roll","Leg Sweep"],"picked":"Dash","floor":1.0},{"not_picked":["Prepared","Quick Slash"],"picked":"Crippling Poison","floor":3.0},{"not_picked":["Dagger Throw","Skewer"],"picked":"Poisoned Stab","floor":4.0},{"not_picked":["Flechettes","Flying Knee"],"picked":"Predator","floor":6.0},{"not_picked":["Sucker Punch","Bane"],"picked":"Terror","floor":8.0},{"not_picked":["Concentrate","Quick Slash"],"picked":"Caltrops","floor":10},{"not_picked":["Blade Dance","Slice"],"picked":"PiercingWail","floor":11},{"not_picked":["Blade Dance","Night Terror","Setup"],"picked":"SKIP","floor":14},{"not_picked":["Die Die Die","Venomology"],"picked":"Corpse Explosion","floor":16},{"not_picked":["Bane+1","Prepared","Dagger Throw"],"picked":"SKIP","floor":18},{"not_picked":["Escape Plan","Cloak And Dagger"],"picked":"All Out Attack","floor":19},{"not_picked":["Dagger Throw","Tactician"],"picked":"Dagger Spray+1","floor":20},{"not_picked":["Accuracy","Distraction","Quick Slash"],"picked":"SKIP","floor":22},{"not_picked":["Setup","Flying Knee"],"picked":"PiercingWail","floor":25},{"not_picked":["Tactician","Unload"],"picked":"Dagger Spray","floor":27},{"not_picked":["Underhanded Strike","Masterful Stab","Quick Slash"],"picked":"SKIP","floor":31},{"not_picked":["Calculated Gamble","Flying Knee"],"picked":"Dagger Spray","floor":32}],"player_experience":886352,"relics_obtained":[{"floor":6.0,"key":"Happy Flower"},{"floor":9,"key":"Bottled Flame"},{"floor":14,"key":"MawBank"},{"floor":26,"key":"Regal Pillow"},{"floor":31,"key":"Dream Catcher"}],"event_choices":[{"damage_healed":0.0,"max_hp_gain":0.0,"max_hp_loss":0.0,"gold_gain":0.0,"event_name":"Living Wall","player_choice":"Grow","floor":2.0,"gold_loss":0.0,"damage_taken":0.0,"cards_upgraded":["Dash"]},{"damage_healed":0.0,"max_hp_gain":0.0,"max_hp_loss":0.0,"gold_gain":0.0,"event_name":"Scrap Ooze","player_choice":"Success","floor":5.0,"gold_loss":0.0,"damage_taken":18.0,"relics_obtained":["Turnip"]},{"damage_healed":0,"gold_gain":0,"player_choice":"Ignored","damage_taken":0,"max_hp_gain":0,"max_hp_loss":0,"event_name":"N\u0027loth","floor":24,"gold_loss":0},{"damage_healed":0,"gold_gain":0,"player_choice":"Upgraded","damage_taken":0,"max_hp_gain":0,"max_hp_loss":0,"event_name":"Upgrade Shrine","floor":30,"gold_loss":0,"cards_upgraded":["Footwork"]}],"is_beta":false,"boss_relics":[{"not_picked":["Runic Dome","Coffee Dripper"],"picked":"Ectoplasm"}],"items_purged_floors":[],"is_endless":false,"potions_floor_spawned":[1,4,10,11,18,19,20],"killed_by":"Collector","ascension_level":20}