{"gold_per_floor":[114,127,145,145,145,145,176,176,201,232,232,252,266,298,298,298],"floor_reached":16,"playtime":505,"items_purged":[],"score":290,"play_id":"dd0c4a0c-a71a-4235-9195-ce8d37af94ab","local_time":"20190612190038","is_ascension_mode":true,"campfire_choices":[{"data":"Sucker Punch","floor":6.0,"key":"SMITH"},{"data":"Masterful Stab","floor":8.0,"key":"SMITH"},{"data":"Riddle With Holes","floor":11.0,"key":"SMITH"},{"data":"Night Terror","floor":15.0,"key":"SMITH"}],"neow_cost":"NONE","seed_source_timestamp":35761639660300,"circlet_count":0,"master_deck":["AscendersBane","Defend_G","Defend_G","Defend_G","Defend_G","Defend_G","Strike_G","Strike_G","Strike_G","Strike_G","Strike_G","Survivor","Neutralize+1","Sucker Punch+1","Endless Agony","Sucker Punch+1","Masterful Stab+1","Riddle With Holes+1","Setup","Finisher","Night Terror+1"],"special_seed":0,"relics":["Eternal Feather","Ancient Tea Set","Anchor","Tingsha","Prayer Wheel"],"potions_floor_usage":[16],"damage_taken":[{"damage":4.0,"enemies":"Jaw Worm","floor":1.0,"turns":6.0},{"damage":1.0,"enemies":"2 Louse","floor":2.0,"turns":3.0},{"damage":0.0,"enemies":"Cultist","floor":3.0,"turns":4.0},{"damage":29.0,"enemies":"Lagavulin","floor":7.0,"turns":8.0},{"damage":24.0,"enemies":"Gremlin Nob","floor":10.0,"turns":5.0},{"damage":0.0,"enemies":"Looter","floor":12.0,"turns":2.0},{"damage":8.0,"enemies":"Lots of Slimes","floor":13.0,"turns":4.0},{"damage":0.0,"enemies":"3 Sentries","floor":14.0,"turns":4.0},{"damage":37,"enemies":"The Guardian","floor":16,"turns":13}],"seed_played":"-2749241755145695689","potions_obtained":[{"floor":3.0,"key":"Block Potion"},{"floor":7.0,"key":"GhostInAJar"},{"floor":13.0,"key":"SkillPotion"},{"floor":14.0,"key":"Dexterity Potion"}],"is_trial":false,"path_per_floor":["M","M","M","?","?","R","E","R","T","E","R","M","M","E","R","B"],"character_chosen":"THE_SILENT","items_purchased":[],"campfire_rested":0,"item_purchase_floors":[],"current_hp_per_floor":[55,54,54,54,54,63,34,43,43,19,28,28,20,20,32,0],"gold":298,"neow_bonus":"BOSS_RELIC","is_prod":false,"is_daily":false,"chose_seed":false,"campfire_upgraded":4,"win_rate":0,"timestamp":1560362438,"path_taken":["M","M","M","?","?","R","E","R","T","E","R","?","M","E","R","BOSS"],"build_version":"2019-01-23","purchased_purges":0,"victory":false,"max_hp_per_floor":[66,66,66,66,66,66,66,66,66,66,66,66,66,66,66,66],"card_choices":[{"not_picked":["Accuracy","Setup"],"picked":"Sucker Punch","floor":1.0},{"not_picked":["Quick Slash","Bane"],"picked":"Endless Agony","floor":2.0},{"not_picked":["Flying Knee","Tactician"],"picked":"Sucker Punch","floor":3.0},{"not_picked":["Backflip","Outmaneuver"],"picked":"Masterful Stab","floor":7.0},{"not_picked":["Doppelganger","Dagger Spray"],"picked":"Riddle With Holes","floor":10.0},{"not_picked":["Dagger Spray","Slice"],"picked":"Setup","floor":12.0},{"not_picked":["Dagger Spray","Poisoned Stab"],"picked":"Finisher","floor":13.0},{"not_picked":["Outmaneuver","Cloak And Dagger"],"picked":"Night Terror","floor":14.0}],"player_experience":1457257,"relics_obtained":[{"floor":7.0,"key":"Ancient Tea Set"},{"floor":9.0,"key":"Anchor"},{"floor":10.0,"key":"Tingsha"},{"floor":14.0,"key":"Prayer Wheel"}],"event_choices":[{"damage_healed":0.0,"max_hp_gain":0.0,"max_hp_loss":0.0,"gold_gain":0.0,"event_name":"Living Wall","player_choice":"Grow","floor":4.0,"gold_loss":0.0,"damage_taken":0.0,"cards_upgraded":["Neutralize"]},{"damage_healed":0.0,"max_hp_gain":0.0,"max_hp_loss":0.0,"gold_gain":0.0,"event_name":"Upgrade Shrine","player_choice":"Upgraded","floor":5.0,"gold_loss":0.0,"damage_taken":0.0,"cards_upgraded":["Sucker Punch"]}],"is_beta":false,"boss_relics":[],"items_purged_floors":[],"is_endless":false,"potions_floor_spawned":[3,7,13,14],"killed_by":"The Guardian","ascension_level":20}