{"gold_per_floor":[219,239,31,31,50,50,75,93,93,127,127,127,153,168,168,168],"floor_reached":16,"playtime":1121,"items_purged":["Defend_G"],"score":240,"play_id":"2143b461-1ed7-41dd-bae0-4793667ad86c","local_time":"20190703161840","is_ascension_mode":true,"campfire_choices":[{"data":"All Out Attack","floor":6,"key":"SMITH"},{"floor":11,"key":"REST"},{"floor":15,"key":"REST"}],"neow_cost":"NONE","seed_source_timestamp":16778333224900,"circlet_count":0,"master_deck":["AscendersBane","Strike_G","Strike_G","Strike_G","Strike_G","Strike_G","Defend_G","Defend_G","Defend_G","Defend_G","Survivor","Neutralize","Footwork","All Out Attack+1","Dagger Throw","Backflip","Backstab","Noxious Fumes","Blur+1","Deadly Poison+1","Backflip+1"],"relics":["Ring of the Snake","Omamori","Ancient Tea Set","Toxic Egg 2","Ninja Scroll"],"potions_floor_usage":[7,10,16],"damage_taken":[{"damage":0,"enemies":"Cultist","floor":1,"turns":4},{"damage":0,"enemies":"2 Louse","floor":2,"turns":5},{"damage":0,"enemies":"Jaw Worm","floor":5,"turns":6},{"damage":35,"enemies":"Gremlin Nob","floor":7,"turns":6},{"damage":0,"enemies":"Looter","floor":8,"turns":3},{"damage":7,"enemies":"3 Sentries","floor":10,"turns":6},{"damage":26,"enemies":"Gremlin Nob","floor":13,"turns":4},{"damage":0,"enemies":"Blue Slaver","floor":14,"turns":1},{"damage":34,"enemies":"Slime Boss","floor":16,"turns":8}],"seed_played":"-3856667617232313505","potions_obtained":[{"floor":2,"key":"FearPotion"},{"floor":5,"key":"Fire Potion"},{"floor":13,"key":"Energy Potion"}],"is_trial":false,"path_per_floor":["M","M","$","T","M","R","E","M","T","E","R","?","E","M","R","B"],"character_chosen":"THE_SILENT","items_purchased":["Dagger Throw","Backflip","Block Potion"],"campfire_rested":2,"item_purchase_floors":[3,3,3],"current_hp_per_floor":[59,59,59,59,59,59,24,24,24,17,36,36,10,10,29,0],"gold":168,"neow_bonus":"HUNDRED_GOLD","is_prod":false,"is_daily":false,"chose_seed":false,"campfire_upgraded":1,"win_rate":0,"timestamp":1562185120,"path_taken":["M","?","$","?","M","R","E","M","T","E","R","?","E","M","R","BOSS"],"build_version":"2019-07-01","purchased_purges":1,"victory":false,"max_hp_per_floor":[66,66,66,66,66,66,66,66,66,66,66,66,66,66,66,66],"card_choices":[{"not_picked":["Sucker Punch","PiercingWail"],"picked":"Footwork","floor":1},{"not_picked":["Backstab","Backflip"],"picked":"All Out Attack","floor":2},{"not_picked":["Infinite Blades","Acrobatics","Bane"],"picked":"SKIP","floor":5},{"not_picked":["Endless Agony","Poisoned Stab"],"picked":"Backstab","floor":7},{"not_picked":["Outmaneuver","Underhanded Strike"],"picked":"Noxious Fumes","floor":8},{"not_picked":["Slice","Flying Knee"],"picked":"Blur","floor":10},{"not_picked":["Choke","Phantasmal Killer+1"],"picked":"Deadly Poison+1","floor":13},{"not_picked":["Underhanded Strike","Dagger Throw"],"picked":"Backflip+1","floor":14}],"player_experience":2200239,"relics_obtained":[{"floor":4,"key":"Omamori"},{"floor":7,"key":"Ancient Tea Set"},{"floor":10,"key":"Toxic Egg 2"},{"floor":13,"key":"Ninja Scroll"}],"event_choices":[{"damage_healed":0,"gold_gain":0,"player_choice":"Fled","damage_taken":0,"max_hp_gain":0,"max_hp_loss":0,"event_name":"Scrap Ooze","floor":12,"gold_loss":0}],"is_beta":false,"boss_relics":[],"items_purged_floors":[3],"is_endless":false,"potions_floor_spawned":[2,5,13],"killed_by":"Slime Boss","ascension_level":20}