{"path_per_floor":["M","$","M","?","M","R","E","?","T","M","M","M","$","M","R","B",null,"M","?","?","M","M","R","?","E","T","E","M","$","M","?","R","B",null,"M","$","?","M","M","R","E","R","T","$","?","E","$","M","R"],"character_chosen":"IRONCLAD","items_purchased":["Orichalcum","Swift Strike","Lee\u0027s Waffle","Happy Flower"],"gold_per_floor":[115,40,53,53,77,77,108,138,138,154,172,197,51,67,67,191,191,216,216,216,237,261,261,261,299,299,338,353,159,177,177,177,297,297,312,120,120,133,147,147,180,180,206,51,51,85,85,104,104],"floor_reached":50,"campfire_rested":6,"playtime":4000,"current_hp_per_floor":[80,80,77,74,74,74,40,40,50,35,30,29,29,35,60,48,84,60,44,44,53,35,60,84,67,81,74,66,66,36,36,65,55,98,46,108,98,95,49,82,66,99,99,99,99,36,36,7,40],"items_purged":["Defend_R","Strike_R"],"gold":104,"play_id":"16f8318d-a288-42c6-885f-9e4d301a13fd","is_prod":false,"is_daily":false,"is_ascension_mode":false,"campfire_upgraded":1,"path_taken":["M","$","M","?","?","R","E","?","T","?","M","M","$","M","R","BOSS","M","?","?","?","M","R","?","E","T","E","M","?","?","?","R","BOSS","M","$","?","M","M","R","E","R","T","$","?","E","?","M","R","BOSS"],"build_version":"2018-01-25-PROD3","purchased_purges":2,"victory":false,"master_deck":["Strike_R+1","Strike_R+1","Bash","Rampage+1","Dual Wield","Clothesline","Pommel Strike","Intimidate","Pummel","Perfected Strike","Inflame","Disarm","Demon Form+1","Dark Embrace+1","Pommel Strike+1","Thunderclap","Infernal Blade","Heavy Blade+1","Bloodletting","Swift Strike","Thunderclap","Double Tap","Dropkick","Madness","Madness","Inflame+1","Fire Breathing+1","Bludgeon","Burning Pact+1","Flex+1"],"max_hp_per_floor":[80,80,80,74,74,74,74,74,84,84,84,84,84,84,84,84,84,84,84,84,84,84,84,84,84,98,98,98,98,98,98,98,98,98,101,108,108,108,111,111,111,111,111,111,111,111,111,111,111],"relics":["Burning Blood","Golden Idol","Whetstone","Pear","Orichalcum","Astrolabe","Nilry\u0027s Codex","Oddly Smooth Stone","Mango","Shuriken","Mark of Pain","Lee\u0027s Waffle","Juzu Bracelet","Pen Nib","Happy Flower","Dodecahedron"],"card_choices":[{"not_picked":["Clothesline","Feel No Pain"],"picked":"Dual Wield"},{"not_picked":["Armaments","Iron Wave"],"picked":"Clothesline"},{"not_picked":["Power Through","Armaments"],"picked":"Pommel Strike"},{"not_picked":["Combust","Rage"],"picked":"Intimidate"},{"not_picked":["Fire Breathing","Feel No Pain"],"picked":"Pummel"},{"not_picked":["Metallicize","True Grit"],"picked":"Perfected Strike"},{"not_picked":["Armaments","Dropkick"],"picked":"Inflame"},{"not_picked":["Metallicize","Pummel"],"picked":"Disarm"},{"not_picked":["Hemokinesis","Clash"],"picked":"Thunderclap"},{"not_picked":["True Grit","Barricade"],"picked":"Infernal Blade"},{"not_picked":["Cleave","Inflame"],"picked":"Heavy Blade"},{"not_picked":["Combust","True Grit"],"picked":"Bloodletting"},{"not_picked":["Barricade","Dark Embrace"],"picked":"Double Tap"},{"not_picked":["Cleave","True Grit"],"picked":"Dropkick"},{"not_picked":["Pommel Strike","Shrug It Off"],"picked":"Inflame"},{"not_picked":["Body Slam","Warcry"],"picked":"Fire Breathing"},{"not_picked":["Body Slam","Feel No Pain"],"picked":"Bludgeon"},{"not_picked":["Armaments","Sever Soul"],"picked":"Burning Pact"},{"not_picked":["Armaments","Disarm"],"picked":"Flex"}],"player_experience":30818,"potions_floor_usage":[7,16,25,38,41,41,50],"damage_taken":[{"damage":2,"enemies":"2 Louse","floor":1,"turns":3},{"damage":9,"enemies":"Small Slimes","floor":3,"turns":3},{"damage":6,"enemies":"Cultist","floor":5,"turns":3},{"damage":40,"enemies":"Lagavulin","floor":7,"turns":7},{"damage":21,"enemies":"Red Slaver","floor":10,"turns":4},{"damage":11,"enemies":"Exordium Wildlife","floor":11,"turns":3},{"damage":7,"enemies":"Looter","floor":12,"turns":2},{"damage":0,"enemies":"3 Louse","floor":14,"turns":4},{"damage":18,"enemies":"Slime Boss","floor":16,"turns":8},{"damage":30,"enemies":"2 Thieves","floor":18,"turns":4},{"damage":7,"enemies":"Chosen","floor":21,"turns":5},{"damage":24,"enemies":"Snake Plant","floor":22,"turns":4},{"damage":50,"enemies":"Slavers","floor":25,"turns":5},{"damage":13,"enemies":"Gremlin Leader","floor":27,"turns":5},{"damage":14,"enemies":"Snecko","floor":28,"turns":4},{"damage":36,"enemies":"Sentry and Sphere","floor":30,"turns":5},{"damage":16,"enemies":"Champ","floor":33,"turns":9},{"damage":61,"enemies":"3 Shapes","floor":35,"turns":4},{"damage":16,"enemies":"3 Darklings","floor":38,"turns":3},{"damage":55,"enemies":"Sphere and 2 Shapes","floor":39,"turns":5},{"damage":22,"enemies":"Nemesis","floor":41,"turns":7},{"damage":69,"enemies":"Giant Head","floor":46,"turns":7},{"damage":35,"enemies":"4 Shapes","floor":48,"turns":5},{"damage":48,"enemies":"Awakened One","floor":50,"turns":3}],"event_choices":[{"event_name":"Golden Idol","player_choice":"Lose Max HP","floor":4,"damage_taken":0},{"event_name":"Dead Adventurer","player_choice":"Searched \u00271\u0027 times","floor":8,"damage_taken":0},{"event_name":"Cursed Tome","player_choice":"Obtained Book","floor":19,"damage_taken":0},{"event_name":"Back to Basics","player_choice":"Elegance","floor":20,"damage_taken":0},{"event_name":"Wheel of Change","player_choice":"Full Heal","floor":24,"damage_taken":0},{"event_name":"Duplicator","player_choice":"One dupe","floor":31,"damage_taken":0},{"event_name":"Winding Halls","player_choice":"Embrace Madness","floor":37,"damage_taken":0},{"event_name":"Mysterious Sphere","player_choice":"Ignore","floor":45,"damage_taken":0}],"boss_relics":[{"not_picked":["Black Star","Tiny House"],"picked":"Astrolabe"},{"not_picked":["Sozu","Orrery"],"picked":"Mark of Pain"}],"potions_floor_spawned":[3,5,7,18,21,35,39],"seed_played":"-3374405672284180744","killed_by":"Awakened One","ascension_level":0,"is_trial":false}