{"gold_per_floor":[109,129,141,153,173,173,206,206,232,266,266,266,285,295,295,295],"floor_reached":16,"playtime":417,"items_purged":[],"score":228,"play_id":"d579905b-ea12-41eb-a4b2-502b5526bcbd","local_time":"20190429201111","is_ascension_mode":true,"campfire_choices":[{"data":"Streamline","floor":6.0,"key":"SMITH"},{"floor":8.0,"key":"REST"},{"floor":11.0,"key":"REST"},{"data":"Seek","floor":15,"key":"SMITH"}],"neow_cost":"NONE","seed_source_timestamp":525173601760500,"circlet_count":0,"master_deck":["AscendersBane","Strike_B","Strike_B+1","Strike_B","Strike_B+1","Defend_B","Defend_B","Defend_B","Defend_B","Zap","Dualcast","Streamline+1","Hologram","Sweeping Beam","Rebound","Melter","Seek+1","Undo","Leap","Hologram"],"special_seed":0,"relics":["Cracked Core","NeowsBlessing","Whetstone","Potion Belt","Ancient Tea Set"],"potions_floor_usage":[],"damage_taken":[{"damage":0.0,"enemies":"Small Slimes","floor":1.0,"turns":1.0},{"damage":0.0,"enemies":"Cultist","floor":2.0,"turns":1.0},{"damage":0.0,"enemies":"2 Louse","floor":3.0,"turns":1.0},{"damage":12.0,"enemies":"2 Fungi Beasts","floor":4.0,"turns":4.0},{"damage":8.0,"enemies":"Blue Slaver","floor":5.0,"turns":3.0},{"damage":27.0,"enemies":"Lagavulin","floor":7.0,"turns":4.0},{"damage":25.0,"enemies":"3 Sentries","floor":10.0,"turns":7.0},{"damage":1,"enemies":"3 Louse","floor":13,"turns":3},{"damage":1,"enemies":"Exordium Wildlife","floor":14,"turns":2},{"damage":36,"enemies":"The Guardian","floor":16,"turns":9}],"seed_played":"2502522138783504816","potions_obtained":[{"floor":2.0,"key":"Dexterity Potion"},{"floor":4.0,"key":"SkillPotion"},{"floor":5.0,"key":"EssenceOfSteel"}],"is_trial":false,"path_per_floor":["M","M","M","M","M","R","E","R","T","E","R","?","M","M","R","B"],"character_chosen":"DEFECT","items_purchased":[],"campfire_rested":2,"item_purchase_floors":[],"current_hp_per_floor":[64,64,64,52,44,44,17,38,38,13,34,34,33,32,32,0],"gold":295,"neow_bonus":"THREE_ENEMY_KILL","is_prod":false,"is_daily":false,"chose_seed":false,"campfire_upgraded":2,"win_rate":0,"timestamp":1556565071,"path_taken":["M","M","M","M","M","R","E","R","T","E","R","?","?","M","R","BOSS"],"build_version":"2019-01-23","purchased_purges":0,"victory":false,"max_hp_per_floor":[71,71,71,71,71,71,71,71,71,71,71,71,71,71,71,71],"card_choices":[{"not_picked":["Coolheaded","Compile Driver"],"picked":"Streamline","floor":1.0},{"not_picked":["Stack","Streamline"],"picked":"Hologram","floor":2.0},{"not_picked":["Go for the Eyes","Skim"],"picked":"Sweeping Beam","floor":3.0},{"not_picked":["Turbo","Coolheaded"],"picked":"Rebound","floor":4.0},{"not_picked":["Auto Shields","Gash"],"picked":"Melter","floor":5.0},{"not_picked":["Static Discharge","Turbo"],"picked":"Seek","floor":7.0},{"not_picked":["Streamline","Steam Power"],"picked":"Undo","floor":10.0},{"not_picked":["Streamline","Hologram"],"picked":"Leap","floor":13},{"not_picked":["Melter","Hello World"],"picked":"Hologram","floor":14}],"player_experience":1321887,"relics_obtained":[{"floor":7.0,"key":"Whetstone"},{"floor":9.0,"key":"Potion Belt"},{"floor":10.0,"key":"Ancient Tea Set"}],"event_choices":[{"damage_healed":0,"gold_gain":0,"player_choice":"Leave","damage_taken":0,"max_hp_gain":0,"max_hp_loss":0,"event_name":"FaceTrader","floor":12,"gold_loss":0}],"is_beta":false,"boss_relics":[],"items_purged_floors":[],"is_endless":false,"potions_floor_spawned":[2,4,5],"killed_by":"The Guardian","ascension_level":20}