{"gold_per_floor":[212,212,5,5,17,17,17,17,89,105,125,151,151,23,23,100,100,116,58,71,27,58,58,84,84,108,108,108,8,8,38,38,117,117,132,132,147,147,369,396,115,130,130,130,130],"floor_reached":45,"playtime":1904,"items_purged":["Strike_G","Strike_G+1"],"score":971,"play_id":"e6e1c0ab-5cdc-4cce-a437-2434b19a72a3","local_time":"20190703195136","is_ascension_mode":true,"campfire_choices":[{"data":"Neutralize","floor":6.0,"key":"SMITH"},{"data":"Noxious Fumes","floor":8.0,"key":"SMITH"},{"data":"Footwork","floor":13.0,"key":"SMITH"},{"floor":15.0,"key":"REST"},{"data":"Catalyst","floor":23.0,"key":"SMITH"},{"data":"Tools of the Trade","floor":28.0,"key":"SMITH"},{"data":"Adrenaline","floor":30.0,"key":"SMITH"},{"data":"Heel Hook","floor":32.0,"key":"SMITH"}],"neow_cost":"NONE","seed_source_timestamp":5814138203103554,"circlet_count":0,"master_deck":["AscendersBane","Survivor","Neutralize+1","Heel Hook+1","Noxious Fumes+1","Footwork+1","Slice+1","Predator+1","Leg Sweep","PiercingWail","Tools of the Trade+1","Bane+1","Backflip","Cloak And Dagger","Catalyst+1","Glass Knife+1","Adrenaline+1","Bullet Time","Dagger Throw+1","Backstab+1","Predator+1","Corpse Explosion","Cloak And Dagger","PiercingWail","Underhanded Strike+1","Flying Knee+1","Dagger Spray+1","Deep Breath","Sucker Punch+1","Caltrops","Footwork"],"special_seed":0,"relics":["Ring of the Snake","Oddly Smooth Stone","Happy Flower","Molten Egg 2","Anchor","Coffee Dripper","Red Mask","Turnip","Snake Skull","Mercury Hourglass","Pandora\u0027s Box","Prayer Wheel","Strawberry"],"potions_floor_usage":[42],"damage_taken":[{"damage":2.0,"enemies":"Small Slimes","floor":1.0,"turns":6.0},{"damage":0.0,"enemies":"Jaw Worm","floor":5.0,"turns":6.0},{"damage":0.0,"enemies":"Cultist","floor":10.0,"turns":4.0},{"damage":19.0,"enemies":"Exordium Thugs","floor":11.0,"turns":8.0},{"damage":7.0,"enemies":"Lagavulin","floor":12.0,"turns":7.0},{"damage":18.0,"enemies":"The Guardian","floor":16.0,"turns":11.0},{"damage":0.0,"enemies":"2 Thieves","floor":18.0,"turns":5.0},{"damage":9.0,"enemies":"Chosen","floor":20.0,"turns":5.0},{"damage":2.0,"enemies":"Masked Bandits","floor":22.0,"turns":4.0},{"damage":3.0,"enemies":"Book of Stabbing","floor":24.0,"turns":5.0},{"damage":2.0,"enemies":"Slavers","floor":31.0,"turns":5.0},{"damage":3.0,"enemies":"Champ","floor":33.0,"turns":13.0},{"damage":0.0,"enemies":"3 Shapes","floor":35.0,"turns":4.0},{"damage":2.0,"enemies":"Orb Walker","floor":37.0,"turns":3.0},{"damage":47,"enemies":"Reptomancer","floor":40,"turns":7},{"damage":25,"enemies":"Maw","floor":42,"turns":7},{"damage":18,"enemies":"Nemesis","floor":45,"turns":4}],"seed_played":"5381810168020131062","potions_obtained":[{"floor":1.0,"key":"LiquidBronze"},{"floor":5.0,"key":"GamblersBrew"},{"floor":20.0,"key":"Explosive Potion"},{"floor":22.0,"key":"SkillPotion"},{"floor":42,"key":"SteroidPotion"}],"is_trial":false,"path_per_floor":["M","?","$","?","M","R","?","R","T","M","M","E","R","$","R","B",null,"M","$","M","$","?","R","E","?","T","?","R","$","R","E","R","B",null,"M","?","M","?","?","E","$","M","T","$","E"],"character_chosen":"THE_SILENT","items_purchased":["Oddly Smooth Stone","Noxious Fumes","PiercingWail","Backflip","Catalyst","Regen Potion","Strawberry","Caltrops"],"campfire_rested":1,"item_purchase_floors":[3,3,14,19,21,41,41,41],"current_hp_per_floor":[57,62,62,44,44,44,44,44,44,44,25,18,18,18,39,21,59,59,59,50,50,48,48,45,45,45,45,45,45,45,43,43,40,63,63,63,61,61,61,14,21,11,11,11,0],"gold":130,"neow_bonus":"HUNDRED_GOLD","is_prod":false,"is_daily":false,"chose_seed":false,"campfire_upgraded":7,"win_rate":0,"timestamp":1562197896,"path_taken":["M","?","$","?","?","R","?","R","T","M","M","E","R","?","R","BOSS","M","?","M","$","?","R","E","?","T","?","R","$","R","E","R","BOSS","M","?","M","?","?","E","?","?","T","?","E"],"build_version":"2019-07-01","purchased_purges":2,"victory":false,"max_hp_per_floor":[66,71,71,71,71,71,71,71,71,71,71,71,71,71,71,71,71,71,71,71,71,71,71,71,71,71,71,71,71,71,71,71,71,71,71,71,71,71,71,71,78,78,78,78,78],"card_choices":[{"not_picked":["Escape Plan","Deflect"],"picked":"Heel Hook","floor":1.0},{"not_picked":["Acrobatics","Skewer"],"picked":"Footwork","floor":5.0},{"not_picked":["Endless Agony+1","Dagger Throw+1"],"picked":"Slice+1","floor":10.0},{"not_picked":["Endless Agony+1","Deflect"],"picked":"Predator+1","floor":11.0},{"not_picked":["Backflip","Reflex"],"picked":"Leg Sweep","floor":12.0},{"not_picked":["Storm of Steel","Envenom"],"picked":"Tools of the Trade","floor":16.0},{"not_picked":["Quick Slash+1","Acrobatics"],"picked":"Bane+1","floor":18.0},{"not_picked":["Distraction","Noxious Fumes"],"picked":"Cloak And Dagger","floor":20.0},{"not_picked":["Blade Dance","Outmaneuver"],"picked":"Glass Knife+1","floor":22.0},{"not_picked":["Outmaneuver+1","Setup"],"picked":"Adrenaline","floor":24.0},{"not_picked":["Quick Slash+1","Backstab+1","Deflect"],"picked":"SKIP","floor":31.0},{"not_picked":["Night Terror","Envenom"],"picked":"Bullet Time","floor":33.0},{"not_picked":["Slice+1","Finisher+1"],"picked":"Dagger Spray+1","floor":35.0},{"not_picked":["Discovery","Purity"],"picked":"Deep Breath","floor":36.0},{"not_picked":["Underhanded Strike+1","Cloak And Dagger","Dagger Throw+1"],"picked":"SKIP","floor":37.0},{"not_picked":["Prepared","Endless Agony+1"],"picked":"Sucker Punch+1","floor":40},{"not_picked":["Dagger Spray+1","Glass Knife+1"],"picked":"Footwork","floor":42},{"not_picked":["Masterful Stab+1","Finisher+1","Underhanded Strike+1"],"picked":"SKIP","floor":42}],"player_experience":851508,"relics_obtained":[{"floor":9.0,"key":"Molten Egg 2"},{"floor":12.0,"key":"Anchor"},{"floor":22.0,"key":"Red Mask"},{"floor":24.0,"key":"Turnip"},{"floor":26.0,"key":"Snake Skull"},{"floor":31.0,"key":"Mercury Hourglass"},{"floor":40,"key":"Prayer Wheel"}],"event_choices":[{"damage_healed":0.0,"max_hp_gain":5.0,"max_hp_loss":0.0,"gold_gain":0.0,"event_name":"Big Fish","player_choice":"Donut","floor":2.0,"gold_loss":0.0,"damage_taken":0.0},{"damage_healed":0.0,"max_hp_gain":0.0,"max_hp_loss":0.0,"gold_gain":0.0,"event_name":"Scrap Ooze","player_choice":"Success","floor":4.0,"gold_loss":0.0,"damage_taken":18.0,"relics_obtained":["Happy Flower"]},{"damage_healed":0.0,"max_hp_gain":0.0,"max_hp_loss":0.0,"gold_gain":0.0,"event_name":"Liars Game","player_choice":"Ignored","floor":7.0,"gold_loss":0.0,"damage_taken":0.0},{"damage_healed":0.0,"max_hp_gain":0.0,"max_hp_loss":0.0,"gold_gain":0.0,"event_name":"Masked Bandits","player_choice":"Fought Bandits","floor":22.0,"gold_loss":0.0,"damage_taken":0.0},{"damage_healed":0.0,"max_hp_gain":0.0,"max_hp_loss":0.0,"gold_gain":0.0,"event_name":"Cursed Tome","player_choice":"Ignored","floor":25.0,"gold_loss":0.0,"damage_taken":0.0},{"damage_healed":0.0,"max_hp_gain":0.0,"max_hp_loss":0.0,"gold_gain":0.0,"event_name":"Back to Basics","player_choice":"Simplicity","floor":27.0,"gold_loss":0.0,"damage_taken":0.0,"cards_upgraded":["Strike_G","Strike_G","Strike_G","Strike_G","Defend_G","Defend_G","Defend_G","Defend_G","Defend_G"]},{"damage_healed":0.0,"max_hp_gain":0.0,"max_hp_loss":0.0,"gold_gain":0.0,"event_name":"SensoryStone","player_choice":"Memory 1","floor":36.0,"gold_loss":0.0,"damage_taken":0.0},{"damage_healed":0,"gold_gain":0,"player_choice":"Ignored","damage_taken":0,"max_hp_gain":0,"max_hp_loss":0,"event_name":"Mysterious Sphere","floor":38,"gold_loss":0},{"damage_healed":0,"gold_gain":222,"player_choice":"Wore Mask","damage_taken":0,"max_hp_gain":0,"max_hp_loss":0,"event_name":"Tomb of Lord Red Mask","floor":39,"gold_loss":0}],"is_beta":false,"boss_relics":[{"not_picked":["HoveringKite","Black Star"],"picked":"Coffee Dripper"},{"not_picked":["Fusion Hammer","Cursed Key"],"picked":"Pandora\u0027s Box"}],"items_purged_floors":[14,29],"is_endless":false,"potions_floor_spawned":[1,5,20,22,42],"killed_by":"Nemesis","ascension_level":20}