{"gold_per_floor":[20,20,31,49,64,64,90,102,155,167,167],"floor_reached":11,"playtime":518,"items_purged":[],"score":154,"play_id":"e0c650d7-729c-486c-8a1a-318f06d97174","local_time":"20190704161028","is_ascension_mode":true,"campfire_choices":[{"data":"Juggernaut","floor":6.0,"key":"SMITH"}],"neow_cost":"NO_GOLD","seed_source_timestamp":5888648794529246,"circlet_count":0,"master_deck":["AscendersBane","Strike_R","Strike_R","Strike_R","Strike_R","Strike_R","Defend_R","Defend_R+1","Defend_R+1","Defend_R","Bash","Juggernaut+1","Shrug It Off","Shockwave","Body Slam","Barricade","Shrug It Off","Body Slam","Iron Wave"],"special_seed":0,"relics":["Burning Blood","FaceOfCleric","War Paint","Smiling Mask"],"potions_floor_usage":[7,7,8],"damage_taken":[{"damage":9.0,"enemies":"Jaw Worm","floor":1.0,"turns":6.0},{"damage":1.0,"enemies":"Cultist","floor":3.0,"turns":5.0},{"damage":12.0,"enemies":"Small Slimes","floor":4.0,"turns":5.0},{"damage":8.0,"enemies":"2 Fungi Beasts","floor":5.0,"turns":6.0},{"damage":64,"enemies":"Gremlin Nob","floor":7,"turns":7},{"damage":5,"enemies":"Large Slime","floor":8,"turns":8},{"damage":14,"enemies":"Exordium Thugs","floor":10,"turns":6},{"damage":24,"enemies":"3 Sentries","floor":11,"turns":4}],"seed_played":"-2262980858658321250","potions_obtained":[{"floor":4.0,"key":"Block Potion"},{"floor":5.0,"key":"Regen Potion"},{"floor":7,"key":"AttackPotion"}],"is_trial":false,"path_per_floor":["M","?","M","M","M","R","E","M","T","M","?"],"character_chosen":"IRONCLAD","items_purchased":[],"campfire_rested":0,"item_purchase_floors":[],"current_hp_per_floor":[65,65,71,66,65,65,23,25,25,18,0],"gold":167,"neow_bonus":"THREE_RARE_CARDS","is_prod":false,"is_daily":false,"chose_seed":false,"campfire_upgraded":1,"win_rate":0,"timestamp":1562271028,"path_taken":["M","?","M","M","?","R","E","?","T","M","?"],"build_version":"2019-07-01","purchased_purges":0,"victory":false,"max_hp_per_floor":[75,75,76,77,78,78,79,80,80,81,81],"card_choices":[{"not_picked":["Bludgeon","Offering"],"picked":"Juggernaut","floor":0.0},{"not_picked":["Rampage","Flex"],"picked":"Shrug It Off","floor":1.0},{"not_picked":["Thunderclap","Hemokinesis"],"picked":"Shockwave","floor":3.0},{"not_picked":["Twin Strike","Whirlwind"],"picked":"Body Slam","floor":4.0},{"not_picked":["Headbutt","Clothesline"],"picked":"Barricade","floor":5.0},{"not_picked":["Havoc","Fire Breathing"],"picked":"Shrug It Off","floor":7},{"not_picked":["Sword Boomerang","Perfected Strike"],"picked":"Body Slam","floor":8},{"not_picked":["Twin Strike","Thunderclap"],"picked":"Iron Wave","floor":10}],"player_experience":858281,"relics_obtained":[{"floor":7,"key":"War Paint"},{"floor":9,"key":"Smiling Mask"}],"event_choices":[{"damage_healed":0.0,"max_hp_gain":0.0,"max_hp_loss":0.0,"gold_gain":0.0,"event_name":"FaceTrader","player_choice":"Trade","floor":2.0,"gold_loss":0.0,"damage_taken":0.0,"relics_obtained":["FaceOfCleric"]},{"damage_healed":0,"gold_gain":0,"player_choice":"Searched \u00271\u0027 times","damage_taken":0,"max_hp_gain":0,"max_hp_loss":0,"event_name":"Dead Adventurer","floor":11,"gold_loss":0}],"is_beta":false,"boss_relics":[],"items_purged_floors":[],"is_endless":false,"potions_floor_spawned":[4,5,7],"killed_by":"3 Sentries","ascension_level":20}