{"gold_per_floor":[117,131,3,3,22,49,49,49,74,109,109,125,125,145,145,222,222,239,239,117,128,328,328,358,358,358,373,373,8,8,37,37,113,113,127,127,139,1,13,13,46,46,128,128,144,162,162,177,177,177,177,177,177,21,47,47],"floor_reached":57,"playtime":3766,"items_purged":["Strike_G","Clumsy"],"score":2806,"play_id":"4a399174-25c8-4b1e-a9fd-ecba9b6cb3ed","local_time":"20190706142414","is_ascension_mode":true,"campfire_choices":[{"data":"Noxious Fumes","floor":7,"key":"SMITH"},{"data":"Catalyst","floor":11,"key":"SMITH"},{"data":"Well Laid Plans","floor":13,"key":"SMITH"},{"floor":15,"key":"REST"},{"data":"Ghostly","floor":23,"key":"SMITH"},{"data":"Ghostly","floor":25,"key":"SMITH"},{"data":"Crippling Poison","floor":28,"key":"SMITH"},{"data":"Bouncing Flask","floor":32,"key":"SMITH"},{"data":"Wraith Form v2","floor":40,"key":"SMITH"},{"data":"Catalyst","floor":44,"key":"SMITH"},{"floor":49,"key":"RECALL"},{"data":"Catalyst","floor":53,"key":"SMITH"}],"neow_cost":"NONE","seed_source_timestamp":228384944961400,"circlet_count":0,"master_deck":["AscendersBane","Strike_G","Strike_G","Strike_G","Strike_G","Defend_G","Defend_G","Defend_G+1","Defend_G","Defend_G+1","Survivor","Neutralize+1","Well Laid Plans+1","Noxious Fumes+1","Catalyst+1","Choke","Bane","Dagger Spray","Poisoned Stab","Bouncing Flask+1","Corpse Explosion","Ghostly","Ghostly+1","Ghostly+1","Crippling Poison+1","Footwork","Backstab","Escape Plan","Ghostly+1","Escape Plan+1","Wraith Form v2+1","Catalyst+1","Dark Shackles","Acrobatics+1","Catalyst+1","Well Laid Plans","Acrobatics"],"relics":["Ring of the Snake","Centennial Puzzle","Bag of Marbles","The Courier","Cursed Key","Bronze Scales","War Paint","DollysMirror","Bag of Preparation","Pantograph","Velvet Choker","Orichalcum","Omamori","Singing Bowl","Pen Nib"],"potions_floor_usage":[6,12,18,24,39,56],"damage_taken":[{"damage":3,"enemies":"Small Slimes","floor":1,"turns":5},{"damage":1,"enemies":"Cultist","floor":2,"turns":5},{"damage":7,"enemies":"Jaw Worm","floor":5,"turns":7},{"damage":10,"enemies":"Lagavulin","floor":6,"turns":7},{"damage":19,"enemies":"3 Sentries","floor":10,"turns":7},{"damage":0,"enemies":"Lots of Slimes","floor":12,"turns":2},{"damage":0,"enemies":"Looter","floor":14,"turns":3},{"damage":10,"enemies":"Slime Boss","floor":16,"turns":7},{"damage":2,"enemies":"2 Thieves","floor":18,"turns":2},{"damage":0,"enemies":"Spheric Guardian","floor":21,"turns":3},{"damage":6,"enemies":"Book of Stabbing","floor":24,"turns":5},{"damage":0,"enemies":"Centurion and Healer","floor":27,"turns":5},{"damage":3,"enemies":"Gremlin Leader","floor":31,"turns":5},{"damage":3,"enemies":"Champ","floor":33,"turns":7},{"damage":0,"enemies":"Orb Walker","floor":35,"turns":2},{"damage":0,"enemies":"3 Darklings","floor":37,"turns":2},{"damage":4,"enemies":"Jaw Worm Horde","floor":39,"turns":3},{"damage":0,"enemies":"Reptomancer","floor":41,"turns":8},{"damage":0,"enemies":"Maw","floor":45,"turns":4},{"damage":0,"enemies":"3 Darklings","floor":46,"turns":4},{"damage":0,"enemies":"Jaw Worm Horde","floor":48,"turns":4},{"damage":0,"enemies":"Donu and Deca","floor":50,"turns":6},{"damage":11,"enemies":"Time Eater","floor":51,"turns":5},{"damage":1,"enemies":"Shield and Spear","floor":55,"turns":4},{"damage":41,"enemies":"The Heart","floor":56,"turns":10}],"seed_played":"-5891435575089068479","potions_obtained":[{"floor":1,"key":"FearPotion"},{"floor":4,"key":"Ancient Potion"},{"floor":10,"key":"Explosive Potion"},{"floor":14,"key":"Block Potion"},{"floor":18,"key":"Poison Potion"},{"floor":24,"key":"Weak Potion"},{"floor":37,"key":"SteroidPotion"},{"floor":48,"key":"Explosive Potion"}],"is_trial":false,"path_per_floor":["M","M","$","?","M","E","R","$","T","E","R","M","R","M","R","B",null,"M","?","$","M","?","R","E","R","T","M","R","$","?","E","R","B",null,"M","?","M","$","M","R","E","?","T","R","M","M","?","M","R","B","B",null,"R","$","E","B",null],"character_chosen":"THE_SILENT","items_purchased":["Catalyst","Choke","Crippling Poison","DollysMirror","Bag of Preparation","Omamori","Swift Potion","Well Laid Plans","Acrobatics"],"campfire_rested":1,"item_purchase_floors":[3,3,20,29,29,38,54,54,54],"current_hp_per_floor":[56,55,55,55,48,38,38,38,38,19,19,19,19,19,38,28,57,55,33,33,33,33,33,27,27,27,27,27,27,27,24,24,30,32,32,32,32,32,28,28,30,24,24,24,24,24,32,34,34,41,30,38,38,38,39,2],"gold":47,"neow_bonus":"UPGRADE_CARD","is_prod":false,"is_daily":false,"chose_seed":false,"campfire_upgraded":10,"win_rate":0,"timestamp":1562437454,"path_taken":["M","M","$","?","M","E","R","?","T","E","R","M","R","M","R","BOSS","M","?","$","M","?","R","E","R","T","?","R","$","?","E","R","BOSS","M","?","?","$","M","R","E","?","T","R","M","M","?","M","R","BOSS","BOSS","R","$","E","BOSS"],"build_version":"2019-07-05","purchased_purges":2,"victory":true,"max_hp_per_floor":[66,66,66,66,66,66,66,66,66,66,66,66,66,66,66,66,66,66,33,33,33,33,33,33,33,33,33,33,33,33,33,33,33,33,33,33,33,33,33,33,35,39,39,39,39,39,39,41,41,41,41,41,41,41,43,43],"card_choices":[{"not_picked":["PiercingWail","Bouncing Flask"],"picked":"Well Laid Plans","floor":1},{"not_picked":["Terror","Tactician"],"picked":"Noxious Fumes","floor":2},{"not_picked":["Outmaneuver","Acrobatics","Concentrate"],"picked":"SKIP","floor":5},{"not_picked":["Backflip","Underhanded Strike"],"picked":"Bane","floor":6},{"not_picked":["Envenom","Acrobatics"],"picked":"Dagger Spray","floor":10},{"not_picked":["Skewer","Tools of the Trade"],"picked":"Poisoned Stab","floor":12},{"not_picked":["Tactician","Quick Slash"],"picked":"Bouncing Flask","floor":14},{"not_picked":["Grand Finale","Glass Knife"],"picked":"Corpse Explosion","floor":16},{"not_picked":["Eviscerate+1","Predator","Endless Agony"],"picked":"SKIP","floor":18},{"not_picked":["Dagger Throw","Slice"],"picked":"Footwork","floor":21},{"not_picked":["Caltrops","Dagger Spray+1"],"picked":"Backstab","floor":24},{"not_picked":["Bane","Caltrops"],"picked":"Escape Plan","floor":27},{"not_picked":["Infinite Blades","Envenom"],"picked":"Escape Plan+1","floor":31},{"not_picked":["Tools of the Trade","Die Die Die"],"picked":"Wraith Form v2","floor":33},{"not_picked":["Footwork+1","Blade Dance"],"picked":"Catalyst","floor":35},{"not_picked":["Backstab","Flechettes","Acrobatics"],"picked":"SKIP","floor":37},{"not_picked":["Flying Knee","Bane+1","Prepared"],"picked":"SKIP","floor":39},{"not_picked":["Flying Knee","Bane+1","Prepared"],"picked":"SKIP","floor":39},{"not_picked":["Doppelganger","Terror","Deadly Poison"],"picked":"Singing Bowl","floor":41},{"not_picked":["Violence","Dramatic Entrance","Good Instincts"],"picked":"Singing Bowl","floor":42},{"not_picked":["Finesse","Violence","Deep Breath"],"picked":"Singing Bowl","floor":42},{"not_picked":["Flash of Steel","Purity"],"picked":"Dark Shackles","floor":42},{"not_picked":["Finisher","Prepared"],"picked":"Acrobatics+1","floor":45},{"not_picked":["Predator+1","Infinite Blades+1"],"picked":"Catalyst","floor":46},{"not_picked":["Riddle With Holes","Deadly Poison","Heel Hook"],"picked":"Singing Bowl","floor":48},{"not_picked":["Glass Knife","Blade Dance","Poisoned Stab"],"picked":"Singing Bowl","floor":55}],"player_experience":2205948,"relics_obtained":[{"floor":6,"key":"Centennial Puzzle"},{"floor":9,"key":"Bag of Marbles"},{"floor":10,"key":"The Courier"},{"floor":24,"key":"Bronze Scales"},{"floor":26,"key":"War Paint"},{"floor":31,"key":"Pantograph"},{"floor":41,"key":"Singing Bowl"},{"floor":55,"key":"Pen Nib"}],"event_choices":[{"damage_healed":0,"gold_gain":0,"player_choice":"Got Potions","damage_taken":0,"max_hp_gain":0,"max_hp_loss":0,"event_name":"Lab","floor":4,"gold_loss":0},{"damage_healed":0,"gold_gain":0,"player_choice":"Became a Ghost","damage_taken":0,"max_hp_gain":0,"max_hp_loss":33,"event_name":"Ghosts","floor":19,"gold_loss":0,"cards_obtained":["Ghostly","Ghostly","Ghostly"]},{"damage_healed":0,"gold_gain":250,"player_choice":"Bet on Owner","damage_taken":0,"max_hp_gain":0,"max_hp_loss":0,"event_name":"The Joust","floor":22,"gold_loss":50},{"damage_healed":0,"gold_gain":0,"player_choice":"Ignored","damage_taken":0,"max_hp_gain":0,"max_hp_loss":0,"event_name":"Vampires","floor":30,"gold_loss":0},{"damage_healed":0,"gold_gain":0,"player_choice":"Gave Potion","damage_taken":0,"relics_obtained":["Orichalcum"],"max_hp_gain":0,"max_hp_loss":0,"event_name":"WeMeetAgain","floor":36,"gold_loss":0},{"damage_healed":0,"gold_gain":0,"player_choice":"Memory 3","damage_taken":10,"max_hp_gain":0,"max_hp_loss":0,"event_name":"SensoryStone","floor":42,"gold_loss":0},{"damage_healed":8,"gold_gain":0,"player_choice":"Writhe","damage_taken":0,"max_hp_gain":0,"max_hp_loss":0,"event_name":"Winding Halls","floor":47,"gold_loss":0,"cards_obtained":["Writhe"]}],"is_beta":false,"boss_relics":[{"not_picked":["Fusion Hammer","Pandora\u0027s Box"],"picked":"Cursed Key"},{"not_picked":["HoveringKite","Calling Bell"],"picked":"Velvet Choker"}],"items_purged_floors":[20,29],"is_endless":false,"potions_floor_spawned":[1,10,14,18,21,24,37,48],"ascension_level":20}