{"gold_per_floor":[116,136,153,169,188,188,213,228,273,285],"floor_reached":10,"playtime":259,"items_purged":[],"score":144,"play_id":"8789d555-2248-4941-b357-ecae85221011","local_time":"20190616205117","is_ascension_mode":true,"campfire_choices":[{"data":"Sever Soul","floor":6,"key":"SMITH"}],"neow_cost":"NONE","seed_source_timestamp":217078559814900,"circlet_count":0,"master_deck":["AscendersBane","Strike_R","Strike_R","Strike_R","Strike_R","Strike_R","Defend_R","Defend_R","Defend_R","Defend_R","Bash","Anger","Spot Weakness","Sever Soul+1","Pommel Strike","Infernal Blade","Metallicize","Ghostly Armor","Pommel Strike"],"relics":["Burning Blood","Sundial","MawBank"],"potions_floor_usage":[4,7],"damage_taken":[{"damage":1,"enemies":"Cultist","floor":1,"turns":3},{"damage":3,"enemies":"Small Slimes","floor":2,"turns":3},{"damage":7,"enemies":"Jaw Worm","floor":3,"turns":2},{"damage":15,"enemies":"Large Slime","floor":4,"turns":4},{"damage":27,"enemies":"Gremlin Gang","floor":5,"turns":3},{"damage":23,"enemies":"3 Sentries","floor":7,"turns":7},{"damage":14,"enemies":"Looter","floor":8,"turns":3},{"damage":19,"enemies":"Exordium Thugs","floor":10,"turns":3}],"seed_played":"6287698297710476597","potions_obtained":[{"floor":1,"key":"Fire Potion"},{"floor":2,"key":"AttackPotion"},{"floor":5,"key":"Dexterity Potion"}],"is_trial":false,"path_per_floor":["M","M","M","M","M","R","E","M","T","M"],"character_chosen":"IRONCLAD","items_purchased":[],"campfire_rested":0,"item_purchase_floors":[],"current_hp_per_floor":[73,75,74,65,44,44,27,19,19,0],"gold":285,"neow_bonus":"THREE_CARDS","is_prod":false,"is_daily":false,"chose_seed":false,"campfire_upgraded":1,"win_rate":0,"timestamp":1560714677,"path_taken":["M","M","?","M","M","R","E","M","T","M"],"build_version":"2019-01-23","purchased_purges":0,"victory":false,"max_hp_per_floor":[75,75,75,75,75,75,75,75,75,75],"card_choices":[{"not_picked":["Shockwave","Evolve"],"picked":"Anger","floor":0},{"not_picked":["Power Through","Thunderclap"],"picked":"Spot Weakness","floor":1},{"not_picked":["Evolve","Perfected Strike"],"picked":"Sever Soul","floor":2},{"not_picked":["Headbutt","Thunderclap"],"picked":"Pommel Strike","floor":3},{"not_picked":["Clothesline","Clash"],"picked":"Infernal Blade","floor":4},{"not_picked":["Bloodletting","Rupture"],"picked":"Metallicize","floor":5},{"not_picked":["Brutality","Warcry"],"picked":"Ghostly Armor","floor":7},{"not_picked":["Seeing Red","Twin Strike"],"picked":"Pommel Strike","floor":8}],"player_experience":1469385,"relics_obtained":[{"floor":7,"key":"Sundial"},{"floor":9,"key":"MawBank"}],"event_choices":[],"is_beta":false,"boss_relics":[],"items_purged_floors":[],"is_endless":false,"potions_floor_spawned":[1,2,3,5],"killed_by":"Exordium Thugs","ascension_level":20}