{"gold_per_floor":[110,126,143,154,170,203,203,217,217,249,174,174,174,174],"floor_reached":14,"playtime":294,"items_purged":[],"score":204,"play_id":"53e43fb5-bef8-451d-ae8a-1065db87a15a","local_time":"20190427185258","is_ascension_mode":true,"campfire_choices":[{"data":"Zap","floor":7.0,"key":"SMITH"},{"data":"Reboot","floor":13,"key":"SMITH"}],"neow_cost":"NONE","seed_source_timestamp":347763032122300,"circlet_count":0,"master_deck":["AscendersBane","Strike_B","Strike_B","Strike_B","Defend_B","Defend_B","Defend_B","Defend_B","Zap+1","Dualcast","Go for the Eyes","Conserve Battery","Cold Snap","Conserve Battery","Ball Lightning","Self Repair","Reboot+1","Rip and Tear+1","Decay"],"special_seed":0,"relics":["Cracked Core","NeowsBlessing","Centennial Puzzle","Molten Egg 2","Orichalcum"],"potions_floor_usage":[10,10],"damage_taken":[{"damage":0.0,"enemies":"Cultist","floor":1.0,"turns":1.0},{"damage":0.0,"enemies":"2 Louse","floor":2.0,"turns":1.0},{"damage":0.0,"enemies":"Small Slimes","floor":3.0,"turns":1.0},{"damage":14.0,"enemies":"Exordium Thugs","floor":4.0,"turns":4.0},{"damage":1.0,"enemies":"Looter","floor":5.0,"turns":3.0},{"damage":21.0,"enemies":"Lagavulin","floor":6.0,"turns":6.0},{"damage":2,"enemies":"3 Louse","floor":8,"turns":4},{"damage":3,"enemies":"Gremlin Nob","floor":10,"turns":3},{"damage":0,"enemies":"Blue Slaver","floor":14,"turns":1}],"seed_played":"-4925387849069881394","potions_obtained":[{"floor":3.0,"key":"Swift Potion"},{"floor":4.0,"key":"GamblersBrew"},{"floor":8,"key":"FocusPotion"}],"is_trial":false,"path_per_floor":["M","M","M","M","M","E","R","M","T","E","?","?","R","M"],"character_chosen":"DEFECT","items_purchased":[],"campfire_rested":0,"item_purchase_floors":[],"current_hp_per_floor":[64,64,64,50,49,28,28,33,33,37,37,37,37,37],"gold":174,"neow_bonus":"THREE_ENEMY_KILL","is_prod":false,"is_daily":false,"chose_seed":false,"campfire_upgraded":2,"win_rate":0,"timestamp":1556387578,"path_taken":["M","?","M","M","M","E","R","M","T","E","?","?","R","M"],"build_version":"2019-01-23","purchased_purges":0,"victory":false,"max_hp_per_floor":[71,71,71,71,71,71,71,71,71,71,71,71,71,71],"card_choices":[{"not_picked":["Auto Shields","Hologram"],"picked":"Go for the Eyes","floor":1.0},{"not_picked":["Reinforced Body","Aggregate"],"picked":"Conserve Battery","floor":2.0},{"not_picked":["Beam Cell","Sweeping Beam"],"picked":"Cold Snap","floor":3.0},{"not_picked":["Hello World","Turbo"],"picked":"Conserve Battery","floor":4.0},{"not_picked":["Coolheaded","Double Energy"],"picked":"Ball Lightning","floor":5.0},{"not_picked":["Force Field","Loop"],"picked":"Self Repair","floor":6.0},{"not_picked":["Beam Cell","Rebound"],"picked":"Reboot","floor":8},{"not_picked":["Chaos","Loop"],"picked":"Rip and Tear+1","floor":10}],"player_experience":1317931,"relics_obtained":[{"floor":6.0,"key":"Centennial Puzzle"},{"floor":9,"key":"Molten Egg 2"},{"floor":10,"key":"Orichalcum"}],"event_choices":[{"cards_removed":["Strike_B"],"damage_healed":0,"gold_gain":0,"player_choice":"Card Removal","damage_taken":0,"max_hp_gain":0,"max_hp_loss":0,"event_name":"The Cleric","floor":11,"gold_loss":75},{"damage_healed":0,"gold_gain":0,"player_choice":"Cursed","damage_taken":0,"max_hp_gain":0,"max_hp_loss":0,"event_name":"Wheel of Change","floor":12,"gold_loss":0,"cards_obtained":["Decay"]}],"is_beta":false,"boss_relics":[],"items_purged_floors":[],"is_endless":false,"potions_floor_spawned":[3,4,8],"killed_by":"Blue Slaver","ascension_level":20}