{"gold_per_floor":[119,137,137,137,137,137,168,181,181,181,197,211,236,314,314,385,385,403,127,52,63,37,37,37,37,84,97,12,27,59,34,34,34],"floor_reached":33,"playtime":926,"items_purged":[],"score":596,"play_id":"0593d6eb-f3f1-42d0-b366-274110e31533","local_time":"20190619144851","is_ascension_mode":true,"campfire_choices":[{"data":"Twin Strike","floor":6.0,"key":"SMITH"},{"data":"Shockwave","floor":10.0,"key":"SMITH"},{"data":"Hemokinesis","floor":15.0,"key":"SMITH"},{"data":"Demon Form","floor":23.0,"key":"SMITH"},{"floor":25,"key":"REST"},{"floor":32,"key":"REST"}],"neow_cost":"NONE","seed_source_timestamp":4587419713488000,"circlet_count":0,"master_deck":["AscendersBane","Bash+1","Twin Strike+1","Shockwave+1","Searing Blow","Hemokinesis+1","Double Tap","Demon Form+1","Spot Weakness","Carnage","Rage","Havoc","Dark Embrace","Spot Weakness","Sword Boomerang","Heavy Blade","True Grit","Shrug It Off","True Grit"],"special_seed":0,"relics":["Burning Blood","NeowsBlessing","Meat on the Bone","Gremlin Horn","Blue Candle","Kunai","Pandora\u0027s Box","Mummified Hand","Bag of Marbles","Blood Vial","Charon\u0027s Ashes"],"potions_floor_usage":[30,33],"damage_taken":[{"damage":0.0,"enemies":"Small Slimes","floor":1.0,"turns":1.0},{"damage":0.0,"enemies":"2 Louse","floor":2.0,"turns":1.0},{"damage":0.0,"enemies":"3 Sentries","floor":7.0,"turns":1.0},{"damage":4.0,"enemies":"Jaw Worm","floor":8.0,"turns":3.0},{"damage":13.0,"enemies":"Blue Slaver","floor":11.0,"turns":4.0},{"damage":18.0,"enemies":"Large Slime","floor":12.0,"turns":5.0},{"damage":35.0,"enemies":"Lagavulin","floor":13.0,"turns":6.0},{"damage":36.0,"enemies":"The Guardian","floor":16.0,"turns":12.0},{"damage":35.0,"enemies":"Shell Parasite","floor":18.0,"turns":4.0},{"damage":19.0,"enemies":"3 Byrds","floor":21.0,"turns":4.0},{"damage":41,"enemies":"Colosseum Slavers","floor":24,"turns":3},{"damage":15,"enemies":"Snecko","floor":27,"turns":3},{"damage":16,"enemies":"Centurion and Healer","floor":29,"turns":4},{"damage":33,"enemies":"Gremlin Leader","floor":30,"turns":6},{"damage":64,"enemies":"Collector","floor":33,"turns":7}],"seed_played":"-7712581939218585674","potions_obtained":[{"floor":1.0,"key":"Strength Potion"},{"floor":2.0,"key":"BloodPotion"},{"floor":27,"key":"Explosive Potion"},{"floor":29,"key":"Energy Potion"}],"is_trial":false,"path_per_floor":["M","M","?","?","$","R","E","M","T","R","M","M","E","T","R","B",null,"M","$","?","M","$","R","?","R","T","M","?","M","E","$","R","B"],"character_chosen":"IRONCLAD","items_purchased":["Mummified Hand","Heavy Blade","True Grit"],"campfire_rested":2,"item_purchase_floors":[19,22,31],"current_hp_per_floor":[74,75,75,70,70,70,75,75,75,75,68,56,46,46,46,28,63,46,46,46,45,45,45,22,44,44,47,47,51,38,38,60,0],"gold":34,"neow_bonus":"THREE_ENEMY_KILL","is_prod":false,"is_daily":false,"chose_seed":false,"campfire_upgraded":4,"win_rate":0,"timestamp":1560970131,"path_taken":["M","M","?","?","?","R","E","M","T","R","M","M","E","?","R","BOSS","M","$","?","M","$","R","?","R","T","M","?","M","E","?","R","BOSS"],"build_version":"2019-01-23","purchased_purges":0,"victory":false,"max_hp_per_floor":[75,75,75,75,75,75,75,75,75,75,75,75,75,75,75,75,75,75,75,75,75,75,75,75,75,75,75,75,75,75,75,75,75],"card_choices":[{"not_picked":["Reckless Charge","True Grit","Carnage"],"picked":"SKIP","floor":1.0},{"not_picked":["Combust","True Grit"],"picked":"Twin Strike","floor":2.0},{"not_picked":["Evolve","Fire Breathing"],"picked":"Shockwave","floor":7.0},{"not_picked":["Heavy Blade","Flex","Warcry"],"picked":"SKIP","floor":8.0},{"not_picked":["Flex","Entrench","Sentinel"],"picked":"SKIP","floor":11.0},{"not_picked":["Sword Boomerang","Pommel Strike"],"picked":"Searing Blow","floor":12.0},{"not_picked":["Offering","Heavy Blade"],"picked":"Hemokinesis","floor":13.0},{"not_picked":["Bludgeon","Limit Break"],"picked":"Double Tap","floor":16.0},{"not_picked":["Havoc","Sword Boomerang","Warcry"],"picked":"SKIP","floor":18.0},{"not_picked":["Corruption+1","Perfected Strike","Reckless Charge"],"picked":"SKIP","floor":21.0},{"not_picked":["Sever Soul","Wild Strike"],"picked":"True Grit","floor":27},{"not_picked":["Wild Strike","Warcry"],"picked":"Shrug It Off","floor":29},{"not_picked":["Offering","Havoc","Evolve"],"picked":"SKIP","floor":30}],"player_experience":763060,"relics_obtained":[{"floor":7.0,"key":"Gremlin Horn"},{"floor":13.0,"key":"Blue Candle"},{"floor":14.0,"key":"Kunai"},{"floor":26,"key":"Bag of Marbles"},{"floor":30,"key":"Charon\u0027s Ashes"}],"event_choices":[{"damage_healed":0.0,"max_hp_gain":0.0,"max_hp_loss":0.0,"gold_gain":0.0,"event_name":"Living Wall","player_choice":"Grow","floor":3.0,"gold_loss":0.0,"damage_taken":0.0,"cards_upgraded":["Bash"]},{"damage_healed":0.0,"max_hp_gain":0.0,"max_hp_loss":0.0,"gold_gain":0.0,"event_name":"Scrap Ooze","player_choice":"Success","floor":4.0,"gold_loss":0.0,"damage_taken":5.0,"relics_obtained":["Meat on the Bone"]},{"cards_removed":["Flex"],"damage_healed":0.0,"max_hp_gain":0.0,"max_hp_loss":0.0,"gold_gain":0.0,"event_name":"Beggar","player_choice":"Gave Gold","floor":20.0,"gold_loss":75.0,"damage_taken":0.0},{"damage_healed":0,"gold_gain":0,"player_choice":"Fight","damage_taken":0,"max_hp_gain":0,"max_hp_loss":0,"event_name":"Colosseum","floor":24,"gold_loss":0},{"damage_healed":0,"gold_gain":0,"player_choice":"Fled From Nobs","damage_taken":0,"max_hp_gain":0,"max_hp_loss":0,"event_name":"Colosseum","floor":24,"gold_loss":0},{"damage_healed":0,"gold_gain":0,"player_choice":"Obtained Relic","damage_taken":0,"relics_obtained":["Blood Vial"],"max_hp_gain":0,"max_hp_loss":0,"event_name":"Addict","floor":28,"gold_loss":85}],"is_beta":false,"boss_relics":[{"not_picked":["Tiny House","Lizard Tail"],"picked":"Pandora\u0027s Box"}],"items_purged_floors":[],"is_endless":false,"potions_floor_spawned":[1,2,8,11,27,29],"killed_by":"Collector","ascension_level":20}