{"gold_per_floor":[110,130,130,130,148,148,187,187,187,220,220,238,273,287,287,383,383,404,429,447,189,0,0,0,0,25,25,45,45],"floor_reached":29,"playtime":936,"items_purged":["Strike_B"],"score":437,"play_id":"f31ae576-225c-45ee-a7fb-c7f8ea2f4288","local_time":"20180819214002","is_ascension_mode":true,"campfire_choices":[{"data":"Zap","floor":6.0,"key":"SMITH"},{"floor":8,"key":"REST"},{"floor":11,"key":"REST"},{"data":"Loop","floor":15,"key":"SMITH"},{"data":"Go for the Eyes","floor":23,"key":"SMITH"},{"data":"Hologram","floor":25,"key":"SMITH"},{"floor":27,"key":"REST"}],"neow_cost":"NONE","seed_source_timestamp":3718117071902578,"circlet_count":0,"master_deck":["Strike_B","Strike_B","Strike_B","Defend_B","Defend_B","Defend_B","Defend_B","Zap+1","Dualcast","AscendersBane","Steam","Ball Lightning","Cold Snap","Conserve Battery","Cold Snap","Loop+1","Hologram+1","Biased Cognition","Go for the Eyes+1","Steam","Auto Shields","Flash of Steel","Leap","Creative AI"],"special_seed":0,"relics":["Cracked Core","NlothsMask","Golden Idol","Meat on the Bone","Pen Nib","Pear","Nuclear Battery","Ancient Tea Set"],"potions_floor_usage":[10,16,16,20,29],"damage_taken":[{"damage":0.0,"enemies":"Small Slimes","floor":1.0,"turns":3.0},{"damage":0.0,"enemies":"Cultist","floor":2.0,"turns":4.0},{"damage":0.0,"enemies":"2 Louse","floor":5.0,"turns":2.0},{"damage":37,"enemies":"Gremlin Nob","floor":7,"turns":5},{"damage":19,"enemies":"3 Sentries","floor":10,"turns":6},{"damage":0,"enemies":"Looter","floor":12,"turns":3},{"damage":20,"enemies":"Gremlin Nob","floor":13,"turns":4},{"damage":11,"enemies":"Blue Slaver","floor":14,"turns":4},{"damage":16,"enemies":"Slime Boss","floor":16,"turns":11},{"damage":18,"enemies":"Chosen","floor":18,"turns":6},{"damage":16,"enemies":"Spheric Guardian","floor":19,"turns":4},{"damage":21,"enemies":"Snake Plant","floor":20,"turns":6},{"damage":20,"enemies":"Chosen and Byrds","floor":28,"turns":7},{"damage":64,"enemies":"Gremlin Leader","floor":29,"turns":6}],"seed_played":"1432326567374576145","potions_obtained":[{"floor":7,"key":"PowerPotion"},{"floor":10,"key":"Swift Potion"},{"floor":12,"key":"Energy Potion"},{"floor":19,"key":"AttackPotion"},{"floor":20,"key":"GamblersBrew"}],"is_trial":false,"path_per_floor":["M","M","?","?","M","R","E","R","T","E","R","M","E","M","R","B",null,"M","M","M","$","?","R","?","R","T","R","M"],"character_chosen":"DEFECT","items_purchased":["Flash of Steel","Leap"],"campfire_rested":3,"item_purchase_floors":[21,21],"current_hp_per_floor":[71,71,71,44,44,44,7,30,30,23,46,46,48,49,49,45,77,59,55,46,46,46,46,46,46,46,72,52,0],"gold":45,"neow_bonus":"TEN_PERCENT_HP_BONUS","is_prod":false,"is_daily":false,"chose_seed":false,"campfire_upgraded":4,"win_rate":0,"timestamp":1534729202,"path_taken":["M","M","?","?","M","R","E","R","T","E","R","M","E","M","R","BOSS","M","M","M","?","?","R","?","R","T","R","M","E"],"build_version":"2018-08-16","purchased_purges":1,"victory":false,"max_hp_per_floor":[78,78,78,78,78,78,78,78,78,78,78,78,88,88,88,88,88,88,88,88,88,88,88,88,88,88,88,88,88],"card_choices":[{"not_picked":["Gash","Stack","Streamline"],"picked":"SKIP","floor":1.0},{"not_picked":["Streamline","Storm"],"picked":"Steam","floor":2.0},{"not_picked":["Sweeping Beam","Storm"],"picked":"Ball Lightning","floor":5.0},{"not_picked":["Coolheaded","Compile Driver"],"picked":"Cold Snap","floor":7},{"not_picked":["Ball Lightning","Stack"],"picked":"Conserve Battery","floor":10},{"not_picked":["Force Field","Aggregate"],"picked":"Cold Snap","floor":12},{"not_picked":["Thunder Strike","Stack"],"picked":"Loop","floor":13},{"not_picked":["Streamline","Sweeping Beam"],"picked":"Hologram","floor":14},{"not_picked":["Meteor Strike","Reboot"],"picked":"Biased Cognition","floor":16},{"not_picked":["Beam Cell","Chill"],"picked":"Go for the Eyes","floor":18},{"not_picked":["Recycle","Streamline+1"],"picked":"Steam","floor":19},{"not_picked":["Tempest","Melter"],"picked":"Auto Shields","floor":20},{"not_picked":["Hologram","Leap"],"picked":"Creative AI","floor":28}],"player_experience":275016,"relics_obtained":[{"floor":7,"key":"Meat on the Bone"},{"floor":10,"key":"Pen Nib"},{"floor":13,"key":"Pear"},{"floor":26,"key":"Ancient Tea Set"}],"event_choices":[{"event_name":"FaceTrader","player_choice":"Trade","floor":3.0,"damage_taken":0.0},{"event_name":"Golden Idol","player_choice":"Take Damage","floor":4.0,"damage_taken":0.0},{"event_name":"Masked Bandits","player_choice":"Paid Fearfully","floor":22,"damage_taken":0},{"event_name":"Drug Dealer","player_choice":"Ignored","floor":24,"damage_taken":0}],"is_beta":false,"boss_relics":[{"not_picked":["Cursed Key","Coffee Dripper"],"picked":"Nuclear Battery"}],"items_purged_floors":[21],"is_endless":false,"potions_floor_spawned":[7,10,12,13,14,19,20],"killed_by":"Gremlin Leader","ascension_level":16}