{"gold_per_floor":[117,133,147,147,147,182,182,211,236,247,247,260,260,276],"floor_reached":14,"playtime":408,"items_purged":[],"score":204,"play_id":"bf9bc09e-bd9b-48f0-b404-afcdefa2307e","local_time":"20190208152317","is_ascension_mode":true,"campfire_choices":[{"floor":7.0,"key":"REST"},{"data":"True Grit","floor":13,"key":"SMITH"}],"neow_cost":"NONE","seed_source_timestamp":74102371156036,"circlet_count":0,"master_deck":["AscendersBane","Strike_R","Strike_R","Strike_R+1","Strike_R","Defend_R+1","Defend_R","Defend_R","Defend_R","Bash+1","Wild Strike","Cleave","Pommel Strike","Thunderclap","True Grit+1","Thunderclap","Anger"],"special_seed":0,"relics":["Burning Blood","Red Skull","Anchor","Bag of Preparation"],"potions_floor_usage":[],"damage_taken":[{"damage":13.0,"enemies":"Cultist","floor":1.0,"turns":5.0},{"damage":1.0,"enemies":"2 Louse","floor":2.0,"turns":4.0},{"damage":0.0,"enemies":"Small Slimes","floor":3.0,"turns":2.0},{"damage":32.0,"enemies":"3 Sentries","floor":6.0,"turns":8.0},{"damage":15.0,"enemies":"Lagavulin","floor":8.0,"turns":3.0},{"damage":3.0,"enemies":"Blue Slaver","floor":10.0,"turns":2.0},{"damage":5,"enemies":"Gremlin Gang","floor":12,"turns":4},{"damage":1,"enemies":"Exordium Thugs","floor":14,"turns":4}],"seed_played":"3314658886921382435","potions_obtained":[{"floor":6.0,"key":"AttackPotion"},{"floor":8.0,"key":"Block Potion"},{"floor":12,"key":"EssenceOfSteel"}],"is_trial":false,"path_per_floor":["M","M","M","?","?","E","R","E","T","M","?","M","R","M"],"character_chosen":"IRONCLAD","items_purchased":[],"campfire_rested":1,"item_purchase_floors":[],"current_hp_per_floor":[61,66,72,49,49,23,45,36,36,39,39,40,40,45],"gold":276,"neow_bonus":"REMOVE_CARD","is_prod":false,"is_daily":false,"chose_seed":false,"campfire_upgraded":1,"win_rate":0,"timestamp":1549639397,"path_taken":["M","M","?","?","?","E","R","E","T","M","?","M","R","M"],"build_version":"2019-01-23","purchased_purges":0,"victory":false,"max_hp_per_floor":[75,75,75,75,75,75,75,75,75,75,75,75,75,75],"card_choices":[{"not_picked":["Havoc","Warcry"],"picked":"Wild Strike","floor":1.0},{"not_picked":["Seeing Red","Havoc"],"picked":"Cleave","floor":2.0},{"not_picked":["Pummel","Hemokinesis"],"picked":"Pommel Strike","floor":3.0},{"not_picked":["Warcry","Carnage"],"picked":"Thunderclap","floor":6.0},{"not_picked":["Heavy Blade","Havoc"],"picked":"True Grit","floor":8.0},{"not_picked":["Cleave","Dark Embrace"],"picked":"Thunderclap","floor":10.0},{"not_picked":["Clothesline","Battle Trance"],"picked":"Anger","floor":12}],"player_experience":1184792,"relics_obtained":[{"floor":6.0,"key":"Red Skull"},{"floor":8.0,"key":"Anchor"},{"floor":9.0,"key":"Bag of Preparation"}],"event_choices":[{"damage_healed":0.0,"max_hp_gain":0.0,"max_hp_loss":0.0,"gold_gain":0.0,"event_name":"Shining Light","player_choice":"Entered Light","floor":4.0,"gold_loss":0.0,"damage_taken":23.0,"cards_upgraded":["Strike_R","Defend_R"]},{"damage_healed":0.0,"max_hp_gain":0.0,"max_hp_loss":0.0,"gold_gain":0.0,"event_name":"Living Wall","player_choice":"Grow","floor":5.0,"gold_loss":0.0,"damage_taken":0.0,"cards_upgraded":["Bash"]},{"damage_healed":0,"gold_gain":0,"player_choice":"Searched \u00270\u0027 times","damage_taken":0,"max_hp_gain":0,"max_hp_loss":0,"event_name":"Dead Adventurer","floor":11,"gold_loss":0}],"is_beta":false,"boss_relics":[],"items_purged_floors":[],"is_endless":false,"potions_floor_spawned":[6,8,12,14],"killed_by":"Exordium Thugs","ascension_level":20}