{"gold_per_floor":[112,112,112,112,125,158,158,158,158,158,192,212,177,187,187,291,291,307,307,307,273,284,311,311,341,392,392,392,0,0,20,20,20],"floor_reached":33,"playtime":1600,"items_purged":[],"score":401,"play_id":"a71a1a58-cd8f-4659-a5e1-fc15fefe29cb","local_time":"20180718200536","is_ascension_mode":true,"campfire_choices":[{"floor":7.0,"key":"REST"},{"data":"Go for the Eyes","floor":10.0,"key":"SMITH"},{"data":"Go for the Eyes","floor":15.0,"key":"SMITH"},{"floor":24.0,"key":"REST"},{"floor":27.0,"key":"REST"},{"floor":30.0,"key":"REST"},{"data":"Coolheaded","floor":32,"key":"SMITH"}],"neow_cost":"NONE","seed_source_timestamp":0,"circlet_count":0,"master_deck":["Strike_B","Strike_B","Strike_B","Defend_B","Defend_B","Defend_B","Zap+1","Dualcast","Coolheaded+1","Go for the Eyes+1","Conserve Battery","Go for the Eyes+1","Hologram","Core Surge","Coolheaded","Beam Cell","Ball Lightning","Self Repair","Cold Snap+1","Coolheaded","Ball Lightning+1","BootSequence+1","Cold Snap+1","Sunder+1"],"special_seed":0,"relics":["Cracked Core","Juzu Bracelet","Prayer Wheel","Smiling Mask","Anchor","Emotion Chip","Empty Cage","Mango","Cables","Happy Flower"],"potions_floor_usage":[33],"damage_taken":[{"damage":0.0,"enemies":"Cultist","floor":1.0,"turns":4.0},{"damage":2.0,"enemies":"Jaw Worm","floor":5.0,"turns":5.0},{"damage":26.0,"enemies":"Lagavulin","floor":6.0,"turns":10.0},{"damage":20.0,"enemies":"3 Sentries","floor":11.0,"turns":8.0},{"damage":0.0,"enemies":"Small Slimes","floor":12.0,"turns":3.0},{"damage":0.0,"enemies":"Red Slaver","floor":14.0,"turns":3.0},{"damage":44.0,"enemies":"The Guardian","floor":16.0,"turns":18.0},{"damage":0.0,"enemies":"Chosen","floor":18.0,"turns":5.0},{"damage":12.0,"enemies":"2 Thieves","floor":22.0,"turns":5.0},{"damage":25.0,"enemies":"Book of Stabbing","floor":23.0,"turns":8.0},{"damage":67.0,"enemies":"Gremlin Leader","floor":25.0,"turns":10.0},{"damage":1,"enemies":"Sentry and Sphere","floor":31,"turns":7},{"damage":102,"enemies":"Collector","floor":33,"turns":12}],"seed_played":"664191157467879594","potions_obtained":[{"floor":12.0,"key":"Dexterity Potion"},{"floor":14.0,"key":"PowerPotion"},{"floor":31,"key":"Poison Potion"}],"is_trial":false,"path_per_floor":["M","?","?","T","M","E","R","?","T","R","E","M","?","M","R","B",null,"M","?","?","$","M","E","R","E","T","R","?","?","R","M","R"],"character_chosen":"DEFECT","items_purchased":["Self Repair"],"campfire_rested":4,"item_purchase_floors":[21],"current_hp_per_floor":[68,61,61,61,59,33,55,60,60,60,40,40,60,60,60,16,64,64,64,64,64,59,55,83,23,23,51,51,51,79,85,85,0],"gold":20,"neow_bonus":"UPGRADE_CARD","is_prod":false,"is_daily":false,"chose_seed":false,"campfire_upgraded":3,"win_rate":0,"timestamp":1531958736,"path_taken":["M","?","?","?","M","E","R","?","T","R","E","M","?","M","R","BOSS","M","?","?","$","M","E","R","E","T","R","?","?","R","M","R","BOSS"],"build_version":"2018-07-12","purchased_purges":0,"victory":false,"max_hp_per_floor":[75,75,75,75,75,75,75,80,80,80,80,80,80,80,80,80,80,80,80,80,80,80,94,94,94,94,94,94,94,94,94,94,94],"card_choices":[{"not_picked":["Hologram","Steam"],"picked":"Coolheaded","floor":1.0},{"not_picked":["Barrage","Leap"],"picked":"Go for the Eyes","floor":5.0},{"not_picked":["Rebound","Hologram","Darkness"],"picked":"SKIP","floor":5.0},{"not_picked":["Storm","Streamline","Creative AI"],"picked":"SKIP","floor":6.0},{"not_picked":["Streamline","Gash"],"picked":"Conserve Battery","floor":11.0},{"not_picked":["Creative AI","Gash"],"picked":"Go for the Eyes","floor":12.0},{"not_picked":["Steam Power","Redo","Lockon"],"picked":"SKIP","floor":12.0},{"not_picked":["Chaos","Steam Power"],"picked":"Hologram","floor":14.0},{"not_picked":["Stack","Storm","Rebound"],"picked":"SKIP","floor":14.0},{"not_picked":["Meteor Strike","Amplify"],"picked":"Core Surge","floor":16.0},{"not_picked":["Compile Driver","Streamline+1"],"picked":"Coolheaded","floor":18.0},{"not_picked":["Turbo","Doom and Gloom+1"],"picked":"Beam Cell","floor":18.0},{"not_picked":["Capacitor","Redo"],"picked":"Cold Snap+1","floor":22.0},{"not_picked":["Steam Power","Rebound+1"],"picked":"Coolheaded","floor":22.0},{"not_picked":["Hologram","Core Surge"],"picked":"Ball Lightning+1","floor":23.0},{"not_picked":["Static Discharge","White Noise"],"picked":"BootSequence+1","floor":25.0},{"not_picked":["Streamline+1","Chill"],"picked":"Cold Snap+1","floor":31},{"not_picked":["Turbo","Hologram"],"picked":"Sunder+1","floor":31}],"player_experience":129259,"relics_obtained":[{"floor":4.0,"key":"Prayer Wheel"},{"floor":6.0,"key":"Smiling Mask"},{"floor":9.0,"key":"Anchor"},{"floor":11.0,"key":"Emotion Chip"},{"floor":23.0,"key":"Mango"},{"floor":25.0,"key":"Cables"},{"floor":26.0,"key":"Happy Flower"}],"event_choices":[{"event_name":"Scrap Ooze","player_choice":"success","floor":2.0,"damage_taken":7.0},{"event_name":"The Woman in Blue","player_choice":"Bought 0 Potions","floor":3.0,"damage_taken":0.0},{"event_name":"Big Fish","player_choice":"Donut","floor":8.0,"damage_taken":0.0},{"event_name":"The Cleric","player_choice":"Healed","floor":13.0,"damage_taken":0.0},{"event_name":"The Library","player_choice":"Read","floor":19.0,"damage_taken":0.0},{"event_name":"Cursed Tome","player_choice":"Ignored","floor":20.0,"damage_taken":0.0},{"event_name":"Ghosts","player_choice":"Ignored","floor":28.0,"damage_taken":0.0},{"event_name":"Masked Bandits","player_choice":"Paid Bandits 392 gold","floor":29.0,"damage_taken":0.0}],"boss_relics":[{"not_picked":["Orrery","FrozenCore"],"picked":"Empty Cage"}],"items_purged_floors":[],"is_endless":false,"potions_floor_spawned":[12,14,31],"killed_by":"Collector","ascension_level":6}