{"gold_per_floor":[114,114,132,132,143,143,143,143,143,143,143,158,188,199,199,295,295,312,50,61,76,96,96],"floor_reached":23,"playtime":751,"items_purged":[],"score":261,"play_id":"b1d6d412-f5c8-40a3-b4e3-ef4472f01b8d","local_time":"20180720200316","is_ascension_mode":true,"campfire_choices":[{"floor":6.0,"key":"REST"},{"floor":8.0,"key":"REST"},{"data":"Dualcast","floor":10.0,"key":"SMITH"},{"data":"Go for the Eyes","floor":15.0,"key":"SMITH"}],"neow_cost":"NONE","seed_source_timestamp":0,"circlet_count":0,"master_deck":["Strike_B","Strike_B","Strike_B","Strike_B","Defend_B","Defend_B","Defend_B","Defend_B","Zap+1","Dualcast+1","Loop+1","Cold Snap","Beam Cell","Stack","Go for the Eyes+1","Cold Snap+1","Defragment","Reinforced Body","Gash"],"special_seed":0,"relics":["Cracked Core","Bronze Scales","Letter Opener","Symbiotic Virus","DataDisk","Sozu","ClockworkSouvenir"],"potions_floor_usage":[23],"damage_taken":[{"damage":6.0,"enemies":"2 Louse","floor":1.0,"turns":3.0},{"damage":0.0,"enemies":"Small Slimes","floor":3.0,"turns":3.0},{"damage":2.0,"enemies":"Jaw Worm","floor":5.0,"turns":3.0},{"damage":0.0,"enemies":"Large Slime","floor":12.0,"turns":5.0},{"damage":3.0,"enemies":"Gremlin Nob","floor":13.0,"turns":3.0},{"damage":4.0,"enemies":"Exordium Thugs","floor":14.0,"turns":2.0},{"damage":6.0,"enemies":"Hexaghost","floor":16.0,"turns":6.0},{"damage":17.0,"enemies":"2 Thieves","floor":18.0,"turns":3.0},{"damage":5.0,"enemies":"Chosen","floor":20.0,"turns":2.0},{"damage":11.0,"enemies":"Centurion and Healer","floor":21.0,"turns":4.0},{"damage":11.0,"enemies":"Snake Plant","floor":22.0,"turns":3.0},{"damage":37,"enemies":"Gremlin Leader","floor":23,"turns":5}],"seed_played":"7113553391779542265","potions_obtained":[{"floor":1.0,"key":"EntropicBrew"},{"floor":3.0,"key":"LiquidBronze"},{"floor":12.0,"key":"SkillPotion"}],"is_trial":false,"path_per_floor":["M","?","M","?","M","R","?","R","T","R","$","M","E","M","R","B",null,"M","$","M","M","M"],"character_chosen":"DEFECT","items_purchased":["ClockworkSouvenir","Defragment"],"campfire_rested":2,"item_purchase_floors":[19,19],"current_hp_per_floor":[62,47,47,35,33,55,55,75,75,75,75,75,72,68,68,62,72,55,55,50,39,28,0],"gold":96,"neow_bonus":"RANDOM_COMMON_RELIC","is_prod":false,"is_daily":false,"chose_seed":false,"campfire_upgraded":2,"win_rate":0,"timestamp":1532131396,"path_taken":["M","?","M","?","?","R","?","R","T","R","?","M","E","M","R","BOSS","M","?","M","?","M","E"],"build_version":"2018-07-19v2","purchased_purges":0,"victory":false,"max_hp_per_floor":[75,75,75,75,75,75,75,75,75,75,75,75,75,75,75,75,75,75,75,75,75,75,75],"card_choices":[{"not_picked":["Cold Snap","Redo"],"picked":"Loop","floor":1.0},{"not_picked":["Stack","Steam"],"picked":"Cold Snap","floor":3.0},{"not_picked":["Recycle","Compile Driver","Tempest"],"picked":"SKIP","floor":5.0},{"not_picked":["Turbo","Doom and Gloom","Beam Cell"],"picked":"SKIP","floor":12.0},{"not_picked":["Turbo","Doom and Gloom"],"picked":"Beam Cell","floor":12.0},{"not_picked":["Redo","Reboot"],"picked":"Stack","floor":13.0},{"not_picked":["Compile Driver","Scrape"],"picked":"Go for the Eyes","floor":14.0},{"not_picked":["Scrape","Redo"],"picked":"Cold Snap+1","floor":18.0},{"not_picked":["BootSequence","Storm","Rebound"],"picked":"SKIP","floor":20.0},{"not_picked":["Aggregate+1","Rebound"],"picked":"Reinforced Body","floor":21.0},{"not_picked":["Redo","Reinforced Body"],"picked":"Gash","floor":22.0}],"player_experience":136312,"relics_obtained":[{"floor":9.0,"key":"Symbiotic Virus"},{"floor":13.0,"key":"DataDisk"}],"event_choices":[{"event_name":"Shining Light","player_choice":"Entered Light","floor":2.0,"damage_taken":0.0},{"event_name":"Scrap Ooze","player_choice":"success","floor":4.0,"damage_taken":12.0},{"event_name":"Golden Idol","player_choice":"Ignored","floor":7.0,"damage_taken":0.0}],"is_beta":false,"boss_relics":[{"not_picked":["Eternal Feather","Calling Bell"],"picked":"Sozu"}],"items_purged_floors":[],"is_endless":false,"potions_floor_spawned":[1,3,12,14,16,18,20,22],"killed_by":"Gremlin Leader","ascension_level":7}