{"gold_per_floor":[112,112,176,14,64,114,114,142,219,231,256,256,281,300,300,300],"floor_reached":16,"playtime":508,"items_purged":[],"score":236,"play_id":"bbd6bc3c-d144-4f87-82ad-ef54573cc68f","local_time":"20190617203419","is_ascension_mode":true,"campfire_choices":[{"data":"Phantasmal Killer","floor":7.0,"key":"SMITH"},{"floor":12,"key":"REST"},{"floor":15,"key":"REST"}],"neow_cost":"NONE","seed_source_timestamp":301995669688000,"circlet_count":0,"master_deck":["AscendersBane","Defend_G","Defend_G","Defend_G","Defend_G","Defend_G","Strike_G","Strike_G","Strike_G","Strike_G","Strike_G","Survivor","Neutralize","Phantasmal Killer+1","Choke+1","Dodge and Roll","Sucker Punch+1","Slice","Corpse Explosion","Bouncing Flask","Quick Slash"],"special_seed":0,"relics":["Ring of the Snake","SsserpentHead","Happy Flower","Anchor","Letter Opener","Dodecahedron","Whetstone","Unceasing Top"],"potions_floor_usage":[11,16],"damage_taken":[{"damage":6.0,"enemies":"Jaw Worm","floor":1.0,"turns":6.0},{"damage":3.0,"enemies":"Cultist","floor":3.0,"turns":4.0},{"damage":39.0,"enemies":"Lagavulin","floor":8.0,"turns":7.0},{"damage":0.0,"enemies":"2 Louse","floor":10.0,"turns":3.0},{"damage":6,"enemies":"3 Sentries","floor":11,"turns":8},{"damage":20,"enemies":"Lagavulin","floor":13,"turns":6},{"damage":0,"enemies":"Looter","floor":14,"turns":2},{"damage":30,"enemies":"Hexaghost","floor":16,"turns":9}],"seed_played":"8478472632615603648","potions_obtained":[{"floor":1.0,"key":"Energy Potion"},{"floor":10.0,"key":"AttackPotion"},{"floor":11,"key":"Fire Potion"}],"is_trial":false,"path_per_floor":["M","?","M","$","?","?","R","E","T","M","E","R","E","M","R","B"],"character_chosen":"THE_SILENT","items_purchased":["Happy Flower"],"campfire_rested":2,"item_purchase_floors":[4],"current_hp_per_floor":[53,53,50,50,32,54,54,15,15,15,9,28,8,8,27,0],"gold":300,"neow_bonus":"ONE_RANDOM_RARE_CARD","is_prod":false,"is_daily":false,"chose_seed":false,"campfire_upgraded":1,"win_rate":0,"timestamp":1560800059,"path_taken":["M","?","?","$","?","?","R","E","T","M","E","R","E","M","R","BOSS"],"build_version":"2019-01-23","purchased_purges":0,"victory":false,"max_hp_per_floor":[66,66,66,66,66,66,66,66,66,66,66,66,66,66,66,66],"card_choices":[{"not_picked":["Flechettes","PiercingWail"],"picked":"Choke","floor":1.0},{"not_picked":["Expertise","Tactician"],"picked":"Dodge and Roll","floor":3.0},{"not_picked":["Reflex","Prepared"],"picked":"Sucker Punch","floor":8.0},{"not_picked":["Outmaneuver","Sucker Punch"],"picked":"Slice","floor":10.0},{"not_picked":["Outmaneuver","Underhanded Strike"],"picked":"Corpse Explosion","floor":11},{"not_picked":["Poisoned Stab","Blade Dance"],"picked":"Bouncing Flask","floor":13},{"not_picked":["Masterful Stab","Dodge and Roll"],"picked":"Quick Slash","floor":14}],"player_experience":1473479,"relics_obtained":[{"floor":8.0,"key":"Letter Opener"},{"floor":9.0,"key":"Dodecahedron"},{"floor":11,"key":"Whetstone"},{"floor":13,"key":"Unceasing Top"}],"event_choices":[{"damage_healed":0.0,"max_hp_gain":0.0,"max_hp_loss":0.0,"gold_gain":0.0,"event_name":"FaceTrader","player_choice":"Trade","floor":2.0,"gold_loss":0.0,"damage_taken":0.0,"relics_obtained":["SsserpentHead"]},{"damage_healed":0.0,"max_hp_gain":0.0,"max_hp_loss":0.0,"gold_gain":0.0,"event_name":"Scrap Ooze","player_choice":"Success","floor":5.0,"gold_loss":0.0,"damage_taken":18.0,"relics_obtained":["Anchor"]},{"damage_healed":22.0,"max_hp_gain":0.0,"max_hp_loss":0.0,"gold_gain":0.0,"event_name":"Big Fish","player_choice":"Banana","floor":6.0,"gold_loss":0.0,"damage_taken":0.0}],"is_beta":false,"boss_relics":[],"items_purged_floors":[],"is_endless":false,"potions_floor_spawned":[1,10,11],"killed_by":"Hexaghost","ascension_level":20}