{"gold_per_floor":[119,130,205,215,215,215,241,241,293,293],"floor_reached":10,"playtime":205,"items_purged":[],"score":125,"play_id":"b0e22247-c444-4cb8-9fa3-b5955e673cf9","local_time":"20190421212019","is_ascension_mode":true,"campfire_choices":[{"floor":6.0,"key":"REST"}],"neow_cost":"NONE","seed_source_timestamp":10479818198310712,"circlet_count":0,"master_deck":["AscendersBane","Strike_R","Strike_R","Strike_R","Strike_R","Strike_R","Defend_R","Defend_R","Defend_R","Defend_R","Bash","Clothesline","Pommel Strike","Evolve","Feed"],"special_seed":0,"relics":["Burning Blood","Bag of Marbles","Toxic Egg 2","Art of War"],"potions_floor_usage":[],"damage_taken":[{"damage":9.0,"enemies":"Jaw Worm","floor":1.0,"turns":4.0},{"damage":20.0,"enemies":"Small Slimes","floor":2.0,"turns":4.0},{"damage":4.0,"enemies":"2 Louse","floor":4.0,"turns":4.0},{"damage":30.0,"enemies":"Lagavulin","floor":7.0,"turns":5.0},{"damage":16,"enemies":"Exordium Thugs","floor":10,"turns":3}],"seed_played":"-3463217876418893027","potions_obtained":[{"floor":2.0,"key":"SteroidPotion"},{"floor":7.0,"key":"LiquidBronze"}],"is_trial":false,"path_per_floor":["M","M","?","M","?","R","E","?","T","M"],"character_chosen":"IRONCLAD","items_purchased":[],"campfire_rested":1,"item_purchase_floors":[],"current_hp_per_floor":[65,51,40,42,24,46,22,22,22,9],"gold":293,"neow_bonus":"THREE_CARDS","is_prod":false,"is_daily":false,"chose_seed":false,"campfire_upgraded":0,"win_rate":0,"timestamp":1555896019,"path_taken":["M","M","?","M","?","R","E","?","T","?"],"build_version":"2019-01-23","purchased_purges":0,"victory":false,"max_hp_per_floor":[75,75,75,75,75,75,75,75,75,78],"card_choices":[{"not_picked":["Heavy Blade","Headbutt"],"picked":"Clothesline","floor":0.0},{"not_picked":["Warcry","True Grit"],"picked":"Pommel Strike","floor":1.0},{"not_picked":["Clothesline","Sword Boomerang"],"picked":"Evolve","floor":2.0},{"not_picked":["Intimidate","Thunderclap","Sever Soul"],"picked":"SKIP","floor":4.0},{"not_picked":["Body Slam","True Grit","Fire Breathing"],"picked":"SKIP","floor":7.0}],"player_experience":653539,"relics_obtained":[{"floor":7.0,"key":"Toxic Egg 2"},{"floor":9.0,"key":"Art of War"}],"event_choices":[{"damage_healed":0.0,"max_hp_gain":0.0,"max_hp_loss":0.0,"gold_gain":75.0,"event_name":"World of Goop","player_choice":"Gather Gold","floor":3.0,"gold_loss":0.0,"damage_taken":11.0},{"damage_healed":0.0,"max_hp_gain":0.0,"max_hp_loss":0.0,"gold_gain":0.0,"event_name":"Scrap Ooze","player_choice":"Success","floor":5.0,"gold_loss":0.0,"damage_taken":18.0,"relics_obtained":["Bag of Marbles"]},{"damage_healed":0.0,"max_hp_gain":0.0,"max_hp_loss":0.0,"gold_gain":0.0,"event_name":"Match and Keep!","player_choice":"1 cards matched","floor":8.0,"gold_loss":0.0,"damage_taken":0.0,"cards_obtained":["Feed"]}],"is_beta":false,"boss_relics":[],"items_purged_floors":[],"is_endless":false,"potions_floor_spawned":[2,7],"killed_by":"Exordium Thugs","ascension_level":18}