{"gold_per_floor":[115,115,115,133,148,148,186,209,209,222,262,262,34,69,69,199,199,223,237,237,251,7,46,46,80,104,104,32,50,75,75,75,196,196,212,225,286,77,92,92,108,108,179,218,218,231,231,267,267,267],"floor_reached":51,"playtime":3224,"items_purged":["Strike_R","Barricade","Strike_R"],"score":828,"play_id":"13804af9-f768-47ba-9d1a-7748d58352f7","local_time":"20190710140737","is_ascension_mode":true,"campfire_choices":[{"data":"Bash","floor":6.0,"key":"SMITH"},{"data":"Heavy Blade","floor":12.0,"key":"SMITH"},{"data":"Warcry","floor":15.0,"key":"SMITH"},{"floor":24.0,"key":"REST"},{"floor":32.0,"key":"REST"},{"data":"J.A.X.","floor":40.0,"key":"SMITH"},{"data":"Inflame","floor":42.0,"key":"SMITH"},{"data":"Spot Weakness","floor":45.0,"key":"SMITH"},{"floor":47.0,"key":"REST"},{"floor":49.0,"key":"REST"}],"neow_cost":"NONE","seed_source_timestamp":0,"circlet_count":0,"master_deck":["Strike_R","Strike_R","Strike_R","Defend_R","Defend_R","Defend_R","Defend_R","Bash+1","Heavy Blade+1","Dropkick","Warcry+1","Inflame+1","Shrug It Off","Pummel+1","Pommel Strike+1","Metallicize","Sword Boomerang+1","Pummel+1","True Grit","J.A.X.+1","Sever Soul+1","Armaments+1","Rage+1","Limit Break","Sword Boomerang+1","Flash of Steel+1","Whirlwind+1","Spot Weakness+1","Shockwave+1","Inflame+1","Bloodletting"],"special_seed":0,"relics":["Burning Blood","Golden Idol","Molten Egg 2","Gremlin Horn","Paper Frog","Bag of Preparation","Happy Flower","Runic Pyramid","Oddly Smooth Stone","Dream Catcher","Gambling Chip","Bronze Scales","Lizard Tail","Du-Vu Doll","Bottled Tornado","Orichalcum","Mercury Hourglass"],"potions_floor_usage":[50],"damage_taken":[{"damage":8.0,"enemies":"Jaw Worm","floor":1.0,"turns":3.0},{"damage":0.0,"enemies":"2 Louse","floor":4.0,"turns":2.0},{"damage":6.0,"enemies":"Cultist","floor":5.0,"turns":3.0},{"damage":28.0,"enemies":"Gremlin Nob","floor":7.0,"turns":4.0},{"damage":0.0,"enemies":"Large Slime","floor":8.0,"turns":4.0},{"damage":16.0,"enemies":"Red Slaver","floor":10.0,"turns":3.0},{"damage":18.0,"enemies":"3 Sentries","floor":11.0,"turns":5.0},{"damage":14.0,"enemies":"Gremlin Nob","floor":14.0,"turns":3.0},{"damage":32.0,"enemies":"Hexaghost","floor":16.0,"turns":6.0},{"damage":29.0,"enemies":"2 Thieves","floor":18.0,"turns":4.0},{"damage":7.0,"enemies":"Spheric Guardian","floor":19.0,"turns":3.0},{"damage":29.0,"enemies":"Shelled Parasite and Fungi","floor":21.0,"turns":5.0},{"damage":12.0,"enemies":"Gremlin Leader","floor":23.0,"turns":5.0},{"damage":35.0,"enemies":"Slavers","floor":25.0,"turns":7.0},{"damage":6.0,"enemies":"Snecko","floor":29.0,"turns":3.0},{"damage":27.0,"enemies":"Snake Plant","floor":30.0,"turns":3.0},{"damage":15.0,"enemies":"Champ","floor":33.0,"turns":9.0},{"damage":26.0,"enemies":"3 Shapes","floor":35.0,"turns":3.0},{"damage":13.0,"enemies":"Orb Walker","floor":36.0,"turns":2.0},{"damage":30.0,"enemies":"2 Orb Walkers","floor":37.0,"turns":4.0},{"damage":8.0,"enemies":"4 Shapes","floor":39.0,"turns":3.0},{"damage":3.0,"enemies":"Spire Growth","floor":41.0,"turns":2.0},{"damage":3.0,"enemies":"Giant Head","floor":44.0,"turns":4.0},{"damage":3.0,"enemies":"Maw","floor":46.0,"turns":3.0},{"damage":39.0,"enemies":"Nemesis","floor":48.0,"turns":3.0},{"damage":53,"enemies":"Donu and Deca","floor":50,"turns":6}],"seed_played":"-8181117516587004857","potions_obtained":[{"floor":4.0,"key":"EntropicBrew"},{"floor":10.0,"key":"SneckoOil"},{"floor":11.0,"key":"Fire Potion"},{"floor":21.0,"key":"Swift Potion"},{"floor":23.0,"key":"GamblersBrew"},{"floor":37.0,"key":"Fire Potion"}],"is_trial":false,"path_per_floor":["M","?","?","M","M","R","E","M","T","M","E","R","$","E","R","B",null,"M","M","?","M","$","E","R","E","T","?","$","M","M","?","R","B",null,"M","M","?","$","M","R","M","R","T","E","R","M","R","E","R","B",null],"character_chosen":"IRONCLAD","items_purchased":["Bag of Preparation","Oddly Smooth Stone","Sever Soul+1","Flash of Steel+1"],"campfire_rested":4,"item_purchase_floors":[13,22,28,38],"current_hp_per_floor":[86,91,68,74,74,74,52,58,58,48,59,59,59,51,51,25,93,70,69,69,46,46,40,67,38,38,38,38,38,17,17,44,35,93,73,66,42,42,40,40,43,43,43,46,46,49,76,43,70,23],"gold":267,"neow_bonus":"TEN_PERCENT_HP_BONUS","is_prod":false,"is_daily":false,"chose_seed":false,"campfire_upgraded":6,"win_rate":0,"timestamp":1562735257,"path_taken":["M","?","?","M","M","R","E","M","T","M","E","R","$","E","R","BOSS","M","M","?","M","$","E","R","E","T","?","?","M","M","?","R","BOSS","M","M","?","$","M","R","M","R","T","E","R","M","R","E","R","BOSS"],"build_version":"2019-07-05","purchased_purges":3,"victory":true,"max_hp_per_floor":[88,93,93,93,93,93,93,93,93,93,93,93,93,93,93,93,93,93,93,93,93,93,93,93,93,93,93,93,93,93,93,93,93,93,93,93,93,93,93,93,93,93,93,93,93,93,93,93,93,93],"card_choices":[{"not_picked":["Perfected Strike","Clash"],"picked":"Heavy Blade","floor":1.0},{"not_picked":["Twin Strike","Perfected Strike"],"picked":"Dropkick","floor":4.0},{"not_picked":["Sword Boomerang","Perfected Strike"],"picked":"Warcry","floor":5.0},{"not_picked":["Shrug It Off","Ghostly Armor"],"picked":"Inflame","floor":7.0},{"not_picked":["Cleave+1","Warcry"],"picked":"Shrug It Off","floor":8.0},{"not_picked":["Inflame","Thunderclap+1"],"picked":"Pummel+1","floor":10.0},{"not_picked":["Flex","Perfected Strike+1"],"picked":"Pommel Strike+1","floor":11.0},{"not_picked":["Impervious","Burning Pact"],"picked":"Metallicize","floor":14.0},{"not_picked":["Fiend Fire+1","Brutality"],"picked":"Barricade","floor":16.0},{"not_picked":["Headbutt+1","Blood for Blood+1"],"picked":"Sword Boomerang+1","floor":18.0},{"not_picked":["Feel No Pain","Twin Strike+1"],"picked":"Pummel+1","floor":19.0},{"not_picked":["Perfected Strike+1","Twin Strike+1","Anger+1"],"picked":"SKIP","floor":21.0},{"not_picked":["Perfected Strike+1","Berserk"],"picked":"True Grit","floor":23.0},{"not_picked":["Searing Blow+1","Reckless Charge+1","Carnage+1"],"picked":"SKIP","floor":25.0},{"not_picked":["Berserk","Thunderclap+1"],"picked":"Armaments+1","floor":29.0},{"not_picked":["Twin Strike+1","True Grit","Hemokinesis+1"],"picked":"SKIP","floor":30.0},{"not_picked":["Headbutt+1","Metallicize+1"],"picked":"Rage+1","floor":32.0},{"not_picked":["Juggernaut","Dark Embrace"],"picked":"Limit Break","floor":33.0},{"not_picked":["Body Slam+1","Sword Boomerang+1","Iron Wave+1"],"picked":"SKIP","floor":35.0},{"not_picked":["Pommel Strike+1","Iron Wave+1"],"picked":"Sword Boomerang+1","floor":36.0},{"not_picked":["Thunderclap+1","Clash+1","Iron Wave+1"],"picked":"SKIP","floor":39.0},{"not_picked":["Hemokinesis+1","Pommel Strike+1"],"picked":"Whirlwind+1","floor":41.0},{"not_picked":["Combust","Whirlwind+1"],"picked":"Spot Weakness","floor":44.0},{"not_picked":["Perfected Strike+1","Pummel+1"],"picked":"Shockwave+1","floor":46.0},{"not_picked":["Flame Barrier","Flex+1"],"picked":"Inflame+1","floor":47.0},{"not_picked":["Metallicize+1","Pommel Strike+1","Double Tap"],"picked":"SKIP","floor":48.0},{"not_picked":["Iron Wave+1","Pommel Strike+1"],"picked":"Bloodletting","floor":49.0}],"player_experience":22334,"relics_obtained":[{"floor":7.0,"key":"Molten Egg 2"},{"floor":9.0,"key":"Gremlin Horn"},{"floor":11.0,"key":"Paper Frog"},{"floor":14.0,"key":"Happy Flower"},{"floor":23.0,"key":"Dream Catcher"},{"floor":25.0,"key":"Gambling Chip"},{"floor":26.0,"key":"Bronze Scales"},{"floor":37.0,"key":"Du-Vu Doll"},{"floor":43.0,"key":"Bottled Tornado"},{"floor":44.0,"key":"Orichalcum"},{"floor":48.0,"key":"Mercury Hourglass"}],"event_choices":[{"damage_healed":0.0,"max_hp_gain":5.0,"max_hp_loss":0.0,"gold_gain":0.0,"event_name":"Big Fish","player_choice":"Donut","floor":2.0,"gold_loss":0.0,"damage_taken":0.0},{"damage_healed":0.0,"max_hp_gain":0.0,"max_hp_loss":0.0,"gold_gain":0.0,"event_name":"Golden Idol","player_choice":"Take Damage","floor":3.0,"gold_loss":0.0,"damage_taken":23.0,"relics_obtained":["Golden Idol"]},{"damage_healed":0.0,"max_hp_gain":0.0,"max_hp_loss":0.0,"gold_gain":0.0,"event_name":"Cursed Tome","player_choice":"Ignored","floor":20.0,"gold_loss":0.0,"damage_taken":0.0},{"damage_healed":0.0,"max_hp_gain":0.0,"max_hp_loss":0.0,"gold_gain":0.0,"event_name":"Drug Dealer","player_choice":"Obtain J.A.X.","floor":27.0,"gold_loss":0.0,"damage_taken":0.0,"cards_obtained":["J.A.X."]},{"damage_healed":0.0,"max_hp_gain":0.0,"max_hp_loss":0.0,"gold_gain":0.0,"event_name":"Mysterious Sphere","player_choice":"Fight","floor":37.0,"gold_loss":0.0,"damage_taken":0.0}],"is_beta":false,"boss_relics":[{"not_picked":["Philosopher\u0027s Stone","Empty Cage"],"picked":"Runic Pyramid"},{"not_picked":["Astrolabe","Calling Bell"],"picked":"Lizard Tail"}],"items_purged_floors":[13,22,38],"is_endless":false,"potions_floor_spawned":[4,10,11,21,23,33,37,44,48],"ascension_level":1}