{"gold_per_floor":[111,111,127,127,127,127,141,205,205,205,233,132,132,150,150,150],"floor_reached":16,"playtime":310,"items_purged":["Strike_B"],"score":216,"play_id":"1a43d2c9-082a-4e18-a999-fec6c254a932","local_time":"20190617133253","is_ascension_mode":true,"campfire_choices":[{"data":"Go for the Eyes","floor":6.0,"key":"SMITH"},{"data":"Rainbow","floor":10,"key":"SMITH"},{"data":"Glacier","floor":13,"key":"SMITH"},{"data":"Cold Snap","floor":15,"key":"SMITH"}],"neow_cost":"NONE","seed_source_timestamp":277091947873100,"circlet_count":0,"master_deck":["AscendersBane","Strike_B","Strike_B","Strike_B","Defend_B","Defend_B","Defend_B","Defend_B","Zap+1","Dualcast","Glacier+1","Go for the Eyes+1","Ball Lightning","Rainbow+1","FTL","Gash","Cold Snap+1","Ball Lightning"],"special_seed":0,"relics":["Cursed Key","Tiny Chest","Strawberry"],"potions_floor_usage":[],"damage_taken":[{"damage":4.0,"enemies":"Small Slimes","floor":1.0,"turns":3.0},{"damage":0.0,"enemies":"Jaw Worm","floor":3.0,"turns":4.0},{"damage":0.0,"enemies":"Cultist","floor":7.0,"turns":4.0},{"damage":20.0,"enemies":"Gremlin Nob","floor":8.0,"turns":4.0},{"damage":6,"enemies":"3 Sentries","floor":11,"turns":7},{"damage":0,"enemies":"Large Slime","floor":14,"turns":5},{"damage":0,"enemies":"The Guardian","floor":16,"turns":1}],"seed_played":"6139980415217073360","potions_obtained":[{"floor":11,"key":"Strength Potion"}],"is_trial":false,"path_per_floor":["M","?","M","?","?","R","M","E","T","R","E","$","R","M","R","B"],"character_chosen":"DEFECT","items_purchased":["Cold Snap"],"campfire_rested":0,"item_purchase_floors":[12],"current_hp_per_floor":[60,60,60,65,65,65,65,45,45,45,46,46,46,46,46,46],"gold":150,"neow_bonus":"BOSS_RELIC","is_prod":false,"is_daily":false,"chose_seed":false,"campfire_upgraded":4,"win_rate":0,"timestamp":1560774773,"path_taken":["M","?","M","?","?","R","M","E","T","R","E","$","R","?","R","BOSS"],"build_version":"2019-01-23","purchased_purges":1,"victory":false,"max_hp_per_floor":[71,71,71,76,76,76,76,76,76,76,83,83,83,83,83,83],"card_choices":[{"not_picked":["Hologram","Turbo"],"picked":"Glacier","floor":1.0},{"not_picked":["Turbo","Steam"],"picked":"Go for the Eyes","floor":3.0},{"not_picked":["Go for the Eyes","Tempest"],"picked":"Rainbow","floor":7.0},{"not_picked":["Stack","Sweeping Beam"],"picked":"FTL","floor":8.0},{"not_picked":["Hologram","Coolheaded"],"picked":"Gash","floor":11},{"not_picked":["Redo","Genetic Algorithm"],"picked":"Ball Lightning","floor":14}],"player_experience":1472456,"relics_obtained":[{"floor":8.0,"key":"Tiny Chest"},{"floor":11,"key":"Strawberry"}],"event_choices":[{"damage_healed":0.0,"max_hp_gain":0.0,"max_hp_loss":0.0,"gold_gain":0.0,"event_name":"Living Wall","player_choice":"Grow","floor":2.0,"gold_loss":0.0,"damage_taken":0.0,"cards_upgraded":["Zap"]},{"damage_healed":0.0,"max_hp_gain":5.0,"max_hp_loss":0.0,"gold_gain":0.0,"event_name":"Big Fish","player_choice":"Donut","floor":4.0,"gold_loss":0.0,"damage_taken":0.0},{"damage_healed":0.0,"max_hp_gain":0.0,"max_hp_loss":0.0,"gold_gain":0.0,"event_name":"Match and Keep!","player_choice":"1 cards matched","floor":5.0,"gold_loss":0.0,"damage_taken":0.0,"cards_obtained":["Ball Lightning"]}],"is_beta":false,"boss_relics":[],"items_purged_floors":[12],"is_endless":false,"potions_floor_spawned":[11],"killed_by":"The Guardian","ascension_level":20}