{"gold_per_floor":[115,115,265,276,276,310,329,345,345,345,345],"floor_reached":11,"playtime":184,"items_purged":[],"score":196,"play_id":"6cb3d092-50e7-4f12-8c76-37c9b0bcd537","local_time":"20190225215721","is_ascension_mode":true,"campfire_choices":[{"data":"Footwork","floor":10,"key":"SMITH"}],"neow_cost":"NONE","seed_source_timestamp":815638386091100,"circlet_count":0,"master_deck":["AscendersBane","Defend_G","Defend_G","Defend_G","Defend_G","Defend_G","Strike_G","Strike_G+1","Strike_G","Strike_G+1","Strike_G","Survivor","Neutralize","Endless Agony","Regret","Doubt","Dagger Spray","Footwork+1","Deflect","Sucker Punch"],"relics":["Ring of the Snake","NeowsBlessing","PreservedInsect","Bottled Flame","Pantograph"],"potions_floor_usage":[11],"damage_taken":[{"damage":0,"enemies":"Cultist","floor":1,"turns":1},{"damage":0,"enemies":"Jaw Worm","floor":4,"turns":1},{"damage":0,"enemies":"3 Sentries","floor":6,"turns":1},{"damage":2,"enemies":"2 Louse","floor":7,"turns":3},{"damage":1,"enemies":"Looter","floor":8,"turns":4},{"damage":47,"enemies":"Lagavulin","floor":11,"turns":8}],"seed_played":"7823815338287398997","potions_obtained":[{"floor":6,"key":"Ancient Potion"},{"floor":7,"key":"Explosive Potion"}],"is_trial":false,"path_per_floor":["M","?","?","M","?","E","M","M","T","R","E"],"character_chosen":"THE_SILENT","items_purchased":[],"campfire_rested":0,"item_purchase_floors":[],"current_hp_per_floor":[59,59,59,59,39,39,37,36,36,36,0],"gold":345,"neow_bonus":"THREE_ENEMY_KILL","is_prod":false,"is_daily":false,"chose_seed":false,"campfire_upgraded":1,"win_rate":0,"timestamp":1551160641,"path_taken":["M","?","?","M","?","E","M","M","T","R","E"],"build_version":"2019-01-23","purchased_purges":0,"victory":false,"max_hp_per_floor":[66,66,66,66,66,66,66,66,66,66,66],"card_choices":[{"not_picked":["Dagger Throw","Blade Dance"],"picked":"Endless Agony","floor":1},{"not_picked":["Blade Dance","Deflect"],"picked":"Dagger Spray","floor":4},{"not_picked":["Masterful Stab","Deadly Poison"],"picked":"Footwork","floor":6},{"not_picked":["Quick Slash","Prepared"],"picked":"Deflect","floor":7},{"not_picked":["Underhanded Strike","Deadly Poison"],"picked":"Sucker Punch","floor":8}],"player_experience":1203256,"relics_obtained":[{"floor":6,"key":"Bottled Flame"},{"floor":9,"key":"Pantograph"}],"event_choices":[{"damage_healed":0,"gold_gain":0,"player_choice":"Box","damage_taken":0,"relics_obtained":["PreservedInsect"],"max_hp_gain":0,"max_hp_loss":0,"event_name":"Big Fish","floor":2,"gold_loss":0,"cards_obtained":["Regret"]},{"damage_healed":0,"gold_gain":150,"player_choice":"AGREE","damage_taken":0,"max_hp_gain":0,"max_hp_loss":0,"event_name":"Liars Game","floor":3,"gold_loss":0,"cards_obtained":["Doubt"]},{"damage_healed":0,"gold_gain":0,"player_choice":"Entered Light","damage_taken":20,"max_hp_gain":0,"max_hp_loss":0,"event_name":"Shining Light","floor":5,"gold_loss":0,"cards_upgraded":["Strike_G","Strike_G"]}],"is_beta":false,"boss_relics":[],"items_purged_floors":[],"is_endless":false,"potions_floor_spawned":[6,7],"killed_by":"Lagavulin","ascension_level":20}