{"gold_per_floor":[118,293,24,24,39,72,84,127,185,215,227,319,376,26,26,146,146,159,609,633,654,197,240,240,240,240,258,258,258,301,324,324,454,454,479,288,353,54,68,102,102,141,141,177,177,2,335,345,345,345],"floor_reached":50,"playtime":1608,"items_purged":["Doubt","Searing Blow","Strike_R","Defend_R","Pain"],"score":745,"play_id":"16f8c2b3-a261-4e50-9499-0927ef1bfc6a","local_time":"20190302224356","is_ascension_mode":true,"campfire_choices":[{"floor":11.0,"key":"REST"},{"floor":15.0,"key":"REST"},{"floor":24,"key":"REST"},{"floor":28,"key":"REST"},{"floor":32,"key":"RECALL"},{"floor":41,"key":"REST"},{"floor":45,"key":"REST"},{"floor":49,"key":"REST"}],"neow_cost":"NONE","seed_source_timestamp":129057180650700,"circlet_count":0,"master_deck":["Defend_R","Defend_R","Defend_R+1","Bash","Rampage+1","Shrug It Off+1","Double Tap","Immolate","Pommel Strike","Offering","Twin Strike","Pommel Strike","Clothesline","Inflame","Bite","Bite","Bite","Bite","Bite","Armaments+1","Impervious","Pommel Strike","True Grit+1","True Grit+1","Seeing Red+1"],"special_seed":0,"relics":["Fusion Hammer","HandDrill","MawBank","Self Forming Clay","Strawberry","Oddly Smooth Stone","Orichalcum","Shuriken","Sozu","War Paint","Bag of Marbles","Whetstone","Vajra","Red Mask","Cursed Key","Toolbox","Champion Belt","Red Skull","Nunchaku","Regal Pillow","Bottled Lightning"],"potions_floor_usage":[23],"damage_taken":[{"damage":1.0,"enemies":"2 Louse","floor":1.0,"turns":3.0},{"damage":0.0,"enemies":"Cultist","floor":5.0,"turns":2.0},{"damage":18.0,"enemies":"3 Sentries","floor":6.0,"turns":7.0},{"damage":13.0,"enemies":"Lagavulin","floor":8.0,"turns":5.0},{"damage":0.0,"enemies":"Small Slimes","floor":10.0,"turns":2.0},{"damage":2.0,"enemies":"Gremlin Nob","floor":12.0,"turns":3.0},{"damage":0.0,"enemies":"3 Sentries","floor":13.0,"turns":2.0},{"damage":1.0,"enemies":"Slime Boss","floor":16.0,"turns":6.0},{"damage":10,"enemies":"Shell Parasite","floor":18,"turns":2},{"damage":10,"enemies":"Chosen","floor":20,"turns":2},{"damage":8,"enemies":"Centurion and Healer","floor":21,"turns":3},{"damage":6,"enemies":"Slavers","floor":23,"turns":1},{"damage":0,"enemies":"Snecko","floor":27,"turns":3},{"damage":0,"enemies":"Masked Bandits","floor":30,"turns":2},{"damage":0,"enemies":"3 Cultists","floor":31,"turns":4},{"damage":48,"enemies":"Champ","floor":33,"turns":6},{"damage":0,"enemies":"3 Shapes","floor":35,"turns":2},{"damage":30,"enemies":"2 Orb Walkers","floor":37,"turns":4},{"damage":12,"enemies":"3 Darklings","floor":39,"turns":3},{"damage":6,"enemies":"Giant Head","floor":40,"turns":5},{"damage":12,"enemies":"Nemesis","floor":42,"turns":3},{"damage":10,"enemies":"Reptomancer","floor":44,"turns":3},{"damage":11,"enemies":"Jaw Worm Horde","floor":48,"turns":3},{"damage":75,"enemies":"Time Eater","floor":50,"turns":11}],"seed_played":"5482032081506012248","potions_obtained":[{"floor":1.0,"key":"AttackPotion"},{"floor":6.0,"key":"Weak Potion"},{"floor":8.0,"key":"SteroidPotion"},{"floor":10.0,"key":"Energy Potion"}],"is_trial":false,"path_per_floor":["M","?","$","?","M","E","?","E","T","M","R","?","E","$","R","B",null,"M","?","M","M","$","E","R","?","T","M","R","?","?","M","R","B",null,"M","$","?","$","M","E","R","E","T","E","R","$","?","M","R","B"],"character_chosen":"IRONCLAD","items_purchased":["HandDrill","Shuriken","War Paint","Inflame","Bag of Marbles","Toolbox","Red Skull"],"campfire_rested":7,"item_purchase_floors":[3,14,22,22,22,36,38],"current_hp_per_floor":[79,79,79,79,79,61,41,28,35,35,61,59,59,59,85,84,87,77,29,19,11,11,5,31,31,31,31,57,57,60,60,60,25,60,60,60,40,40,39,37,55,45,45,43,60,60,60,56,60,0],"gold":345,"neow_bonus":"BOSS_RELIC","is_prod":false,"is_daily":false,"chose_seed":false,"campfire_upgraded":0,"win_rate":0,"timestamp":1551566636,"path_taken":["M","?","$","?","?","E","?","E","T","M","R","?","E","$","R","BOSS","M","?","?","M","$","E","R","?","T","M","R","?","?","M","R","BOSS","M","$","?","$","M","E","R","E","T","E","R","?","?","M","R","BOSS"],"build_version":"2019-01-23","purchased_purges":5,"victory":false,"max_hp_per_floor":[80,80,80,80,80,80,80,80,87,87,87,87,87,87,87,87,87,87,87,87,87,87,87,87,87,87,87,87,60,60,60,60,60,60,60,60,60,60,60,60,60,60,60,60,60,60,60,60,60,60],"card_choices":[{"not_picked":["Reckless Charge","Armaments"],"picked":"Searing Blow","floor":1.0},{"not_picked":["Clash","Combust"],"picked":"Shrug It Off","floor":5.0},{"not_picked":["Corruption","Rupture"],"picked":"Double Tap","floor":6.0},{"not_picked":["Heavy Blade","Thunderclap"],"picked":"Immolate","floor":8.0},{"not_picked":["Fire Breathing","Blood for Blood"],"picked":"Pommel Strike","floor":10.0},{"not_picked":["Iron Wave","Thunderclap","Armaments"],"picked":"SKIP","floor":13.0},{"not_picked":["Brutality","Limit Break"],"picked":"Offering","floor":16.0},{"not_picked":["Body Slam","True Grit"],"picked":"Twin Strike","floor":18},{"not_picked":["Seeing Red","Anger"],"picked":"Pommel Strike","floor":20},{"not_picked":["Headbutt","True Grit"],"picked":"Clothesline","floor":21},{"not_picked":["Entrench+1","Searing Blow","Body Slam"],"picked":"SKIP","floor":23},{"not_picked":["Iron Wave","Havoc","Warcry"],"picked":"SKIP","floor":27},{"not_picked":["True Grit","Heavy Blade"],"picked":"Armaments+1","floor":31},{"not_picked":["Double Tap","Juggernaut"],"picked":"Impervious","floor":33},{"not_picked":["Flex","Body Slam+1","Havoc"],"picked":"SKIP","floor":35},{"not_picked":["Iron Wave","Cleave+1"],"picked":"Pommel Strike","floor":37},{"not_picked":["Thunderclap","Ghostly Armor+1","Headbutt+1"],"picked":"SKIP","floor":39},{"not_picked":["Intimidate","Shrug It Off"],"picked":"True Grit+1","floor":40},{"not_picked":["Clothesline+1","Cleave+1"],"picked":"True Grit+1","floor":42},{"not_picked":["Searing Blow","Warcry"],"picked":"Seeing Red+1","floor":44},{"not_picked":["Shrug It Off","Heavy Blade","Sever Soul"],"picked":"SKIP","floor":48}],"player_experience":1221522,"relics_obtained":[{"floor":6.0,"key":"MawBank"},{"floor":8.0,"key":"Self Forming Clay"},{"floor":9.0,"key":"Strawberry"},{"floor":12.0,"key":"Oddly Smooth Stone"},{"floor":13.0,"key":"Orichalcum"},{"floor":23,"key":"Whetstone"},{"floor":26,"key":"Vajra"},{"floor":30,"key":"Red Mask"},{"floor":37,"key":"Champion Belt"},{"floor":40,"key":"Nunchaku"},{"floor":42,"key":"Regal Pillow"},{"floor":44,"key":"Bottled Lightning"}],"event_choices":[{"damage_healed":0.0,"max_hp_gain":0.0,"max_hp_loss":0.0,"gold_gain":175.0,"event_name":"Liars Game","player_choice":"AGREE","floor":2.0,"gold_loss":0.0,"damage_taken":0.0,"cards_obtained":["Doubt"]},{"damage_healed":0.0,"max_hp_gain":0.0,"max_hp_loss":0.0,"gold_gain":0.0,"cards_transformed":["Strike_R"],"event_name":"Transmorgrifier","player_choice":"Transformed","floor":4.0,"gold_loss":0.0,"damage_taken":0.0,"cards_obtained":["Rampage"]},{"damage_healed":0.0,"max_hp_gain":0.0,"max_hp_loss":0.0,"gold_gain":0.0,"event_name":"Golden Idol","player_choice":"Take Damage","floor":7.0,"gold_loss":0.0,"damage_taken":20.0,"relics_obtained":["Golden Idol"]},{"damage_healed":0.0,"max_hp_gain":0.0,"max_hp_loss":0.0,"gold_gain":0.0,"event_name":"Dead Adventurer","player_choice":"Searched \u00272\u0027 times","floor":12.0,"gold_loss":0.0,"damage_taken":0.0},{"damage_healed":0,"gold_gain":450,"player_choice":"GOLD GOLD GOLD GOLD GOLD ","damage_taken":48,"max_hp_gain":0,"max_hp_loss":0,"event_name":"Knowing Skull","floor":19,"potions_obtained":[],"gold_loss":0,"cards_obtained":[]},{"damage_healed":0,"gold_gain":0,"player_choice":"Ignored","damage_taken":0,"max_hp_gain":0,"max_hp_loss":0,"event_name":"Ghosts","floor":25,"gold_loss":0},{"damage_healed":0,"gold_gain":0,"player_choice":"Became a vampire","damage_taken":0,"max_hp_gain":0,"max_hp_loss":27,"event_name":"Vampires","floor":29,"gold_loss":0,"cards_obtained":["Bite","Bite","Bite","Bite","Bite"]},{"damage_healed":0,"gold_gain":0,"player_choice":"Fought Bandits","damage_taken":0,"max_hp_gain":0,"max_hp_loss":0,"event_name":"Masked Bandits","floor":30,"gold_loss":0},{"damage_healed":0,"gold_gain":0,"player_choice":"Fight","damage_taken":0,"max_hp_gain":0,"max_hp_loss":0,"event_name":"Mysterious Sphere","floor":37,"gold_loss":0},{"damage_healed":0,"gold_gain":333,"player_choice":"Gave Idol","damage_taken":0,"max_hp_gain":0,"max_hp_loss":0,"event_name":"The Moai Head","floor":47,"relics_lost":["Golden Idol"],"gold_loss":0}],"is_beta":false,"boss_relics":[{"not_picked":["Pandora\u0027s Box","Runic Cube"],"picked":"Sozu"},{"not_picked":["Black Star","Mark of Pain"],"picked":"Cursed Key"}],"items_purged_floors":[3,14,22,38,46],"is_endless":false,"potions_floor_spawned":[1,6,8,10,21,23,27,30,33,37,40,48],"killed_by":"Time Eater","ascension_level":1}