{"gold_per_floor":[112,126,139,152,152,152,163,195,246,265,265,275,117,128,128,202,202,218,228,66,83,93,93,93,105,178,68,68,78,110,110],"floor_reached":31,"playtime":1185,"items_purged":[],"score":551,"play_id":"0635b875-ec79-456e-b092-31281072f054","local_time":"20190619001552","is_ascension_mode":true,"campfire_choices":[{"data":"Noxious Fumes","floor":6.0,"key":"SMITH"},{"data":"Neutralize","floor":11.0,"key":"SMITH"},{"data":"Dagger Spray","floor":15.0,"key":"SMITH"},{"floor":23,"key":"REST"},{"floor":28,"key":"REST"}],"neow_cost":"NONE","seed_source_timestamp":0,"circlet_count":0,"master_deck":["AscendersBane","Defend_G","Defend_G","Defend_G+1","Defend_G","Defend_G","Strike_G","Strike_G","Strike_G","Strike_G","Survivor","Neutralize+1","Dagger Throw","Noxious Fumes+1","Quick Slash","Dash","Predator","Dash","Dagger Spray+1","Dash","Tools of the Trade","Bane","Blade Dance","Leg Sweep","Dash","Flying Knee","Sucker Punch"],"special_seed":0,"relics":["Eternal Feather","Anchor","Omamori","Bronze Scales","Fusion Hammer","Juzu Bracelet","Blue Candle","Pantograph","Regal Pillow"],"potions_floor_usage":[30],"damage_taken":[{"damage":3.0,"enemies":"Small Slimes","floor":1.0,"turns":5.0},{"damage":9.0,"enemies":"Jaw Worm","floor":2.0,"turns":7.0},{"damage":1.0,"enemies":"Cultist","floor":3.0,"turns":4.0},{"damage":7.0,"enemies":"Blue Slaver","floor":4.0,"turns":5.0},{"damage":4.0,"enemies":"Large Slime","floor":7.0,"turns":8.0},{"damage":22.0,"enemies":"Gremlin Nob","floor":8.0,"turns":4.0},{"damage":1.0,"enemies":"Looter","floor":10.0,"turns":4.0},{"damage":6.0,"enemies":"Red Slaver","floor":12.0,"turns":4.0},{"damage":4.0,"enemies":"Lots of Slimes","floor":14.0,"turns":4.0},{"damage":28.0,"enemies":"Slime Boss","floor":16.0,"turns":8.0},{"damage":22,"enemies":"Spheric Guardian","floor":18,"turns":4},{"damage":8,"enemies":"Shell Parasite","floor":19,"turns":6},{"damage":9,"enemies":"Cultist and Chosen","floor":21,"turns":5},{"damage":6,"enemies":"Centurion and Healer","floor":22,"turns":10},{"damage":8,"enemies":"Shelled Parasite and Fungi","floor":25,"turns":7},{"damage":8,"enemies":"Snake Plant","floor":29,"turns":4},{"damage":44,"enemies":"Slavers","floor":30,"turns":8},{"damage":16,"enemies":"Cultist and Chosen","floor":31,"turns":5}],"seed_played":"-8086588923948344874","potions_obtained":[{"floor":2.0,"key":"SkillPotion"},{"floor":4.0,"key":"Strength Potion"},{"floor":16.0,"key":"Fire Potion"},{"floor":19,"key":"Dexterity Potion"}],"is_trial":false,"path_per_floor":["M","M","M","M","?","R","M","E","T","M","R","M","$","M","R","B",null,"M","M","$","M","M","R","?","M","T","?","R","M","E","M"],"character_chosen":"THE_SILENT","items_purchased":["Bronze Scales","Juzu Bracelet"],"campfire_rested":2,"item_purchase_floors":[13,20],"current_hp_per_floor":[56,47,46,39,39,48,44,22,22,21,33,27,27,23,35,7,51,29,21,21,12,6,40,40,32,32,32,66,58,14,0],"gold":110,"neow_bonus":"BOSS_RELIC","is_prod":false,"is_daily":false,"chose_seed":false,"campfire_upgraded":3,"win_rate":0,"timestamp":1560917752,"path_taken":["M","M","M","M","?","R","M","E","T","M","R","M","?","M","R","BOSS","M","M","$","M","M","R","?","M","T","?","R","M","E","M"],"build_version":"2019-01-23","purchased_purges":0,"victory":false,"max_hp_per_floor":[66,66,66,66,66,66,66,66,66,66,66,66,66,66,66,66,66,66,66,66,66,66,66,66,66,66,66,66,66,66,66],"card_choices":[{"not_picked":["PiercingWail","Finisher"],"picked":"Dagger Throw","floor":1.0},{"not_picked":["Crippling Poison","Caltrops"],"picked":"Noxious Fumes","floor":2.0},{"not_picked":["Slice","Prepared"],"picked":"Quick Slash","floor":3.0},{"not_picked":["Burst","Dagger Spray"],"picked":"Dash","floor":4.0},{"not_picked":["Finisher","Sucker Punch"],"picked":"Predator","floor":7.0},{"not_picked":["Underhanded Strike","Finisher"],"picked":"Dash","floor":8.0},{"not_picked":["Riddle With Holes","Cloak And Dagger"],"picked":"Dagger Spray","floor":10.0},{"not_picked":["Cloak And Dagger","Dagger Spray"],"picked":"Dash","floor":12.0},{"not_picked":["Outmaneuver","Riddle With Holes","Slice"],"picked":"SKIP","floor":14.0},{"not_picked":["Wraith Form v2","Night Terror"],"picked":"Tools of the Trade","floor":16.0},{"not_picked":["Deadly Poison","Setup+1"],"picked":"Bane","floor":18},{"not_picked":["Quick Slash","Backflip"],"picked":"Blade Dance","floor":19},{"not_picked":["Expertise","Sucker Punch"],"picked":"Leg Sweep","floor":21},{"not_picked":["Acrobatics+1","Distraction"],"picked":"Dash","floor":22},{"not_picked":["Reflex","Outmaneuver","Tactician"],"picked":"SKIP","floor":25},{"not_picked":["Setup","Predator"],"picked":"Flying Knee","floor":29},{"not_picked":["Deadly Poison","Bouncing Flask"],"picked":"Sucker Punch","floor":30}],"player_experience":761420,"relics_obtained":[{"floor":8.0,"key":"Anchor"},{"floor":9.0,"key":"Omamori"},{"floor":26,"key":"Pantograph"},{"floor":30,"key":"Regal Pillow"}],"event_choices":[{"damage_healed":0.0,"max_hp_gain":0.0,"max_hp_loss":0.0,"gold_gain":0.0,"event_name":"Shining Light","player_choice":"Ignored","floor":5.0,"gold_loss":0.0,"damage_taken":0.0},{"damage_healed":0,"gold_gain":0,"player_choice":"Opened","damage_taken":0,"relics_obtained":["Blue Candle"],"max_hp_gain":0,"max_hp_loss":0,"event_name":"The Mausoleum","floor":24,"gold_loss":0,"cards_obtained":["Writhe"]},{"cards_removed":["Strike_G"],"damage_healed":0,"gold_gain":0,"player_choice":"Upgrade and Remove","damage_taken":0,"max_hp_gain":0,"max_hp_loss":0,"event_name":"Designer","floor":27,"gold_loss":110,"cards_upgraded":["Defend_G"]}],"is_beta":false,"boss_relics":[{"not_picked":["Runic Pyramid","Lizard Tail"],"picked":"Fusion Hammer"}],"items_purged_floors":[],"is_endless":false,"potions_floor_spawned":[2,4,8,14,16,19,21,22],"killed_by":"Cultist and Chosen","ascension_level":20}