{"gold_per_floor":[112,112,127,127,202,232,232,256,309,309,333,333,333,333],"floor_reached":14,"playtime":169,"items_purged":[],"score":226,"play_id":"88e95e81-70f1-4c8c-b61a-ff2865cad729","local_time":"20190314001108","is_ascension_mode":true,"campfire_choices":[{"floor":13,"key":"REST"}],"neow_cost":"NONE","seed_source_timestamp":220723761516500,"circlet_count":0,"master_deck":["AscendersBane","Strike_B+1","Strike_B+1","Strike_B","Strike_B","Defend_B","Defend_B+1","Defend_B+1","Defend_B","Zap","Dualcast","Barrage","Streamline","Ball Lightning","Leap","BootSequence"],"relics":["Cracked Core","NeowsBlessing","WarpedTongs","War Paint","Golden Idol","Whetstone","The Courier"],"potions_floor_usage":[],"damage_taken":[{"damage":0,"enemies":"Jaw Worm","floor":1,"turns":1},{"damage":0,"enemies":"Cultist","floor":3,"turns":1},{"damage":1,"enemies":"Gremlin Nob","floor":6,"turns":1},{"damage":13,"enemies":"Small Slimes","floor":8,"turns":3},{"damage":9,"enemies":"Looter","floor":11,"turns":3},{"damage":27,"enemies":"Lagavulin","floor":14,"turns":3}],"seed_played":"8421403109333476160","potions_obtained":[{"floor":1,"key":"FearPotion"},{"floor":8,"key":"Weak Potion"}],"is_trial":false,"path_per_floor":["M","?","M","?","?","E","?","M","T","T","M","?","R","E"],"character_chosen":"DEFECT","items_purchased":[],"campfire_rested":1,"item_purchase_floors":[],"current_hp_per_floor":[64,64,64,64,53,52,28,15,15,15,6,6,27,0],"gold":333,"neow_bonus":"THREE_ENEMY_KILL","is_prod":false,"is_daily":false,"chose_seed":false,"campfire_upgraded":0,"win_rate":0,"timestamp":1552522268,"path_taken":["M","?","?","?","?","E","?","M","T","?","M","?","R","E"],"build_version":"2019-01-23","purchased_purges":0,"victory":false,"max_hp_per_floor":[71,71,71,71,71,71,71,71,71,71,71,71,71,71],"card_choices":[{"not_picked":["Storm","Stack"],"picked":"Barrage","floor":1},{"not_picked":["Hologram","Gash"],"picked":"Streamline","floor":3},{"not_picked":["Coolheaded","Beam Cell"],"picked":"Ball Lightning","floor":6},{"not_picked":["Go for the Eyes","Skim"],"picked":"Leap","floor":8},{"not_picked":["Recycle","Multi-Cast"],"picked":"BootSequence","floor":11}],"player_experience":1281269,"relics_obtained":[{"floor":6,"key":"War Paint"},{"floor":9,"key":"Whetstone"},{"floor":10,"key":"The Courier"}],"event_choices":[{"damage_healed":0,"gold_gain":0,"player_choice":"Rummage","damage_taken":0,"relics_obtained":["WarpedTongs"],"max_hp_gain":0,"max_hp_loss":0,"event_name":"Accursed Blacksmith","floor":2,"gold_loss":0,"cards_obtained":["Pain"]},{"damage_healed":0,"gold_gain":0,"player_choice":"Ignored","damage_taken":0,"max_hp_gain":0,"max_hp_loss":0,"event_name":"Liars Game","floor":4,"gold_loss":0},{"damage_healed":0,"gold_gain":75,"player_choice":"Gather Gold","damage_taken":11,"max_hp_gain":0,"max_hp_loss":0,"event_name":"World of Goop","floor":5,"gold_loss":0},{"damage_healed":0,"gold_gain":0,"player_choice":"Take Damage","damage_taken":24,"relics_obtained":["Golden Idol"],"max_hp_gain":0,"max_hp_loss":0,"event_name":"Golden Idol","floor":7,"gold_loss":0},{"cards_removed":["Pain"],"damage_healed":0,"gold_gain":0,"player_choice":"Forget","damage_taken":0,"max_hp_gain":0,"max_hp_loss":0,"event_name":"Living Wall","floor":12,"gold_loss":0}],"is_beta":false,"boss_relics":[],"items_purged_floors":[],"is_endless":false,"potions_floor_spawned":[1,8],"killed_by":"Lagavulin","ascension_level":20}