{"gold_per_floor":[116,132,132,132,144,173,22,52,52,52],"floor_reached":10,"playtime":206,"items_purged":[],"score":152,"play_id":"7c2f2640-462f-4dc8-8039-97d0b34fe808","local_time":"20190529204014","is_ascension_mode":true,"campfire_choices":[],"neow_cost":"NONE","seed_source_timestamp":2795472302862862,"circlet_count":0,"master_deck":["AscendersBane","Strike_B","Strike_B","Strike_B","Defend_B","Defend_B","Defend_B","Defend_B","Zap","Dualcast","Leap","Gash","Pain","Loop","Cold Snap","Defragment","Sunder","Loop"],"relics":["Cracked Core","NeowsBlessing","WarpedTongs","Matryoshka","Singing Bowl","Strawberry","Question Card"],"potions_floor_usage":[8],"damage_taken":[{"damage":0,"enemies":"Cultist","floor":1,"turns":1},{"damage":0,"enemies":"2 Louse","floor":2,"turns":1},{"damage":1,"enemies":"Small Slimes","floor":5,"turns":1},{"damage":30,"enemies":"Lagavulin","floor":6,"turns":8},{"damage":12,"enemies":"3 Sentries","floor":8,"turns":5},{"damage":21,"enemies":"Gremlin Gang","floor":10,"turns":1}],"seed_played":"8231744138386078223","potions_obtained":[{"floor":2,"key":"GamblersBrew"},{"floor":5,"key":"Fire Potion"}],"is_trial":false,"path_per_floor":["M","M","?","?","M","E","$","E","T","M"],"character_chosen":"DEFECT","items_purchased":["Defragment","Sunder"],"campfire_rested":0,"item_purchase_floors":[7,7],"current_hp_per_floor":[64,64,57,57,56,26,26,14,21,0],"gold":52,"neow_bonus":"THREE_ENEMY_KILL","is_prod":false,"is_daily":false,"chose_seed":false,"campfire_upgraded":0,"win_rate":0,"timestamp":1559176814,"path_taken":["M","?","?","?","?","E","?","E","T","M"],"build_version":"2019-01-23","purchased_purges":0,"victory":false,"max_hp_per_floor":[71,71,71,71,71,71,71,71,78,78],"card_choices":[{"not_picked":["Redo","Scrape"],"picked":"Leap","floor":1},{"not_picked":["Doom and Gloom","Stack"],"picked":"Gash","floor":2},{"not_picked":["Stack","Turbo"],"picked":"Loop","floor":5},{"not_picked":["Undo","Coolheaded"],"picked":"Cold Snap","floor":6},{"not_picked":["Consume","Steam"],"picked":"Loop","floor":8}],"player_experience":717964,"relics_obtained":[{"floor":6,"key":"Matryoshka"},{"floor":8,"key":"Singing Bowl"},{"floor":9,"key":"Strawberry"},{"floor":9,"key":"Question Card"}],"event_choices":[{"cards_removed":["Strike_B"],"damage_healed":0,"gold_gain":0,"player_choice":"Card Removal","damage_taken":7,"max_hp_gain":0,"max_hp_loss":0,"event_name":"Golden Wing","floor":3,"gold_loss":0},{"damage_healed":0,"gold_gain":0,"player_choice":"Rummage","damage_taken":0,"relics_obtained":["WarpedTongs"],"max_hp_gain":0,"max_hp_loss":0,"event_name":"Accursed Blacksmith","floor":4,"gold_loss":0,"cards_obtained":["Pain"]}],"is_beta":false,"boss_relics":[],"items_purged_floors":[],"is_endless":false,"potions_floor_spawned":[2,5,6],"killed_by":"Gremlin Gang","ascension_level":20}