{"gold_per_floor":[114,40,40,40,40,66,77,97,97,132,132,112,112,125,125,202,202,218,238,157,157,157,157,172,172,219,219,230,230,230,12,12,90,90,100,100,50,50,114,264,314,264,290,72,99,59,109,124,124,124],"floor_reached":50,"playtime":2311,"items_purged":["Pain","Writhe","Strike_G"],"score":1048,"play_id":"e0a55c0a-ea85-46e4-a319-2f442a0f2ec0","local_time":"20190629171834","is_ascension_mode":true,"campfire_choices":[{"data":"Neutralize","floor":11.0,"key":"SMITH"},{"data":"Noxious Fumes","floor":13.0,"key":"SMITH"},{"floor":15.0,"key":"REST"},{"data":"Malaise","floor":23.0,"key":"SMITH"},{"data":"After Image","floor":25.0,"key":"SMITH"},{"data":"Dagger Spray","floor":27.0,"key":"SMITH"},{"floor":32.0,"key":"REST"},{"floor":49.0,"key":"RECALL"}],"neow_cost":"NONE","seed_source_timestamp":5458383911206563,"circlet_count":0,"master_deck":["AscendersBane","Defend_G","Defend_G","Defend_G","Defend_G","Defend_G","Strike_G","Strike_G","Strike_G","Strike_G","Survivor","Neutralize+1","Noxious Fumes+1","Sucker Punch","Terror","Blur","After Image+1","PiercingWail+1","Outmaneuver+1","Malaise+1","Cloak And Dagger","Dagger Spray+1","Storm of Steel","Outmaneuver+1","Backflip","Accuracy","Sadistic Nature"],"special_seed":0,"relics":["Ring of the Snake","NeowsBlessing","WingedGreaves","Bronze Scales","Singing Bowl","Du-Vu Doll","Blue Candle","Runic Pyramid","Meat on the Bone","Smiling Mask","WarpedTongs","Chemical X","Coffee Dripper","SsserpentHead","Shovel","Lee\u0027s Waffle","Omamori"],"potions_floor_usage":[50,50],"damage_taken":[{"damage":0.0,"enemies":"2 Louse","floor":1.0,"turns":1.0},{"damage":0.0,"enemies":"3 Sentries","floor":6.0,"turns":2.0},{"damage":0.0,"enemies":"Small Slimes","floor":7.0,"turns":1.0},{"damage":0.0,"enemies":"Cultist","floor":8.0,"turns":4.0},{"damage":3.0,"enemies":"Gremlin Nob","floor":10.0,"turns":3.0},{"damage":16.0,"enemies":"Large Slime","floor":14.0,"turns":6.0},{"damage":7.0,"enemies":"The Guardian","floor":16.0,"turns":13.0},{"damage":21.0,"enemies":"Spheric Guardian","floor":18.0,"turns":8.0},{"damage":5.0,"enemies":"Chosen","floor":19.0,"turns":6.0},{"damage":17.0,"enemies":"Shelled Parasite and Fungi","floor":24.0,"turns":7.0},{"damage":27.0,"enemies":"Sentry and Sphere","floor":28.0,"turns":9.0},{"damage":0.0,"enemies":"Snecko","floor":30.0,"turns":1.0},{"damage":40.0,"enemies":"Automaton","floor":33.0,"turns":14.0},{"damage":5.0,"enemies":"3 Darklings","floor":35.0,"turns":5.0},{"damage":12.0,"enemies":"3 Shapes","floor":39.0,"turns":9.0},{"damage":1.0,"enemies":"Mind Bloom Boss Battle","floor":40.0,"turns":8.0},{"damage":32.0,"enemies":"Nemesis","floor":45.0,"turns":9.0},{"damage":0.0,"enemies":"3 Darklings","floor":48.0,"turns":7.0},{"damage":65,"enemies":"Time Eater","floor":50,"turns":17}],"seed_played":"8872209685979369118","potions_obtained":[{"floor":7.0,"key":"AttackPotion"},{"floor":8.0,"key":"GhostInAJar"},{"floor":12.0,"key":"SneckoOil"},{"floor":28.0,"key":"SmokeBomb"},{"floor":33.0,"key":"EssenceOfSteel"}],"is_trial":false,"path_per_floor":["M","$","?","$","?","E","M","M","T","E","R","?","R","M","R","B",null,"M","M","$","?","?","R","M","R","T","R","M","?","M","$","R","B",null,"M","?","$","?","M","?","?","$","T","$","E","$","?","M","R","B"],"character_chosen":"THE_SILENT","items_purchased":["Noxious Fumes","Malaise","Chemical X","Lee\u0027s Waffle","Accuracy"],"campfire_rested":2,"item_purchase_floors":[2,20,31,44,46],"current_hp_per_floor":[59,59,33,33,33,33,33,35,35,32,32,32,32,18,39,32,61,40,35,35,35,35,35,30,30,30,30,17,17,29,29,50,22,60,57,57,57,57,45,44,44,44,44,81,51,51,51,53,53,0],"gold":124,"neow_bonus":"THREE_ENEMY_KILL","is_prod":false,"is_daily":false,"chose_seed":false,"campfire_upgraded":5,"win_rate":0,"timestamp":1561843114,"path_taken":["M","$","?","$","?","E","?","M","T","E","R","?","R","M","R","BOSS","M","?","?","?","?","R","?","R","T","R","M","?","?","$","R","BOSS","M","?","$","?","?","?","?","$","T","$","E","?","?","M","R","BOSS"],"build_version":"2019-01-23","purchased_purges":3,"victory":false,"max_hp_per_floor":[66,66,66,66,66,66,66,68,68,68,68,68,68,70,70,70,70,70,70,70,70,70,70,70,70,70,70,72,72,72,72,72,72,72,74,74,74,74,74,74,74,74,74,81,83,83,83,85,85,85],"card_choices":[{"not_picked":["Quick Slash","Cloak And Dagger"],"picked":"Flying Knee","floor":1.0},{"not_picked":["Doppelganger","Blade Dance"],"picked":"Sucker Punch","floor":6.0},{"not_picked":["Quick Slash","Prepared"],"picked":"Terror","floor":7.0},{"not_picked":["Outmaneuver","Setup","Eviscerate"],"picked":"Singing Bowl","floor":8.0},{"not_picked":["Deflect","Dagger Throw"],"picked":"Blur","floor":10.0},{"not_picked":["Quick Slash","PiercingWail","Noxious Fumes"],"picked":"Singing Bowl","floor":14.0},{"not_picked":["Venomology","Grand Finale"],"picked":"After Image","floor":16.0},{"not_picked":["Expertise","Prepared"],"picked":"PiercingWail+1","floor":18.0},{"not_picked":["Cloak And Dagger","Quick Slash"],"picked":"Outmaneuver+1","floor":19.0},{"not_picked":["Dodge and Roll","Acrobatics"],"picked":"Dagger Spray","floor":24.0},{"not_picked":["Underhanded Strike","Backflip","Prepared"],"picked":"Singing Bowl","floor":28.0},{"not_picked":["Unload","Tools of the Trade"],"picked":"Storm of Steel","floor":33.0},{"not_picked":["Slice+1","Acrobatics+1","Dagger Throw"],"picked":"Singing Bowl","floor":35.0},{"not_picked":["Slice","Eviscerate+1"],"picked":"Outmaneuver+1","floor":39.0},{"not_picked":["Quick Slash","Poisoned Stab"],"picked":"Backflip","floor":40.0},{"not_picked":["Skewer","Deflect","Acrobatics"],"picked":"Singing Bowl","floor":45.0},{"not_picked":["Discovery","Jack Of All Trades"],"picked":"Sadistic Nature","floor":47.0},{"not_picked":["Acrobatics+1","Infinite Blades","Deadly Poison"],"picked":"Singing Bowl","floor":48.0}],"player_experience":806722,"relics_obtained":[{"floor":6.0,"key":"Singing Bowl"},{"floor":9.0,"key":"Du-Vu Doll"},{"floor":10.0,"key":"Blue Candle"},{"floor":26.0,"key":"Smiling Mask"},{"floor":40.0,"key":"Shovel"},{"floor":45.0,"key":"Omamori"}],"event_choices":[{"damage_healed":0.0,"max_hp_gain":0.0,"max_hp_loss":0.0,"gold_gain":0.0,"event_name":"Scrap Ooze","player_choice":"Success","floor":3.0,"gold_loss":0.0,"damage_taken":26.0,"relics_obtained":["WingedGreaves"]},{"cards_removed":["Flying Knee"],"damage_healed":0.0,"max_hp_gain":0.0,"max_hp_loss":0.0,"gold_gain":0.0,"event_name":"WeMeetAgain","player_choice":"Gave Card","floor":5.0,"gold_loss":0.0,"damage_taken":0.0,"relics_obtained":["Bronze Scales"]},{"damage_healed":0.0,"max_hp_gain":0.0,"max_hp_loss":0.0,"gold_gain":0.0,"event_name":"The Woman in Blue","player_choice":"Bought 1 Potion","floor":12.0,"gold_loss":0.0,"damage_taken":0.0},{"damage_healed":0.0,"max_hp_gain":0.0,"max_hp_loss":0.0,"gold_gain":0.0,"event_name":"The Mausoleum","player_choice":"Opened","floor":21.0,"gold_loss":0.0,"damage_taken":0.0,"relics_obtained":["Meat on the Bone"],"cards_obtained":["Writhe"]},{"damage_healed":0.0,"max_hp_gain":0.0,"max_hp_loss":0.0,"gold_gain":0.0,"event_name":"The Library","player_choice":"Read","floor":22.0,"gold_loss":0.0,"damage_taken":0.0,"cards_obtained":["Cloak And Dagger"]},{"damage_healed":0.0,"max_hp_gain":0.0,"max_hp_loss":0.0,"gold_gain":0.0,"event_name":"Accursed Blacksmith","player_choice":"Rummage","floor":29.0,"gold_loss":0.0,"damage_taken":0.0,"relics_obtained":["WarpedTongs"],"cards_obtained":["Pain"]},{"damage_healed":0.0,"max_hp_gain":0.0,"max_hp_loss":0.0,"gold_gain":0.0,"event_name":"Tomb of Lord Red Mask","player_choice":"Ignored","floor":36.0,"gold_loss":0.0,"damage_taken":0.0},{"damage_healed":0.0,"max_hp_gain":0.0,"max_hp_loss":0.0,"gold_gain":0.0,"event_name":"FaceTrader","player_choice":"Trade","floor":38.0,"gold_loss":0.0,"damage_taken":0.0,"relics_obtained":["SsserpentHead"]},{"damage_healed":0.0,"max_hp_gain":0.0,"max_hp_loss":0.0,"gold_gain":0.0,"event_name":"MindBloom","player_choice":"Fight","floor":40.0,"gold_loss":0.0,"damage_taken":0.0},{"damage_healed":0.0,"max_hp_gain":0.0,"max_hp_loss":0.0,"gold_gain":0.0,"event_name":"Mysterious Sphere","player_choice":"Ignored","floor":41.0,"gold_loss":0.0,"damage_taken":0.0},{"damage_healed":0.0,"max_hp_gain":0.0,"max_hp_loss":0.0,"gold_gain":0.0,"event_name":"SensoryStone","player_choice":"Memory 1","floor":47.0,"gold_loss":0.0,"damage_taken":0.0}],"is_beta":false,"boss_relics":[{"not_picked":["Runic Dome","WristBlade"],"picked":"Runic Pyramid"},{"not_picked":["Snecko Eye","Eternal Feather"],"picked":"Coffee Dripper"}],"items_purged_floors":[37,42,46],"is_endless":false,"potions_floor_spawned":[7,8,28,30,33,39,48],"killed_by":"Time Eater","ascension_level":20}