{"gold_per_floor":[114,114,114,114,125,125,157,171,171,171,185,196,56,76,76,181,181,197,121,136,113,127,127,37,62,62,62,81,81,95,112,112,208,208,222,67,67,79,79,79,79,94,162,181,181,191,191,208,208,208],"floor_reached":51,"playtime":2268,"items_purged":["Strike_G"],"score":944,"play_id":"1ba592f6-99c4-46c7-92b4-6a7c9861e0d1","local_time":"20180902215753","is_ascension_mode":true,"campfire_choices":[{"data":"Neutralize","floor":6.0,"key":"SMITH"},{"floor":15.0,"key":"REST"},{"data":"Caltrops","floor":23.0,"key":"SMITH"},{"data":"A Thousand Cuts","floor":27.0,"key":"SMITH"},{"data":"Accuracy","floor":29.0,"key":"SMITH"},{"data":"Leg Sweep","floor":32.0,"key":"SMITH"},{"data":"Sucker Punch","floor":40.0,"key":"SMITH"},{"data":"Caltrops","floor":45.0,"key":"SMITH"}],"neow_cost":"","seed_source_timestamp":0,"circlet_count":0,"master_deck":["Defend_G+1","Defend_G+1","Defend_G+1","Defend_G+1","Defend_G+1","Strike_G+1","Strike_G+1","Strike_G+1","Survivor+1","Neutralize+1","Backflip+1","Infinite Blades+1","Backflip+1","Dash+1","Dodge and Roll+1","Caltrops+1","Bullet Time+1","Crippling Poison+1","After Image+1","Backflip+1","Leg Sweep+1","Blade Dance+1","Heel Hook+1","Accuracy+1","PiercingWail+1","A Thousand Cuts+1","Blade Dance+1","Prepared+1","Backstab+1","Envenom+1","Terror+1","Accuracy+1","Sucker Punch+1","Caltrops+1","Sucker Punch+1","Leg Sweep+1"],"special_seed":0,"relics":["Ring of the Snake","Bag of Marbles","Calipers","Mummified Hand","WristBlade","Mercury Hourglass","Meat on the Bone","Coffee Dripper","Mark of the Bloom","Frozen Egg 2"],"potions_floor_usage":[50,50],"damage_taken":[{"damage":6.0,"enemies":"2 Louse","floor":1.0,"turns":3.0},{"damage":1.0,"enemies":"Cultist","floor":5.0,"turns":3.0},{"damage":25.0,"enemies":"Lagavulin","floor":7.0,"turns":9.0},{"damage":0.0,"enemies":"Jaw Worm","floor":8.0,"turns":5.0},{"damage":0.0,"enemies":"Blue Slaver","floor":11.0,"turns":3.0},{"damage":4.0,"enemies":"Large Slime","floor":12.0,"turns":8.0},{"damage":9.0,"enemies":"Gremlin Gang","floor":14.0,"turns":6.0},{"damage":37.0,"enemies":"The Guardian","floor":16.0,"turns":18.0},{"damage":5.0,"enemies":"Spheric Guardian","floor":18.0,"turns":5.0},{"damage":2.0,"enemies":"Chosen","floor":20.0,"turns":7.0},{"damage":4.0,"enemies":"Centurion and Healer","floor":22.0,"turns":9.0},{"damage":12.0,"enemies":"Book of Stabbing","floor":25.0,"turns":7.0},{"damage":0.0,"enemies":"Snecko","floor":28.0,"turns":4.0},{"damage":18.0,"enemies":"Sentry and Sphere","floor":30.0,"turns":5.0},{"damage":6.0,"enemies":"Centurion and Healer","floor":31.0,"turns":6.0},{"damage":52.0,"enemies":"Automaton","floor":33.0,"turns":9.0},{"damage":0.0,"enemies":"3 Darklings","floor":35.0,"turns":4.0},{"damage":0.0,"enemies":"Orb Walker","floor":38.0,"turns":3.0},{"damage":0.0,"enemies":"Maw","floor":42.0,"turns":6.0},{"damage":0.0,"enemies":"3 Darklings","floor":44.0,"turns":4.0},{"damage":0.0,"enemies":"Reptomancer","floor":46.0,"turns":5.0},{"damage":2.0,"enemies":"4 Shapes","floor":48.0,"turns":3.0},{"damage":17,"enemies":"Awakened One","floor":50,"turns":8}],"seed_played":"1175762636353628685","potions_obtained":[{"floor":1.0,"key":"Block Potion"},{"floor":11.0,"key":"GhostInAJar"},{"floor":16.0,"key":"FairyPotion"},{"floor":20.0,"key":"SpeedPotion"},{"floor":25.0,"key":"GamblersBrew"},{"floor":42.0,"key":"Dexterity Potion"},{"floor":44.0,"key":"AttackPotion"}],"is_trial":false,"path_per_floor":["M","?","?","?","M","R","E","M","T","?","M","M","$","M","R","B",null,"M","$","M","$","M","R","$","E","T","R","M","R","M","M","R","B",null,"M","$","?","M","$","R","?","M","T","M","R","M","R","M","R","B"],"character_chosen":"THE_SILENT","items_purchased":["Regen Potion","Bullet Time","Leg Sweep","Blade Dance","Accuracy","PiercingWail","Accuracy"],"campfire_rested":1,"item_purchase_floors":[13,13,19,21,24,24,36],"current_hp_per_floor":[57,45,45,50,49,49,24,24,24,24,24,20,20,11,33,11,59,54,54,52,52,48,48,48,36,36,36,48,48,42,48,48,19,61,61,61,61,61,61,61,61,61,61,61,61,61,61,59,59,42],"gold":208,"neow_bonus":"","is_prod":false,"is_daily":false,"chose_seed":false,"campfire_upgraded":7,"win_rate":0,"timestamp":1535939873,"path_taken":["M","?","?","?","?","R","E","M","T","?","M","M","?","M","R","BOSS","M","$","M","$","?","R","$","E","T","R","?","R","M","?","R","BOSS","M","$","?","M","$","R","?","?","T","M","R","M","R","?","R","BOSS"],"build_version":"2018-08-30","purchased_purges":1,"victory":true,"max_hp_per_floor":[70,70,70,75,75,75,75,75,75,75,75,75,75,75,75,75,75,75,75,75,75,75,75,75,75,75,75,75,75,75,75,75,75,75,75,75,75,75,75,75,75,75,75,75,75,75,75,75,75,75],"card_choices":[{"not_picked":["Calculated Gamble","Underhanded Strike"],"picked":"Backflip","floor":1.0},{"not_picked":["Bane","Poisoned Stab"],"picked":"Infinite Blades","floor":5.0},{"not_picked":["Slice","Underhanded Strike"],"picked":"Backflip","floor":7.0},{"not_picked":["Bouncing Flask","Deadly Poison"],"picked":"Dash","floor":8.0},{"not_picked":["Outmaneuver","Deflect"],"picked":"Dodge and Roll","floor":11.0},{"not_picked":["Bouncing Flask","Sucker Punch"],"picked":"Caltrops","floor":12.0},{"not_picked":["Night Terror","Poisoned Stab"],"picked":"Crippling Poison","floor":14.0},{"not_picked":["Phantasmal Killer","Doppelganger"],"picked":"After Image","floor":16.0},{"not_picked":["Bouncing Flask","Poisoned Stab"],"picked":"Backflip+1","floor":18.0},{"not_picked":["Concentrate+1","Slice","Distraction"],"picked":"SKIP","floor":20.0},{"not_picked":["Poisoned Stab","Eviscerate"],"picked":"Heel Hook+1","floor":22.0},{"not_picked":["Flying Knee+1","Endless Agony+1"],"picked":"A Thousand Cuts","floor":25.0},{"not_picked":["Flying Knee","Skewer"],"picked":"Blade Dance","floor":28.0},{"not_picked":["Prepared+1","Catalyst","Escape Plan"],"picked":"SKIP","floor":30.0},{"not_picked":["Catalyst","Escape Plan"],"picked":"Prepared+1","floor":30.0},{"not_picked":["Distraction+1","Backflip"],"picked":"Backstab","floor":31.0},{"not_picked":["Corpse Explosion","Malaise"],"picked":"Envenom","floor":33.0},{"not_picked":["Flying Knee+1","Choke+1"],"picked":"Terror","floor":35.0},{"not_picked":["Poisoned Stab+1","Deadly Poison+1"],"picked":"Sucker Punch","floor":38.0},{"not_picked":["Dagger Throw","Prepared+1"],"picked":"Caltrops","floor":42.0},{"not_picked":["Outmaneuver","Setup+1"],"picked":"Sucker Punch+1","floor":44.0},{"not_picked":["Deflect+1","Caltrops+1"],"picked":"Leg Sweep+1","floor":46.0},{"not_picked":["Dagger Spray+1","Quick Slash+1","Outmaneuver"],"picked":"SKIP","floor":48.0}],"player_experience":305758,"relics_obtained":[{"floor":7.0,"key":"Calipers"},{"floor":9.0,"key":"Mummified Hand"},{"floor":25.0,"key":"Mercury Hourglass"},{"floor":26.0,"key":"Meat on the Bone"},{"floor":43.0,"key":"Frozen Egg 2"}],"event_choices":[{"event_name":"Scrap Ooze","player_choice":"success","floor":2.0,"damage_taken":12.0},{"event_name":"Golden Wing","player_choice":"Ignored","floor":3.0,"damage_taken":0.0},{"event_name":"Big Fish","player_choice":"Donut","floor":4.0,"damage_taken":0.0},{"event_name":"Golden Idol","player_choice":"Ignored","floor":10.0,"damage_taken":0.0},{"event_name":"MindBloom","player_choice":"Upgrade","floor":37.0,"damage_taken":0.0},{"event_name":"Falling","player_choice":"Removed Attack","floor":41.0,"damage_taken":0.0}],"is_beta":false,"boss_relics":[{"not_picked":["Snecko Eye","Astrolabe"],"picked":"WristBlade"},{"not_picked":["Runic Dome","Velvet Choker"],"picked":"Coffee Dripper"}],"items_purged_floors":[36],"is_endless":false,"potions_floor_spawned":[1,11,16,20,25,28,42,44,46],"ascension_level":8}