{"gold_per_floor":[114,114,70,94,19,19,34,34,83,111,11,22,37,47,47,121,121,98,98,46,46,56,56,83,83,83,83,83,83,96,114,114,185,185,202,213,313,327,327,327,346,10,10,26,59,73,93,0,0,0],"floor_reached":50,"playtime":1700,"items_purged":["Strike_R","Defend_R","Strike_R"],"score":1009,"play_id":"69953d11-11fb-416e-ae8c-5cefbee3d901","local_time":"20190513222246","is_ascension_mode":true,"campfire_choices":[{"data":"Bash","floor":6.0,"key":"SMITH"},{"data":"Rampage","floor":8.0,"key":"SMITH"},{"floor":15.0,"key":"REST"},{"data":"Offering","floor":23.0,"key":"SMITH"},{"floor":25.0,"key":"REST"},{"data":"Offering","floor":27.0,"key":"SMITH"},{"data":"Heavy Blade","floor":32.0,"key":"SMITH"},{"floor":40.0,"key":"REST"},{"floor":49.0,"key":"REST"}],"neow_cost":"PERCENT_DAMAGE","seed_source_timestamp":0,"circlet_count":0,"master_deck":["AscendersBane","Strike_R","Strike_R","Strike_R","Defend_R","Defend_R","Defend_R","Bash+1","Spot Weakness","Rampage+1","Shrug It Off","Heavy Blade+1","Iron Wave","True Grit+1","Clothesline","Offering+1","Necronomicurse","Headbutt","Flex+1","Offering+1","Whirlwind+1","Juggernaut","Corruption","Sword Boomerang+1","Rage+1","Flex+1","Reaper"],"special_seed":0,"relics":["Burning Blood","Lantern","Blood Vial","Self Forming Clay","Runic Cube","Necronomicon","Oddly Smooth Stone","Pear","Black Star","Pocketwatch","Chemical X","War Paint","Omamori","StoneCalendar","Red Mask"],"potions_floor_usage":[50],"damage_taken":[{"damage":18.0,"enemies":"Small Slimes","floor":1.0,"turns":5.0},{"damage":7.0,"enemies":"Jaw Worm","floor":7.0,"turns":2.0},{"damage":37.0,"enemies":"3 Sentries","floor":10.0,"turns":8.0},{"damage":1.0,"enemies":"2 Louse","floor":12.0,"turns":3.0},{"damage":20.0,"enemies":"Gremlin Gang","floor":13.0,"turns":5.0},{"damage":1.0,"enemies":"Blue Slaver","floor":14.0,"turns":4.0},{"damage":28.0,"enemies":"Slime Boss","floor":16.0,"turns":8.0},{"damage":23.0,"enemies":"2 Thieves","floor":18.0,"turns":4.0},{"damage":17.0,"enemies":"3 Byrds","floor":22.0,"turns":5.0},{"damage":28.0,"enemies":"Book of Stabbing","floor":24.0,"turns":5.0},{"damage":12.0,"enemies":"Snecko","floor":30.0,"turns":2.0},{"damage":24.0,"enemies":"Centurion and Healer","floor":31.0,"turns":4.0},{"damage":35.0,"enemies":"Automaton","floor":33.0,"turns":5.0},{"damage":16.0,"enemies":"3 Shapes","floor":35.0,"turns":6.0},{"damage":55.0,"enemies":"3 Darklings","floor":36.0,"turns":4.0},{"damage":12.0,"enemies":"Mind Bloom Boss Battle","floor":37.0,"turns":5.0},{"damage":18.0,"enemies":"Writhing Mass","floor":38.0,"turns":4.0},{"damage":19.0,"enemies":"4 Shapes","floor":41.0,"turns":5.0},{"damage":6.0,"enemies":"Spire Growth","floor":44.0,"turns":2.0},{"damage":31.0,"enemies":"Giant Head","floor":45.0,"turns":5.0},{"damage":10.0,"enemies":"3 Darklings","floor":46.0,"turns":3.0},{"damage":12.0,"enemies":"Writhing Mass","floor":47.0,"turns":3.0},{"damage":110,"enemies":"Awakened One","floor":50,"turns":7}],"seed_played":"6450644800532568549","potions_obtained":[{"floor":10.0,"key":"Energy Potion"},{"floor":13.0,"key":"AttackPotion"},{"floor":14.0,"key":"Energy Potion"},{"floor":16.0,"key":"Poison Potion"},{"floor":31.0,"key":"FearPotion"},{"floor":39.0,"key":"Block Potion"},{"floor":39.0,"key":"Fire Potion"},{"floor":45.0,"key":"Regen Potion"}],"is_trial":false,"path_per_floor":["M","?","$","T","$","R","M","R","T","E","$","M","M","M","R","B",null,"M","?","$","?","M","R","E","R","T","R","?","$","M","M","R","B",null,"M","M","?","M","?","R","M","$","T","M","E","M","M","?","R","B"],"character_chosen":"IRONCLAD","items_purchased":["Rampage","Headbutt","Chemical X"],"campfire_rested":4,"item_purchase_floors":[3,20,42],"current_hp_per_floor":[52,57,57,57,57,57,56,56,56,27,27,34,22,29,57,37,80,65,44,44,44,35,35,15,43,53,53,74,74,70,54,54,27,85,77,30,26,16,16,47,36,36,36,38,15,13,20,20,51,0],"gold":0,"neow_bonus":"TWENTY_PERCENT_HP_BONUS","is_prod":false,"is_daily":false,"chose_seed":false,"campfire_upgraded":5,"win_rate":0,"timestamp":1557782566,"path_taken":["M","?","$","?","?","R","M","R","T","E","$","?","M","M","R","BOSS","M","?","$","?","?","R","E","R","T","R","?","?","M","M","R","BOSS","M","M","?","M","?","R","?","$","T","?","E","M","M","?","R","BOSS"],"build_version":"2019-01-23","purchased_purges":3,"victory":false,"max_hp_per_floor":[89,94,94,94,94,94,94,94,94,94,94,94,94,94,94,94,94,94,94,94,94,94,94,94,94,104,104,104,104,104,104,104,104,104,104,104,104,104,104,104,104,104,104,104,104,104,104,104,104,104],"card_choices":[{"not_picked":["Flex","Shockwave"],"picked":"Spot Weakness","floor":1.0},{"not_picked":["Headbutt","Flex"],"picked":"Shrug It Off","floor":7.0},{"not_picked":["Dark Embrace","Anger"],"picked":"Heavy Blade","floor":10.0},{"not_picked":["Hemokinesis","Perfected Strike"],"picked":"Iron Wave","floor":12.0},{"not_picked":["Power Through","Armaments"],"picked":"True Grit","floor":13.0},{"not_picked":["Second Wind","Headbutt"],"picked":"Clothesline","floor":14.0},{"not_picked":["Reaper","Impervious"],"picked":"Offering","floor":16.0},{"not_picked":["Entrench+1","Second Wind","Burning Pact"],"picked":"SKIP","floor":18.0},{"not_picked":["Pommel Strike+1","Thunderclap"],"picked":"Flex","floor":22.0},{"not_picked":["Shrug It Off","Power Through"],"picked":"Offering","floor":24.0},{"not_picked":["Headbutt","Havoc","Perfected Strike"],"picked":"SKIP","floor":30.0},{"not_picked":["Disarm","Seeing Red"],"picked":"Whirlwind+1","floor":31.0},{"not_picked":["Reaper","Fiend Fire"],"picked":"Juggernaut","floor":33.0},{"not_picked":["Thunderclap+1","Pommel Strike+1"],"picked":"Corruption","floor":35.0},{"not_picked":["Seeing Red","Rupture"],"picked":"Sword Boomerang+1","floor":36.0},{"not_picked":["Wild Strike","Clash"],"picked":"Rage+1","floor":38.0},{"not_picked":["Shrug It Off","True Grit","Cleave"],"picked":"SKIP","floor":41.0},{"not_picked":["Whirlwind","Perfected Strike"],"picked":"Flex+1","floor":44.0},{"not_picked":["Shockwave","Entrench+1","Twin Strike"],"picked":"SKIP","floor":45.0},{"not_picked":["Seeing Red","True Grit"],"picked":"Reaper","floor":46.0},{"not_picked":["Armaments","Twin Strike+1","Pommel Strike"],"picked":"SKIP","floor":47.0}],"player_experience":1355467,"relics_obtained":[{"floor":4.0,"key":"Lantern"},{"floor":9.0,"key":"Blood Vial"},{"floor":10.0,"key":"Self Forming Clay"},{"floor":19.0,"key":"Necronomicon"},{"floor":24.0,"key":"Oddly Smooth Stone"},{"floor":26.0,"key":"Pear"},{"floor":37.0,"key":"Pocketwatch"},{"floor":43.0,"key":"War Paint"},{"floor":45.0,"key":"Omamori"},{"floor":45.0,"key":"StoneCalendar"}],"event_choices":[{"damage_healed":0.0,"max_hp_gain":5.0,"max_hp_loss":0.0,"gold_gain":0.0,"event_name":"Big Fish","player_choice":"Donut","floor":2.0,"gold_loss":0.0,"damage_taken":0.0},{"damage_healed":0.0,"max_hp_gain":0.0,"max_hp_loss":0.0,"gold_gain":0.0,"event_name":"Cursed Tome","player_choice":"Obtained Book","floor":19.0,"gold_loss":0.0,"damage_taken":21.0},{"damage_healed":0.0,"max_hp_gain":0.0,"max_hp_loss":0.0,"gold_gain":0.0,"event_name":"N\u0027loth","player_choice":"Ignored","floor":21.0,"gold_loss":0.0,"damage_taken":0.0},{"damage_healed":21.0,"max_hp_gain":0.0,"max_hp_loss":0.0,"gold_gain":0.0,"event_name":"The Library","player_choice":"Heal","floor":28.0,"gold_loss":0.0,"damage_taken":0.0},{"damage_healed":0.0,"max_hp_gain":0.0,"max_hp_loss":0.0,"gold_gain":0.0,"event_name":"MindBloom","player_choice":"Fight","floor":37.0,"gold_loss":0.0,"damage_taken":0.0},{"damage_healed":0.0,"max_hp_gain":0.0,"max_hp_loss":0.0,"gold_gain":0.0,"event_name":"Lab","player_choice":"Got Potions","floor":39.0,"gold_loss":0.0,"damage_taken":0.0},{"damage_healed":0.0,"max_hp_gain":0.0,"max_hp_loss":0.0,"gold_gain":0.0,"event_name":"Tomb of Lord Red Mask","player_choice":"Paid","floor":48.0,"gold_loss":93.0,"damage_taken":0.0,"relics_obtained":["Red Mask"]}],"is_beta":false,"boss_relics":[{"not_picked":["Coffee Dripper","Fusion Hammer"],"picked":"Runic Cube"},{"not_picked":["Snecko Eye","Tiny House"],"picked":"Black Star"}],"items_purged_floors":[5,11,42],"is_endless":false,"potions_floor_spawned":[10,13,14,16,24,30,31,36,37,44,45],"killed_by":"Awakened One","ascension_level":20}