{"gold_per_floor":[112,80,94,94,104,104,130,143,143,154,154],"floor_reached":11,"playtime":309,"items_purged":[],"score":128,"play_id":"51110c59-6831-444c-8bd1-18313a128949","local_time":"20190125202420","is_ascension_mode":true,"campfire_choices":[{"data":"Bash","floor":6,"key":"SMITH"}],"neow_cost":"NONE","seed_source_timestamp":3051701860144110,"circlet_count":0,"master_deck":["AscendersBane","Strike_R","Strike_R","Strike_R","Strike_R","Defend_R","Defend_R","Defend_R","Defend_R","Bash+1","Anger","Dropkick","Heavy Blade","Evolve","Corruption","Pummel"],"relics":["Burning Blood","Gambling Chip","Du-Vu Doll"],"potions_floor_usage":[],"damage_taken":[{"damage":8,"enemies":"Jaw Worm","floor":1,"turns":4},{"damage":11,"enemies":"2 Louse","floor":3,"turns":3},{"damage":0,"enemies":"Cultist","floor":5,"turns":4},{"damage":45,"enemies":"3 Sentries","floor":7,"turns":11},{"damage":11,"enemies":"2 Fungi Beasts","floor":8,"turns":3},{"damage":15,"enemies":"Exordium Wildlife","floor":10,"turns":5},{"damage":15,"enemies":"Gremlin Gang","floor":11,"turns":1}],"seed_played":"5455325121548321018","potions_obtained":[{"floor":5,"key":"SpeedPotion"}],"is_trial":false,"path_per_floor":["M","?","M","?","M","R","E","M","T","M","M"],"character_chosen":"IRONCLAD","items_purchased":[],"campfire_rested":0,"item_purchase_floors":[],"current_hp_per_floor":[66,66,61,61,67,67,28,23,23,14,0],"gold":154,"neow_bonus":"REMOVE_CARD","is_prod":false,"is_daily":false,"chose_seed":false,"campfire_upgraded":1,"win_rate":0,"timestamp":1548465860,"path_taken":["M","?","M","?","M","R","E","M","T","M","M"],"build_version":"2019-01-23","purchased_purges":0,"victory":false,"max_hp_per_floor":[75,75,75,75,75,75,75,75,75,75,75],"card_choices":[{"not_picked":["Infernal Blade","True Grit"],"picked":"Anger","floor":1},{"not_picked":["Second Wind","Bloodletting"],"picked":"Dropkick","floor":3},{"not_picked":["Wild Strike","Dual Wield"],"picked":"Heavy Blade","floor":5},{"not_picked":["Fiend Fire","Flex"],"picked":"Evolve","floor":7},{"not_picked":["Entrench","Cleave"],"picked":"Corruption","floor":8},{"not_picked":["Intimidate","Perfected Strike"],"picked":"Pummel","floor":10}],"player_experience":561781,"relics_obtained":[{"floor":7,"key":"Gambling Chip"},{"floor":9,"key":"Du-Vu Doll"}],"event_choices":[{"damage_healed":0,"gold_gain":0,"player_choice":"Left Gold","damage_taken":0,"max_hp_gain":0,"max_hp_loss":0,"event_name":"World of Goop","floor":2,"gold_loss":32},{"damage_healed":0,"gold_gain":0,"player_choice":"Ignored","damage_taken":0,"max_hp_gain":0,"max_hp_loss":0,"event_name":"Liars Game","floor":4,"gold_loss":0}],"is_beta":false,"boss_relics":[],"items_purged_floors":[],"is_endless":false,"potions_floor_spawned":[5],"killed_by":"Gremlin Gang","ascension_level":14}