{"gold_per_floor":[114,84,99,114,129,159,159,174,174,174,174,204,219,234,234,334,334,349,349,364,364,379,379,409,409,409,424,439,454,454,484,484,584,584,599,614,464,479,479,479,509,524,524,539,239,269,284,299,299,299],"floor_reached":51,"playtime":2176,"items_purged":[],"score":1090,"play_id":"d2775f97-80b8-4b08-a064-72e0672be945","local_time":"20190120191928","daily_mods":["Shiny","Hoarder","Binary"],"is_ascension_mode":false,"campfire_choices":[{"floor":7,"key":"DIG"},{"floor":11,"key":"DIG"},{"floor":15,"key":"REST"},{"floor":23,"key":"DIG"},{"floor":25,"key":"DIG"},{"floor":30,"key":"REST"},{"floor":32,"key":"REST"},{"floor":40,"key":"REST"},{"floor":49,"key":"REST"}],"neow_cost":"","seed_source_timestamp":0,"circlet_count":0,"master_deck":["Double Tap","Demon Form","Bludgeon","Feed","Limit Break","Barricade","Fiend Fire","Dark Embrace","Impervious","Juggernaut","Brutality","Reaper","Exhume","Offering","Immolate","Rupture","Rupture","Rupture","Havoc","Havoc","Cleave","Cleave","Cleave","Thunderclap","Thunderclap","Thunderclap","Hemokinesis","Hemokinesis","Hemokinesis","Rupture","Rupture","Rupture","Reaper","Reaper","Reaper","Whirlwind","Whirlwind","Whirlwind","Spot Weakness+1","Spot Weakness+1","Spot Weakness+1","Power Through+1","Power Through+1","Power Through+1","Feed","Feed","Feed","Flame Barrier+1","Flame Barrier+1","Flame Barrier+1","Brutality+1","Brutality+1","Brutality+1","Armaments+1","Armaments+1","Armaments+1","Purity+1","Purity+1","Purity+1","Bloodletting+1","Bloodletting+1","Bloodletting+1","Shrug It Off+1","Shrug It Off+1","Shrug It Off+1","Feel No Pain+1","Feel No Pain+1","Feel No Pain+1"],"special_seed":17917,"relics":["Burning Blood","Shovel","Kunai","Toxic Egg 2","Turnip","Sundial","Fusion Hammer","MutagenicStrength","Potion Belt","Frozen Egg 2","Bronze Scales","Mango","Calipers","White Beast Statue","Regal Pillow","Red Skull","Torii","Ice Cream","PreservedInsect"],"potions_floor_usage":[12,16,38,38,42,44,46,47,50,50,50],"damage_taken":[{"damage":11,"enemies":"Small Slimes","floor":1,"turns":2},{"damage":6,"enemies":"Cultist","floor":3,"turns":2},{"damage":0,"enemies":"2 Louse","floor":4,"turns":1},{"damage":8,"enemies":"Gremlin Gang","floor":5,"turns":3},{"damage":51,"enemies":"3 Sentries","floor":6,"turns":5},{"damage":10,"enemies":"Looter","floor":8,"turns":2},{"damage":13,"enemies":"Gremlin Nob","floor":12,"turns":3},{"damage":22,"enemies":"3 Louse","floor":13,"turns":3},{"damage":16,"enemies":"Red Slaver","floor":14,"turns":2},{"damage":18,"enemies":"Slime Boss","floor":16,"turns":4},{"damage":47,"enemies":"3 Byrds","floor":18,"turns":4},{"damage":13,"enemies":"Chosen","floor":20,"turns":2},{"damage":24,"enemies":"Centurion and Healer","floor":22,"turns":2},{"damage":3,"enemies":"Gremlin Leader","floor":24,"turns":3},{"damage":48,"enemies":"Snake Plant","floor":27,"turns":4},{"damage":19,"enemies":"Cultist and Chosen","floor":28,"turns":3},{"damage":37,"enemies":"Shelled Parasite and Fungi","floor":29,"turns":6},{"damage":39,"enemies":"Book of Stabbing","floor":31,"turns":4},{"damage":69,"enemies":"Champ","floor":33,"turns":4},{"damage":29,"enemies":"Orb Walker","floor":35,"turns":4},{"damage":22,"enemies":"3 Shapes","floor":36,"turns":4},{"damage":52,"enemies":"Transient","floor":38,"turns":5},{"damage":47,"enemies":"Reptomancer","floor":41,"turns":5},{"damage":46,"enemies":"Sphere and 2 Shapes","floor":42,"turns":4},{"damage":30,"enemies":"Jaw Worm Horde","floor":44,"turns":4},{"damage":51,"enemies":"Giant Head","floor":46,"turns":5},{"damage":85,"enemies":"Transient","floor":47,"turns":5},{"damage":45,"enemies":"3 Darklings","floor":48,"turns":6},{"damage":106,"enemies":"Time Eater","floor":50,"turns":9}],"seed_played":"8847064133434649062","potions_obtained":[{"floor":2,"key":"PowerPotion"},{"floor":2,"key":"FairyPotion"},{"floor":6,"key":"Ancient Potion"},{"floor":12,"key":"Energy Potion"},{"floor":20,"key":"PowerPotion"},{"floor":27,"key":"SpeedPotion"},{"floor":29,"key":"Energy Potion"},{"floor":38,"key":"PowerPotion"},{"floor":41,"key":"FearPotion"},{"floor":42,"key":"Swift Potion"},{"floor":44,"key":"Poison Potion"},{"floor":46,"key":"Regen Potion"},{"floor":47,"key":"Ancient Potion"}],"is_trial":false,"path_per_floor":["M","?","M","M","M","E","R","M","T","?","R","E","M","M","R","B",null,"M","?","M","?","M","R","E","R","T","M","M","M","R","E","R","B",null,"M","M","$","M","?","R","E","M","T","M","$","E","M","M","R","B",null],"character_chosen":"IRONCLAD","items_purchased":["Regal Pillow","Ice Cream"],"campfire_rested":5,"item_purchase_floors":[37,45],"current_hp_per_floor":[78,78,78,83,83,85,85,81,81,81,81,74,61,51,77,65,89,48,48,41,41,57,57,60,60,74,46,55,45,75,52,82,46,103,92,79,79,58,58,104,83,69,69,113,113,115,72,33,84,53],"gold":299,"neow_bonus":"","is_prod":false,"is_daily":true,"chose_seed":false,"campfire_upgraded":0,"win_rate":0,"timestamp":1548040768,"path_taken":["M","?","M","?","M","E","R","M","T","?","R","E","M","?","R","BOSS","M","?","M","?","M","R","E","R","T","M","M","M","R","E","R","BOSS","M","?","$","M","?","R","E","M","T","M","$","E","M","M","R","BOSS"],"build_version":"2019-01-17v2","purchased_purges":0,"victory":true,"max_hp_per_floor":[83,83,83,83,83,86,86,86,86,86,86,86,89,89,89,89,89,89,89,89,89,89,89,89,89,103,103,103,103,103,103,103,103,103,103,106,106,106,106,106,109,115,115,118,118,121,121,121,121,121],"card_choices":[{"not_picked":["Armaments","Sword Boomerang"],"picked":"SKIP","floor":1},{"not_picked":["True Grit","Cleave"],"picked":"SKIP","floor":3},{"not_picked":["Sword Boomerang"],"picked":"Rupture","floor":4},{"not_picked":["Anger"],"picked":"Havoc","floor":5},{"not_picked":["Bludgeon","Clothesline"],"picked":"SKIP","floor":6},{"not_picked":["Twin Strike"],"picked":"Cleave","floor":8},{"not_picked":["Evolve"],"picked":"Thunderclap","floor":12},{"not_picked":["Sword Boomerang"],"picked":"Hemokinesis","floor":13},{"not_picked":["Perfected Strike"],"picked":"Rupture","floor":14},{"not_picked":["Demon Form"],"picked":"Reaper","floor":16},{"not_picked":["Shrug It Off+1"],"picked":"Whirlwind","floor":18},{"not_picked":["Iron Wave"],"picked":"Spot Weakness+1","floor":20},{"not_picked":["Body Slam"],"picked":"Power Through+1","floor":22},{"not_picked":["Body Slam"],"picked":"Feed","floor":24},{"not_picked":["Sword Boomerang","Anger"],"picked":"SKIP","floor":27},{"not_picked":["Headbutt","Entrench+1"],"picked":"SKIP","floor":28},{"not_picked":["Pummel"],"picked":"Flame Barrier+1","floor":29},{"not_picked":["Wild Strike"],"picked":"Brutality+1","floor":31},{"not_picked":["Havoc+1","Carnage"],"picked":"SKIP","floor":35},{"not_picked":["Thunderclap","Twin Strike+1"],"picked":"SKIP","floor":36},{"not_picked":["Pommel Strike"],"picked":"Armaments+1","floor":38},{"not_picked":["Chrysalis+1"],"picked":"Purity+1","floor":39},{"not_picked":["Clothesline+1","Clash+1"],"picked":"SKIP","floor":41},{"not_picked":["Battle Trance+1"],"picked":"Bloodletting+1","floor":42},{"not_picked":["True Grit+1"],"picked":"Shrug It Off+1","floor":44},{"not_picked":["Rampage"],"picked":"Feel No Pain+1","floor":46},{"not_picked":["Rampage+1","Iron Wave"],"picked":"SKIP","floor":47},{"not_picked":["Spot Weakness+1","Cleave"],"picked":"SKIP","floor":48}],"player_experience":147096,"relics_obtained":[{"floor":6,"key":"Shovel"},{"floor":7,"key":"Kunai"},{"floor":9,"key":"Toxic Egg 2"},{"floor":11,"key":"Turnip"},{"floor":12,"key":"Sundial"},{"floor":23,"key":"Potion Belt"},{"floor":24,"key":"Frozen Egg 2"},{"floor":25,"key":"Bronze Scales"},{"floor":26,"key":"Mango"},{"floor":31,"key":"Calipers"},{"floor":41,"key":"Red Skull"},{"floor":43,"key":"Torii"},{"floor":46,"key":"PreservedInsect"}],"event_choices":[{"damage_healed":0,"gold_gain":0,"player_choice":"Bought 2 Potions","damage_taken":0,"max_hp_gain":0,"max_hp_loss":0,"event_name":"The Woman in Blue","floor":2,"gold_loss":0},{"cards_removed":["Havoc"],"damage_healed":0,"gold_gain":0,"player_choice":"Purged","damage_taken":0,"max_hp_gain":0,"max_hp_loss":0,"event_name":"Purifier","floor":10,"gold_loss":0},{"damage_healed":0,"gold_gain":0,"player_choice":"Inject Mutagens","damage_taken":0,"relics_obtained":["MutagenicStrength"],"max_hp_gain":0,"max_hp_loss":0,"event_name":"Drug Dealer","floor":19,"gold_loss":0},{"cards_removed":["Berserk"],"damage_healed":0,"gold_gain":0,"player_choice":"Card Removal","damage_taken":0,"max_hp_gain":0,"max_hp_loss":0,"event_name":"Wheel of Change","floor":21,"gold_loss":0},{"damage_healed":0,"gold_gain":0,"player_choice":"Memory 1","damage_taken":0,"max_hp_gain":0,"max_hp_loss":0,"event_name":"SensoryStone","floor":39,"gold_loss":0}],"is_beta":false,"boss_relics":[{"not_picked":["Cursed Key","Sozu"],"picked":"Fusion Hammer"},{"not_picked":["Runic Dome","Black Blood"],"picked":"White Beast Statue"}],"items_purged_floors":[],"is_endless":false,"potions_floor_spawned":[6,8,12,14,20,27,29,33,35,36,38,41,42,44,46,47,48],"ascension_level":0}