{"gold_per_floor":[114,114,74,74,92,124,124,124,149,166,195,218,251,264,264,340,340,360,17,17,17],"floor_reached":21,"playtime":642,"items_purged":[],"score":418,"play_id":"e4e394da-ed54-4f56-89ba-5fba153551a4","local_time":"20190429162649","is_ascension_mode":true,"campfire_choices":[{"data":"Bash","floor":7.0,"key":"SMITH"},{"data":"Limit Break","floor":15.0,"key":"SMITH"}],"neow_cost":"NONE","seed_source_timestamp":188262811597184,"circlet_count":0,"master_deck":["AscendersBane","Strike_R","Strike_R","Strike_R","Strike_R","Strike_R","Defend_R","Defend_R","Defend_R","Defend_R","Bash+1","Flame Barrier","Inflame","Inflame","Shrug It Off","Iron Wave","Perfected Strike","Limit Break+1","Heavy Blade","Barricade","Metallicize"],"special_seed":0,"relics":["Burning Blood","NeowsBlessing","PreservedInsect","Art of War","Orichalcum","Singing Bowl","Ancient Tea Set","Lantern","Black Star","Molten Egg 2"],"potions_floor_usage":[],"damage_taken":[{"damage":0.0,"enemies":"2 Louse","floor":1.0,"turns":1.0},{"damage":0.0,"enemies":"Jaw Worm","floor":5.0,"turns":1.0},{"damage":0.0,"enemies":"Lagavulin","floor":6.0,"turns":1.0},{"damage":0.0,"enemies":"Cultist","floor":10.0,"turns":4.0},{"damage":21.0,"enemies":"Gremlin Nob","floor":11.0,"turns":4.0},{"damage":14.0,"enemies":"Lagavulin","floor":13.0,"turns":5.0},{"damage":0.0,"enemies":"Red Slaver","floor":14.0,"turns":4.0},{"damage":26.0,"enemies":"The Guardian","floor":16.0,"turns":8.0},{"damage":48,"enemies":"Shell Parasite","floor":18,"turns":10},{"damage":21,"enemies":"Chosen","floor":21,"turns":7}],"seed_played":"7868605957827739689","potions_obtained":[{"floor":5.0,"key":"GamblersBrew"},{"floor":10.0,"key":"SteroidPotion"},{"floor":16.0,"key":"SpeedPotion"}],"is_trial":false,"path_per_floor":["M","?","$","?","M","E","R","$","T","M","E","T","E","M","R","B",null,"M","$","?","M"],"character_chosen":"IRONCLAD","items_purchased":["Inflame","Molten Egg 2","Metallicize"],"campfire_rested":0,"item_purchase_floors":[3,19,19],"current_hp_per_floor":[74,39,39,39,45,51,51,51,51,57,42,42,34,40,40,20,61,21,21,21,0],"gold":17,"neow_bonus":"THREE_ENEMY_KILL","is_prod":false,"is_daily":false,"chose_seed":false,"campfire_upgraded":2,"win_rate":0,"timestamp":1556569609,"path_taken":["M","?","$","?","M","E","R","?","T","M","E","?","E","M","R","BOSS","M","$","?","M"],"build_version":"2019-01-23","purchased_purges":0,"victory":false,"max_hp_per_floor":[75,75,75,75,75,75,75,75,75,75,75,75,75,75,75,75,75,77,77,77,77],"card_choices":[{"not_picked":["Flex","Ghostly Armor"],"picked":"Flame Barrier","floor":1.0},{"not_picked":["Intimidate","Headbutt"],"picked":"Inflame","floor":5.0},{"not_picked":["Wild Strike","Body Slam"],"picked":"Shrug It Off","floor":6.0},{"not_picked":["True Grit","Wild Strike"],"picked":"Iron Wave","floor":10.0},{"not_picked":["Thunderclap","Heavy Blade"],"picked":"Perfected Strike","floor":11.0},{"not_picked":["Pommel Strike","Thunderclap"],"picked":"Limit Break","floor":13.0},{"not_picked":["Havoc","Clash"],"picked":"Heavy Blade","floor":14.0},{"not_picked":["Bludgeon","Limit Break"],"picked":"Barricade","floor":16.0},{"not_picked":["Clash","Power Through","Thunderclap"],"picked":"Singing Bowl","floor":18}],"player_experience":667156,"relics_obtained":[{"floor":6.0,"key":"Art of War"},{"floor":9.0,"key":"Orichalcum"},{"floor":11.0,"key":"Singing Bowl"},{"floor":12.0,"key":"Ancient Tea Set"},{"floor":13.0,"key":"Lantern"}],"event_choices":[{"damage_healed":0.0,"max_hp_gain":0.0,"max_hp_loss":0.0,"gold_gain":0.0,"event_name":"Scrap Ooze","player_choice":"Success","floor":2.0,"gold_loss":0.0,"damage_taken":35.0,"relics_obtained":["PreservedInsect"]},{"damage_healed":0.0,"max_hp_gain":0.0,"max_hp_loss":0.0,"gold_gain":0.0,"event_name":"Liars Game","player_choice":"Ignored","floor":4.0,"gold_loss":0.0,"damage_taken":0.0},{"damage_healed":0,"gold_gain":0,"player_choice":"Ignored","damage_taken":0,"max_hp_gain":0,"max_hp_loss":0,"event_name":"The Mausoleum","floor":20,"gold_loss":0}],"is_beta":false,"boss_relics":[{"not_picked":["Pandora\u0027s Box","Runic Pyramid"],"picked":"Black Star"}],"items_purged_floors":[],"is_endless":false,"potions_floor_spawned":[5,10,11,16],"killed_by":"Chosen","ascension_level":18}