{"gold_per_floor":[112,123,123,123,123,156,174,174,198,198,228,228,262,280,280,377,377,397,322,341,341,315,315,325,325,325,357,369,369,369,381,381,381],"floor_reached":33,"playtime":960,"items_purged":[],"score":322,"play_id":"d5d1ff5f-87bf-4e64-bb5e-baeef11d727d","local_time":"20190710144738","is_ascension_mode":true,"campfire_choices":[{"data":"Sunder","floor":8.0,"key":"SMITH"},{"data":"Zap","floor":10.0,"key":"SMITH"},{"data":"Static Discharge","floor":15.0,"key":"SMITH"},{"data":"Hologram","floor":23.0,"key":"SMITH"},{"data":"Streamline","floor":25.0,"key":"SMITH"},{"floor":29.0,"key":"REST"},{"floor":32.0,"key":"REST"}],"neow_cost":"NONE","seed_source_timestamp":0,"circlet_count":0,"master_deck":["Defend_B","Defend_B","Defend_B","Defend_B","Zap+1","Dualcast","Streamline+1","Loop+1","Conserve Battery","Sunder+1","Static Discharge+1","Genetic Algorithm","Ball Lightning","Core Surge","Melter","Hologram+1","Bite","Bite","Bite","Bite","Bite","Ball Lightning","Ball Lightning","Gash+1"],"special_seed":0,"relics":["Nuclear Battery"],"potions_floor_usage":[33,33,33,33,33],"damage_taken":[{"damage":1.0,"enemies":"Cultist","floor":1.0,"turns":3.0},{"damage":5.0,"enemies":"Small Slimes","floor":2.0,"turns":3.0},{"damage":38.0,"enemies":"3 Sentries","floor":6.0,"turns":8.0},{"damage":6.0,"enemies":"Jaw Worm","floor":7.0,"turns":4.0},{"damage":20.0,"enemies":"Gremlin Nob","floor":11.0,"turns":4.0},{"damage":8.0,"enemies":"3 Sentries","floor":13.0,"turns":5.0},{"damage":0.0,"enemies":"3 Louse","floor":14.0,"turns":1.0},{"damage":25.0,"enemies":"The Guardian","floor":16.0,"turns":9.0},{"damage":3.0,"enemies":"Spheric Guardian","floor":18.0,"turns":3.0},{"damage":10.0,"enemies":"2 Thieves","floor":20.0,"turns":4.0},{"damage":21.0,"enemies":"Shelled Parasite and Fungi","floor":24.0,"turns":4.0},{"damage":26.0,"enemies":"Book of Stabbing","floor":27.0,"turns":5.0},{"damage":14.0,"enemies":"Cultist and Chosen","floor":28.0,"turns":5.0},{"damage":12.0,"enemies":"Centurion and Healer","floor":31.0,"turns":10.0},{"damage":69,"enemies":"Automaton","floor":33,"turns":6}],"seed_played":"-6852915811327195085","potions_obtained":[{"floor":13.0,"key":"Explosive Potion"},{"floor":14.0,"key":"EntropicBrew"},{"floor":16.0,"key":"SpeedPotion"},{"floor":18.0,"key":"EntropicBrew"},{"floor":20.0,"key":"SpeedPotion"},{"floor":28.0,"key":"Weak Potion"}],"is_trial":false,"path_per_floor":["M","M","?","?","T","E","M","R","T","R","E","?","E","M","R","B",null,"M","?","M","?","$","R","M","R","T","E","M","R","T","M","R","B"],"character_chosen":"DEFECT","items_purchased":["Ball Lightning"],"campfire_rested":2,"item_purchase_floors":[22],"current_hp_per_floor":[74,69,69,69,69,31,25,25,25,25,5,30,22,22,22,12,75,72,72,62,52,52,52,33,33,33,19,11,26,26,36,51,0],"gold":381,"neow_bonus":"BOSS_RELIC","is_prod":false,"is_daily":false,"chose_seed":false,"campfire_upgraded":5,"win_rate":0,"timestamp":1562784458,"path_taken":["M","?","?","?","?","E","M","R","T","R","E","?","E","M","R","BOSS","M","?","M","?","$","R","M","R","T","E","M","R","?","M","R","BOSS"],"build_version":"2019-07-05","purchased_purges":0,"victory":false,"max_hp_per_floor":[75,75,75,75,75,75,75,75,75,75,75,75,75,75,75,75,75,75,75,75,52,52,52,52,52,52,52,52,52,52,52,52,52],"card_choices":[{"not_picked":["Leap","Coolheaded"],"picked":"Streamline","floor":1.0},{"not_picked":["Go for the Eyes","Redo"],"picked":"Loop","floor":2.0},{"not_picked":["Hello World","Consume"],"picked":"Conserve Battery","floor":6.0},{"not_picked":["Tempest","Steam"],"picked":"Sunder","floor":7.0},{"not_picked":["Fusion","Amplify"],"picked":"Static Discharge","floor":11.0},{"not_picked":["Turbo","Compile Driver"],"picked":"Genetic Algorithm","floor":13.0},{"not_picked":["Coolheaded","Rebound"],"picked":"Ball Lightning","floor":14.0},{"not_picked":["Fission","Reboot"],"picked":"Core Surge","floor":16.0},{"not_picked":["Streamline","Go for the Eyes"],"picked":"Melter","floor":18.0},{"not_picked":["Skim","Leap"],"picked":"Hologram","floor":20.0},{"not_picked":["Beam Cell+1","Leap"],"picked":"Ball Lightning","floor":24.0},{"not_picked":["Aggregate+1","Beam Cell","Chill+1"],"picked":"SKIP","floor":27.0},{"not_picked":["Ball Lightning+1","Turbo","Compile Driver"],"picked":"SKIP","floor":28.0},{"not_picked":["Leap+1","Barrage"],"picked":"Gash+1","floor":31.0}],"player_experience":940542,"relics_obtained":[],"event_choices":[{"damage_healed":0.0,"max_hp_gain":0.0,"max_hp_loss":0.0,"gold_gain":0.0,"event_name":"Living Wall","player_choice":"Grow","floor":3.0,"gold_loss":0.0,"damage_taken":0.0,"cards_upgraded":["Loop"]},{"damage_healed":0.0,"max_hp_gain":0.0,"max_hp_loss":0.0,"gold_gain":0.0,"event_name":"Liars Game","player_choice":"Ignored","floor":4.0,"gold_loss":0.0,"damage_taken":0.0},{"damage_healed":25.0,"max_hp_gain":0.0,"max_hp_loss":0.0,"gold_gain":0.0,"event_name":"Big Fish","player_choice":"Banana","floor":12.0,"gold_loss":0.0,"damage_taken":0.0},{"cards_removed":["Strike_B"],"damage_healed":0.0,"max_hp_gain":0.0,"max_hp_loss":0.0,"gold_gain":0.0,"event_name":"Beggar","player_choice":"Gave Gold","floor":19.0,"gold_loss":75.0,"damage_taken":0.0},{"damage_healed":0.0,"max_hp_gain":0.0,"max_hp_loss":23.0,"gold_gain":0.0,"event_name":"Vampires","player_choice":"Became a vampire","floor":21.0,"gold_loss":0.0,"damage_taken":0.0,"cards_obtained":["Bite","Bite","Bite","Bite","Bite"]}],"is_beta":false,"boss_relics":[{"not_picked":["Inserter","Tiny House","Black Star"]}],"items_purged_floors":[],"is_endless":false,"potions_floor_spawned":[13,14,16,18,20,28],"killed_by":"Automaton","ascension_level":1}