{"gold_per_floor":[112,124,124,124,66,93,93,119,194,210,242,201,201,234,234,234],"floor_reached":16,"playtime":380,"items_purged":[],"score":302,"play_id":"9d4e456e-d37c-4b71-84b6-50be294cd975","local_time":"20190612200247","is_ascension_mode":true,"campfire_choices":[{"data":"Malaise","floor":7.0,"key":"SMITH"},{"floor":13,"key":"REST"},{"floor":15,"key":"REST"}],"neow_cost":"NONE","seed_source_timestamp":4002362313183944,"circlet_count":0,"master_deck":["AscendersBane","Defend_G","Defend_G","Defend_G","Defend_G","Defend_G","Strike_G","Strike_G","Strike_G","Strike_G","Strike_G","Survivor","Neutralize+1","Cloak And Dagger","Poisoned Stab","Dagger Spray","Malaise+1","Sucker Punch","Quick Slash","All Out Attack","Skewer"],"special_seed":0,"relics":["Ring of the Snake","NeowsBlessing","Lantern","Anchor","The Courier","Prayer Wheel","Peace Pipe"],"potions_floor_usage":[11],"damage_taken":[{"damage":0.0,"enemies":"2 Louse","floor":1.0,"turns":1.0},{"damage":0.0,"enemies":"Small Slimes","floor":2.0,"turns":1.0},{"damage":0.0,"enemies":"Gremlin Nob","floor":6.0,"turns":1.0},{"damage":24.0,"enemies":"Lagavulin","floor":8.0,"turns":13.0},{"damage":0,"enemies":"Jaw Worm","floor":10,"turns":6},{"damage":28,"enemies":"Gremlin Nob","floor":11,"turns":7},{"damage":22,"enemies":"3 Sentries","floor":14,"turns":8},{"damage":25,"enemies":"Slime Boss","floor":16,"turns":3}],"seed_played":"-2520818133342247853","potions_obtained":[{"floor":2.0,"key":"Energy Potion"},{"floor":6.0,"key":"SpeedPotion"}],"is_trial":false,"path_per_floor":["M","M","?","?","$","E","R","E","T","M","E","?","R","E","R","B"],"character_chosen":"THE_SILENT","items_purchased":["Dagger Spray"],"campfire_rested":2,"item_purchase_floors":[5],"current_hp_per_floor":[59,59,59,59,59,59,59,35,35,35,7,7,26,4,23,0],"gold":234,"neow_bonus":"THREE_ENEMY_KILL","is_prod":false,"is_daily":false,"chose_seed":false,"campfire_upgraded":1,"win_rate":0,"timestamp":1560384167,"path_taken":["M","M","?","?","$","E","R","E","T","M","E","?","R","E","R","BOSS"],"build_version":"2019-01-23","purchased_purges":0,"victory":false,"max_hp_per_floor":[66,66,66,66,66,66,66,66,66,66,66,66,66,66,66,66],"card_choices":[{"not_picked":["Leg Sweep","Prepared"],"picked":"Cloak And Dagger","floor":1.0},{"not_picked":["Crippling Poison","PiercingWail"],"picked":"Poisoned Stab","floor":2.0},{"not_picked":["Blade Dance","Well Laid Plans"],"picked":"Malaise","floor":6.0},{"not_picked":["Calculated Gamble","Outmaneuver"],"picked":"Sucker Punch","floor":8.0},{"not_picked":["Dagger Throw","Prepared"],"picked":"Quick Slash","floor":10},{"not_picked":["Sucker Punch","Adrenaline"],"picked":"All Out Attack","floor":11},{"not_picked":["Acrobatics","Deflect"],"picked":"Skewer","floor":14}],"player_experience":732675,"relics_obtained":[{"floor":6.0,"key":"Lantern"},{"floor":8.0,"key":"Anchor"},{"floor":9.0,"key":"The Courier"},{"floor":11,"key":"Prayer Wheel"},{"floor":14,"key":"Peace Pipe"}],"event_choices":[{"damage_healed":0.0,"max_hp_gain":0.0,"max_hp_loss":0.0,"gold_gain":0.0,"event_name":"Liars Game","player_choice":"Ignored","floor":3.0,"gold_loss":0.0,"damage_taken":0.0},{"damage_healed":0.0,"max_hp_gain":0.0,"max_hp_loss":0.0,"gold_gain":0.0,"event_name":"Living Wall","player_choice":"Grow","floor":4.0,"gold_loss":0.0,"damage_taken":0.0,"cards_upgraded":["Neutralize"]},{"damage_healed":0,"gold_gain":0,"player_choice":"Left Gold","damage_taken":0,"max_hp_gain":0,"max_hp_loss":0,"event_name":"World of Goop","floor":12,"gold_loss":41}],"is_beta":false,"boss_relics":[],"items_purged_floors":[],"is_endless":false,"potions_floor_spawned":[2,6],"killed_by":"Slime Boss","ascension_level":20}