{"gold_per_floor":[114,129,144,69,84,114,114,144,169,169,199,214,214,179,179,279,279,219,234,234],"floor_reached":20,"playtime":1189,"items_purged":["Strike_G"],"score":217,"play_id":"dc2a68bd-e838-4297-8857-bd3ef3a3cd50","local_time":"20190129202231","daily_mods":["Specialized","Red Cards","Elite Swarm"],"is_ascension_mode":false,"campfire_choices":[{"floor":7,"key":"REST"},{"floor":13,"key":"REST"},{"floor":15,"key":"REST"}],"neow_cost":"","seed_source_timestamp":0,"circlet_count":0,"master_deck":["Defend_G","Defend_G","Defend_G","Defend_G","Defend_G","Strike_G","Strike_G","Strike_G","Strike_G","Survivor","Neutralize","Second Wind","Second Wind","Second Wind","Second Wind","Thunderclap","Body Slam","Backflip","Feel No Pain","Berserk","Burst","Flying Knee","Metallicize","Die Die Die","Feel No Pain","Acrobatics"],"special_seed":17926,"relics":["Ring of the Snake","Bottled Flame","Snake Skull","Bag of Preparation","Omamori","Sozu"],"potions_floor_usage":[11,16,16,16,18],"damage_taken":[{"damage":2,"enemies":"Cultist","floor":1,"turns":6},{"damage":0,"enemies":"2 Louse","floor":2,"turns":2},{"damage":9,"enemies":"Jaw Worm","floor":3,"turns":5},{"damage":6,"enemies":"Red Slaver","floor":5,"turns":7},{"damage":39,"enemies":"Lagavulin","floor":6,"turns":10},{"damage":6,"enemies":"3 Sentries","floor":8,"turns":11},{"damage":40,"enemies":"Lagavulin","floor":11,"turns":10},{"damage":20,"enemies":"Large Slime","floor":12,"turns":9},{"damage":39,"enemies":"Slime Boss","floor":16,"turns":21},{"damage":9,"enemies":"2 Thieves","floor":18,"turns":4},{"damage":44,"enemies":"Spheric Guardian","floor":19,"turns":10},{"damage":25,"enemies":"3 Cultists","floor":20,"turns":3}],"seed_played":"5247171825333593752","potions_obtained":[{"floor":1,"key":"SpeedPotion"},{"floor":5,"key":"GamblersBrew"},{"floor":8,"key":"SkillPotion"},{"floor":12,"key":"SkillPotion"},{"floor":16,"key":"Block Potion"}],"is_trial":false,"path_per_floor":["M","M","M","$","M","E","R","E","T","?","E","M","R","$","R","B",null,"M","M","M"],"character_chosen":"THE_SILENT","items_purchased":["Metallicize"],"campfire_rested":3,"item_purchase_floors":[14],"current_hp_per_floor":[68,68,59,59,53,14,35,29,29,70,30,10,31,31,52,13,70,61,17,0],"gold":234,"neow_bonus":"","is_prod":false,"is_daily":true,"chose_seed":false,"campfire_upgraded":0,"win_rate":0,"timestamp":1548822151,"path_taken":["M","M","?","$","?","E","R","E","T","?","E","?","R","$","R","BOSS","M","M","M"],"build_version":"2019-01-23","purchased_purges":1,"victory":false,"max_hp_per_floor":[70,70,70,70,70,70,70,70,70,70,70,70,70,70,70,70,70,70,70,70],"card_choices":[{"not_picked":["Blood for Blood","Seeing Red"],"picked":"Thunderclap","floor":1},{"not_picked":["Anger","Quick Slash"],"picked":"Body Slam","floor":2},{"not_picked":["Body Slam","Deflect"],"picked":"Backflip","floor":3},{"not_picked":["Skewer","Noxious Fumes"],"picked":"Feel No Pain","floor":5},{"not_picked":["Dark Embrace","Envenom","Corpse Explosion"],"picked":"SKIP","floor":6},{"not_picked":["Bullet Time","Die Die Die"],"picked":"Berserk","floor":8},{"not_picked":["Bullet Time","Wraith Form v2"],"picked":"Burst","floor":11},{"not_picked":["Acrobatics","Dodge and Roll"],"picked":"Flying Knee","floor":12},{"not_picked":["Tools of the Trade","Doppelganger"],"picked":"Die Die Die","floor":16},{"not_picked":["Well Laid Plans","Reckless Charge","Feel No Pain"],"picked":"SKIP","floor":18},{"not_picked":["Well Laid Plans","Reckless Charge"],"picked":"Feel No Pain","floor":18},{"not_picked":["Havoc","Headbutt+1"],"picked":"Acrobatics","floor":19}],"player_experience":174794,"relics_obtained":[{"floor":6,"key":"Bottled Flame"},{"floor":8,"key":"Snake Skull"},{"floor":9,"key":"Bag of Preparation"},{"floor":11,"key":"Omamori"}],"event_choices":[{"cards_removed":["Second Wind"],"damage_healed":41,"gold_gain":0,"player_choice":"Offered Uncommon","damage_taken":0,"max_hp_gain":0,"max_hp_loss":0,"event_name":"Bonfire Elementals","floor":10,"gold_loss":0}],"is_beta":false,"boss_relics":[{"not_picked":["Runic Pyramid","Coffee Dripper"],"picked":"Sozu"}],"items_purged_floors":[4],"is_endless":false,"potions_floor_spawned":[1,5,8,12,16],"killed_by":"3 Cultists","ascension_level":0}