{"gold_per_floor":[118,133,153,171,72,72,86,117,117,117,143,143,169,185,185,185],"floor_reached":16,"playtime":501,"items_purged":["Strike_G"],"score":244,"play_id":"d6de8950-87ee-45ee-955b-ce25e860c6aa","local_time":"20190704191538","is_ascension_mode":true,"campfire_choices":[{"data":"Neutralize","floor":6,"key":"SMITH"},{"floor":10,"key":"REST"},{"floor":12,"key":"REST"},{"floor":15,"key":"REST"}],"neow_cost":"NONE","seed_source_timestamp":5899883935475608,"circlet_count":0,"master_deck":["AscendersBane","Strike_G","Strike_G","Strike_G","Strike_G","Defend_G","Defend_G","Defend_G","Defend_G","Defend_G","Survivor","Neutralize+1","Flying Knee","Caltrops","Poisoned Stab","Dash","Sucker Punch","Dagger Spray","Dash","Escape Plan","Glass Knife","Sucker Punch","Infinite Blades+1"],"relics":["Ring of the Snake","NeowsBlessing","Prayer Wheel","Tingsha","Frozen Egg 2","Shovel"],"potions_floor_usage":[4,8,11],"damage_taken":[{"damage":0,"enemies":"Cultist","floor":1,"turns":1},{"damage":0,"enemies":"Jaw Worm","floor":2,"turns":1},{"damage":0,"enemies":"2 Louse","floor":3,"turns":1},{"damage":9,"enemies":"Lots of Slimes","floor":4,"turns":4},{"damage":5,"enemies":"Exordium Wildlife","floor":7,"turns":6},{"damage":27,"enemies":"3 Sentries","floor":8,"turns":7},{"damage":19,"enemies":"Lagavulin","floor":11,"turns":5},{"damage":16,"enemies":"3 Sentries","floor":13,"turns":9},{"damage":13,"enemies":"Large Slime","floor":14,"turns":6},{"damage":28,"enemies":"Slime Boss","floor":16,"turns":3}],"seed_played":"583600584214147798","potions_obtained":[{"floor":2,"key":"Energy Potion"},{"floor":7,"key":"LiquidBronze"},{"floor":8,"key":"AttackPotion"},{"floor":14,"key":"Ancient Potion"}],"is_trial":false,"path_per_floor":["M","M","M","M","$","R","M","E","T","R","E","R","E","M","R","B"],"character_chosen":"THE_SILENT","items_purchased":["Sucker Punch"],"campfire_rested":3,"item_purchase_floors":[5],"current_hp_per_floor":[59,59,59,50,50,50,45,18,18,37,18,37,21,8,27,0],"gold":185,"neow_bonus":"THREE_ENEMY_KILL","is_prod":false,"is_daily":false,"chose_seed":false,"campfire_upgraded":1,"win_rate":0,"timestamp":1562282138,"path_taken":["M","M","M","?","$","R","M","E","T","R","E","R","E","?","R","BOSS"],"build_version":"2019-07-01","purchased_purges":1,"victory":false,"max_hp_per_floor":[66,66,66,66,66,66,66,66,66,66,66,66,66,66,66,66],"card_choices":[{"not_picked":["Distraction","Deflect"],"picked":"Flying Knee","floor":1},{"not_picked":["Accuracy","Deflect"],"picked":"Caltrops","floor":2},{"not_picked":["Bane","Choke"],"picked":"Poisoned Stab","floor":3},{"not_picked":["Outmaneuver","Underhanded Strike"],"picked":"Dash","floor":4},{"not_picked":["Riddle With Holes","Flying Knee"],"picked":"Dagger Spray","floor":7},{"not_picked":["Tools of the Trade","Caltrops"],"picked":"Dash","floor":8},{"not_picked":["Riddle With Holes","Deflect"],"picked":"Escape Plan","floor":11},{"not_picked":["Riddle With Holes","Venomology"],"picked":"Glass Knife","floor":13},{"not_picked":["Slice","PiercingWail"],"picked":"Sucker Punch","floor":14},{"not_picked":["Flying Knee","Sucker Punch"],"picked":"Infinite Blades+1","floor":14}],"player_experience":863890,"relics_obtained":[{"floor":8,"key":"Prayer Wheel"},{"floor":9,"key":"Tingsha"},{"floor":11,"key":"Frozen Egg 2"},{"floor":13,"key":"Shovel"}],"event_choices":[],"is_beta":false,"boss_relics":[],"items_purged_floors":[5],"is_endless":false,"potions_floor_spawned":[2,7,8,14],"killed_by":"Slime Boss","ascension_level":20}