{"gold_per_floor":[117,117,117,117,117,117,158,158,158,178,193,226,240,193,193,288,288,302,172,203,223,223,223,162,178,246,117,140,158,158,197,197,197],"floor_reached":33,"playtime":727,"items_purged":[],"score":596,"play_id":"fbbecc91-57eb-4d82-a269-a7e41f13442d","local_time":"20190513152247","is_ascension_mode":true,"campfire_choices":[{"data":"Ball Lightning","floor":6.0,"key":"SMITH"},{"data":"Defragment","floor":15.0,"key":"SMITH"},{"floor":23.0,"key":"REST"},{"floor":30.0,"key":"REST"},{"floor":32.0,"key":"REST"}],"neow_cost":"NONE","seed_source_timestamp":0,"circlet_count":0,"master_deck":["AscendersBane","Strike_B+1","Strike_B+1","Strike_B+1","Strike_B+1","Defend_B+1","Defend_B+1","Defend_B+1","Defend_B+1","Zap+1","Dualcast","Ball Lightning+1","Defragment+1","Ball Lightning","Sweeping Beam","Hologram","Electrodynamics","Ball Lightning","Defragment","Sunder+1","Loop","Capacitor","Go for the Eyes","Self Repair+1","Go for the Eyes"],"special_seed":0,"relics":["Cracked Core","NeowsBlessing","Golden Idol","The Courier","Pear","Strawberry","Turnip","Fusion Hammer","DataDisk","Red Mask","Ornamental Fan","Pocketwatch"],"potions_floor_usage":[33],"damage_taken":[{"damage":0.0,"enemies":"Jaw Worm","floor":1.0,"turns":1.0},{"damage":0.0,"enemies":"Lagavulin","floor":7.0,"turns":1.0},{"damage":0.0,"enemies":"2 Louse","floor":10.0,"turns":1.0},{"damage":0.0,"enemies":"Cultist","floor":11.0,"turns":2.0},{"damage":32.0,"enemies":"Gremlin Nob","floor":12.0,"turns":4.0},{"damage":11.0,"enemies":"Looter","floor":13.0,"turns":2.0},{"damage":24.0,"enemies":"Hexaghost","floor":16.0,"turns":6.0},{"damage":14.0,"enemies":"2 Thieves","floor":18.0,"turns":2.0},{"damage":35.0,"enemies":"Masked Bandits","floor":20.0,"turns":3.0},{"damage":0.0,"enemies":"Spheric Guardian","floor":21.0,"turns":2.0},{"damage":0.0,"enemies":"Chosen and Byrds","floor":25.0,"turns":2.0},{"damage":18.0,"enemies":"Snecko","floor":28.0,"turns":4.0},{"damage":4.0,"enemies":"Cultist and Chosen","floor":29.0,"turns":4.0},{"damage":8.0,"enemies":"Slavers","floor":31.0,"turns":3.0},{"damage":69,"enemies":"Champ","floor":33,"turns":10}],"seed_played":"-4106496837746130999","potions_obtained":[{"floor":7.0,"key":"PowerPotion"},{"floor":11.0,"key":"PowerPotion"},{"floor":18.0,"key":"Poison Potion"},{"floor":25.0,"key":"Swift Potion"}],"is_trial":false,"path_per_floor":["M","?","$","?","?","R","E","T","T","M","M","E","M","?","R","B",null,"M","$","?","M","?","R","$","M","T","$","M","M","R","E","R","B"],"character_chosen":"DEFECT","items_purchased":["DataDisk","Defragment","Loop","Capacitor"],"campfire_rested":3,"item_purchase_floors":[19,24,27,27],"current_hp_per_floor":[64,64,64,64,64,64,64,74,81,81,81,49,38,38,38,14,64,50,50,15,15,15,39,39,39,39,39,21,17,41,43,67,0],"gold":197,"neow_bonus":"THREE_ENEMY_KILL","is_prod":false,"is_daily":false,"chose_seed":false,"campfire_upgraded":2,"win_rate":0,"timestamp":1557775367,"path_taken":["M","?","$","?","?","R","E","?","T","M","?","E","M","?","R","BOSS","M","$","?","M","?","R","$","M","T","?","?","M","R","E","R","BOSS"],"build_version":"2019-01-23","purchased_purges":0,"victory":false,"max_hp_per_floor":[71,64,64,64,64,64,64,74,81,81,81,81,81,81,81,81,81,81,81,81,81,81,81,81,81,81,81,81,81,81,81,81,81],"card_choices":[{"not_picked":["Coolheaded","Hologram"],"picked":"Ball Lightning","floor":1.0},{"not_picked":["Leap","Seek"],"picked":"Defragment","floor":7.0},{"not_picked":["Redo","Steam"],"picked":"Ball Lightning","floor":10.0},{"not_picked":["Barrage","Coolheaded"],"picked":"Sweeping Beam","floor":11.0},{"not_picked":["Turbo","Beam Cell"],"picked":"Hologram","floor":12.0},{"not_picked":["Force Field","Redo","Hologram"],"picked":"SKIP","floor":13.0},{"not_picked":["Hyperbeam","Creative AI"],"picked":"Electrodynamics","floor":16.0},{"not_picked":["Stack","Leap"],"picked":"Ball Lightning","floor":18.0},{"not_picked":["Skim","Rebound","Hologram"],"picked":"SKIP","floor":21.0},{"not_picked":["Cold Snap","Hologram"],"picked":"Sunder+1","floor":25.0},{"not_picked":["Sweeping Beam","Hyperbeam"],"picked":"Go for the Eyes","floor":28.0},{"not_picked":["Sweeping Beam","Turbo+1"],"picked":"Self Repair+1","floor":29.0},{"not_picked":["Capacitor","Genetic Algorithm"],"picked":"Go for the Eyes","floor":31.0}],"player_experience":684839,"relics_obtained":[{"floor":7.0,"key":"The Courier"},{"floor":8.0,"key":"Pear"},{"floor":9.0,"key":"Strawberry"},{"floor":12.0,"key":"Turnip"},{"floor":20.0,"key":"Red Mask"},{"floor":26.0,"key":"Ornamental Fan"},{"floor":31.0,"key":"Pocketwatch"}],"event_choices":[{"damage_healed":0.0,"max_hp_gain":0.0,"max_hp_loss":7.0,"gold_gain":0.0,"event_name":"Golden Idol","player_choice":"Lose Max HP","floor":2.0,"gold_loss":0.0,"damage_taken":0.0,"relics_obtained":["Golden Idol"]},{"damage_healed":0.0,"max_hp_gain":0.0,"max_hp_loss":0.0,"gold_gain":0.0,"event_name":"Living Wall","player_choice":"Grow","floor":4.0,"gold_loss":0.0,"damage_taken":0.0,"cards_upgraded":["Zap"]},{"damage_healed":0.0,"max_hp_gain":0.0,"max_hp_loss":0.0,"gold_gain":0.0,"event_name":"Liars Game","player_choice":"Ignored","floor":5.0,"gold_loss":0.0,"damage_taken":0.0},{"damage_healed":0.0,"max_hp_gain":0.0,"max_hp_loss":0.0,"gold_gain":0.0,"event_name":"World of Goop","player_choice":"Left Gold","floor":14.0,"gold_loss":47.0,"damage_taken":0.0},{"damage_healed":0.0,"max_hp_gain":0.0,"max_hp_loss":0.0,"gold_gain":0.0,"event_name":"Masked Bandits","player_choice":"Fought Bandits","floor":20.0,"gold_loss":0.0,"damage_taken":0.0},{"damage_healed":0.0,"max_hp_gain":0.0,"max_hp_loss":0.0,"gold_gain":0.0,"event_name":"Back to Basics","player_choice":"Simplicity","floor":22.0,"gold_loss":0.0,"damage_taken":0.0,"cards_upgraded":["Strike_B","Strike_B","Strike_B","Strike_B","Defend_B","Defend_B","Defend_B","Defend_B"]}],"is_beta":false,"boss_relics":[{"not_picked":["Sozu","Calling Bell"],"picked":"Fusion Hammer"}],"items_purged_floors":[],"is_endless":false,"potions_floor_spawned":[7,11,13,18,25,28],"killed_by":"Champ","ascension_level":20}