{"gold_per_floor":[112,128,203,28,46,78,78,78,78,104,116,145,190,219,231,243],"floor_reached":16,"playtime":427,"items_purged":["Strike_G"],"score":224,"play_id":"ff638d4a-4a64-46e6-b196-6fc24f78f927","local_time":"20190407133626","is_ascension_mode":true,"campfire_choices":[{"data":"Neutralize","floor":7,"key":"SMITH"},{"floor":11,"key":"REST"},{"data":"After Image","floor":15,"key":"SMITH"}],"neow_cost":"NONE","seed_source_timestamp":9242609920122764,"circlet_count":0,"master_deck":["AscendersBane","Defend_G","Defend_G","Defend_G","Defend_G","Defend_G","Strike_G","Strike_G","Strike_G","Strike_G","Survivor","Neutralize+1","Heel Hook","Poisoned Stab+1","Dash","Flying Knee","Dash","Cloak And Dagger","Cloak And Dagger","After Image+1","Quick Slash"],"relics":["Ring of the Snake","NeowsBlessing","Ninja Scroll","MawBank","Pantograph"],"potions_floor_usage":[6,12],"damage_taken":[{"damage":0,"enemies":"Jaw Worm","floor":1,"turns":1},{"damage":0,"enemies":"Small Slimes","floor":2,"turns":1},{"damage":0,"enemies":"Cultist","floor":5,"turns":1},{"damage":30,"enemies":"Lagavulin","floor":6,"turns":8},{"damage":5,"enemies":"Exordium Wildlife","floor":10,"turns":4},{"damage":0,"enemies":"3 Louse","floor":12,"turns":1},{"damage":10,"enemies":"3 Sentries","floor":13,"turns":8},{"damage":6,"enemies":"Large Slime","floor":14,"turns":6},{"damage":42,"enemies":"Slime Boss","floor":16,"turns":7}],"seed_played":"-7381921752114858326","potions_obtained":[{"floor":1,"key":"PowerPotion"},{"floor":6,"key":"Explosive Potion"}],"is_trial":false,"path_per_floor":["M","M","?","$","M","E","R","?","T","M","R","M","E","M","R","B"],"character_chosen":"THE_SILENT","items_purchased":["Dash","Flying Knee"],"campfire_rested":1,"item_purchase_floors":[4,4],"current_hp_per_floor":[59,59,48,48,48,18,18,18,18,13,32,32,22,16,16,0],"gold":243,"neow_bonus":"THREE_ENEMY_KILL","is_prod":false,"is_daily":false,"chose_seed":false,"campfire_upgraded":2,"win_rate":0,"timestamp":1554658586,"path_taken":["M","M","?","$","M","E","R","?","T","M","R","M","E","M","R","BOSS"],"build_version":"2019-01-23","purchased_purges":1,"victory":false,"max_hp_per_floor":[66,66,66,66,66,66,66,66,66,66,66,66,66,66,66,66],"card_choices":[{"not_picked":["PiercingWail","Acrobatics"],"picked":"Heel Hook","floor":1},{"not_picked":["Slice","Prepared"],"picked":"Poisoned Stab","floor":2},{"not_picked":["Dagger Throw","Dagger Spray"],"picked":"Dash","floor":5},{"not_picked":["Prepared","Storm of Steel","Outmaneuver"],"picked":"SKIP","floor":6},{"not_picked":["Bane","Dagger Throw"],"picked":"Cloak And Dagger","floor":10},{"not_picked":["Outmaneuver","Deadly Poison"],"picked":"Cloak And Dagger","floor":12},{"not_picked":["Distraction","Backflip"],"picked":"After Image","floor":13},{"not_picked":["Underhanded Strike","Expertise"],"picked":"Quick Slash","floor":14}],"player_experience":626141,"relics_obtained":[{"floor":6,"key":"Ninja Scroll"},{"floor":9,"key":"MawBank"},{"floor":13,"key":"Pantograph"}],"event_choices":[{"damage_healed":0,"gold_gain":75,"player_choice":"Gather Gold","damage_taken":11,"max_hp_gain":0,"max_hp_loss":0,"event_name":"World of Goop","floor":3,"gold_loss":0},{"damage_healed":0,"gold_gain":0,"player_choice":"Grow","damage_taken":0,"max_hp_gain":0,"max_hp_loss":0,"event_name":"Living Wall","floor":8,"gold_loss":0,"cards_upgraded":["Poisoned Stab"]}],"is_beta":false,"boss_relics":[],"items_purged_floors":[4],"is_endless":false,"potions_floor_spawned":[1,6],"killed_by":"Slime Boss","ascension_level":20}