{"gold_per_floor":[118,43,43,59,15,46,66,66,66,76,33,49,75,106,106,185,185,201,201,201,219,231,231],"floor_reached":23,"playtime":530,"items_purged":[],"score":452,"play_id":"db5e292a-c1a5-4f0f-b600-310321b80ed7","local_time":"20190701130812","is_ascension_mode":true,"campfire_choices":[{"floor":15.0,"key":"REST"}],"neow_cost":"NONE","seed_source_timestamp":95332285892300,"circlet_count":0,"master_deck":["AscendersBane","Defend_B","Defend_B","Defend_B","Defend_B","Zap","Dualcast","FTL","Compile Driver","Defragment+1","Reinforced Body","Rebound","Loop","Defragment","Ball Lightning","Conserve Battery","Multi-Cast","Ball Lightning","Echo Form","Recycle","Electrodynamics"],"special_seed":0,"relics":["Cracked Core","NeowsBlessing","Peace Pipe","Mummified Hand","Odd Mushroom","DataDisk","Inserter"],"potions_floor_usage":[22],"damage_taken":[{"damage":0.0,"enemies":"Small Slimes","floor":1.0,"turns":1.0},{"damage":0.0,"enemies":"2 Louse","floor":4.0,"turns":1.0},{"damage":0.0,"enemies":"3 Sentries","floor":6.0,"turns":1.0},{"damage":2.0,"enemies":"Jaw Worm","floor":7.0,"turns":3.0},{"damage":7.0,"enemies":"2 Fungi Beasts","floor":10.0,"turns":3.0},{"damage":3.0,"enemies":"Blue Slaver","floor":12.0,"turns":3.0},{"damage":29.0,"enemies":"The Mushroom Lair","floor":13.0,"turns":4.0},{"damage":10.0,"enemies":"Lagavulin","floor":14.0,"turns":5.0},{"damage":19.0,"enemies":"Slime Boss","floor":16.0,"turns":7.0},{"damage":13.0,"enemies":"Spheric Guardian","floor":18.0,"turns":4.0},{"damage":17.0,"enemies":"2 Thieves","floor":21.0,"turns":3.0},{"damage":12,"enemies":"3 Cultists","floor":22,"turns":3},{"damage":23,"enemies":"Book of Stabbing","floor":23,"turns":3}],"seed_played":"-5779681188811635459","potions_obtained":[{"floor":1.0,"key":"FearPotion"},{"floor":12.0,"key":"LiquidBronze"},{"floor":13.0,"key":"Regen Potion"},{"floor":16.0,"key":"SkillPotion"},{"floor":18.0,"key":"Energy Potion"}],"is_trial":false,"path_per_floor":["M","?","?","M","$","E","M","?","T","M","$","M","?","E","R","B",null,"M","?","?","M","M","E"],"character_chosen":"DEFECT","items_purchased":["Defragment","Defragment"],"campfire_rested":1,"item_purchase_floors":[5,11],"current_hp_per_floor":[64,64,57,57,57,57,55,55,55,48,48,45,16,6,27,23,59,46,46,46,29,17,0],"gold":231,"neow_bonus":"THREE_ENEMY_KILL","is_prod":false,"is_daily":false,"chose_seed":false,"campfire_upgraded":0,"win_rate":0,"timestamp":1561982892,"path_taken":["M","?","?","M","$","E","M","?","T","M","?","M","?","E","R","BOSS","M","?","?","?","M","E"],"build_version":"2019-01-23","purchased_purges":0,"victory":false,"max_hp_per_floor":[71,71,71,71,71,71,71,71,71,71,71,71,71,71,71,71,71,71,71,71,71,71,71],"card_choices":[{"not_picked":["Consume","Go for the Eyes"],"picked":"FTL","floor":1.0},{"not_picked":["Auto Shields","Hologram"],"picked":"Compile Driver","floor":4.0},{"not_picked":["Sweeping Beam","Go for the Eyes"],"picked":"Reinforced Body","floor":6.0},{"not_picked":["Barrage","Blizzard"],"picked":"Rebound","floor":7.0},{"not_picked":["Compile Driver","Auto Shields"],"picked":"Loop","floor":10.0},{"not_picked":["Force Field","BootSequence","Lockon"],"picked":"SKIP","floor":12.0},{"not_picked":["Rip and Tear","Turbo"],"picked":"Ball Lightning","floor":13.0},{"not_picked":["FTL","Tempest"],"picked":"Conserve Battery","floor":14.0},{"not_picked":["All For One","Machine Learning"],"picked":"Multi-Cast","floor":16.0},{"not_picked":["Stack","Compile Driver"],"picked":"Ball Lightning","floor":18.0},{"not_picked":["Steam","Storm"],"picked":"Electrodynamics","floor":21.0},{"not_picked":["Gash","Sweeping Beam","Ball Lightning"],"picked":"SKIP","floor":22}],"player_experience":1517469,"relics_obtained":[{"floor":6.0,"key":"Peace Pipe"},{"floor":9.0,"key":"Mummified Hand"},{"floor":13.0,"key":"Odd Mushroom"},{"floor":14.0,"key":"DataDisk"}],"event_choices":[{"cards_removed":["Strike_B"],"damage_healed":0.0,"max_hp_gain":0.0,"max_hp_loss":0.0,"gold_gain":0.0,"event_name":"The Cleric","player_choice":"Card Removal","floor":2.0,"gold_loss":75.0,"damage_taken":0.0},{"cards_removed":["Strike_B"],"damage_healed":0.0,"max_hp_gain":0.0,"max_hp_loss":0.0,"gold_gain":0.0,"event_name":"Golden Wing","player_choice":"Card Removal","floor":3.0,"gold_loss":0.0,"damage_taken":7.0},{"damage_healed":0.0,"max_hp_gain":0.0,"max_hp_loss":0.0,"gold_gain":0.0,"event_name":"Living Wall","player_choice":"Grow","floor":8.0,"gold_loss":0.0,"damage_taken":0.0,"cards_upgraded":["Defragment"]},{"damage_healed":0.0,"max_hp_gain":0.0,"max_hp_loss":0.0,"gold_gain":0.0,"event_name":"Mushrooms","player_choice":"Fought Mushrooms","floor":13.0,"gold_loss":0.0,"damage_taken":0.0},{"damage_healed":0.0,"max_hp_gain":0.0,"max_hp_loss":0.0,"gold_gain":0.0,"cards_transformed":["Strike_B","Strike_B"],"event_name":"Drug Dealer","player_choice":"Became Test Subject","floor":19.0,"gold_loss":0.0,"damage_taken":0.0,"cards_obtained":["Echo Form","Recycle"]},{"damage_healed":0.0,"max_hp_gain":0.0,"max_hp_loss":0.0,"gold_gain":0.0,"event_name":"N\u0027loth","player_choice":"Ignored","floor":20.0,"gold_loss":0.0,"damage_taken":0.0}],"is_beta":false,"boss_relics":[{"not_picked":["Tiny House","White Beast Statue"],"picked":"Inserter"}],"items_purged_floors":[],"is_endless":false,"potions_floor_spawned":[1,12,13,16,18],"killed_by":"Book of Stabbing","ascension_level":20}