{"gold_per_floor":[109,109,122,140,105,105,121,121,147,163,176,176,176,194,194,270,270,223,249,267,43,60,60,87,87,87,87,98,98,129,144,144,144],"floor_reached":33,"playtime":1332,"items_purged":[],"score":530,"play_id":"fc1a26a0-bf83-4de4-8170-cdb13e8cfdad","local_time":"20180907223916","is_ascension_mode":true,"campfire_choices":[{"data":"Zap","floor":6.0,"key":"SMITH"},{"data":"Conserve Battery","floor":8.0,"key":"SMITH"},{"data":"Static Discharge","floor":13.0,"key":"SMITH"},{"data":"Core Surge","floor":15.0,"key":"SMITH"},{"floor":23,"key":"REST"},{"floor":25,"key":"REST"},{"data":"Echo Form","floor":27,"key":"SMITH"},{"floor":29,"key":"REST"},{"floor":32,"key":"REST"}],"neow_cost":"NONE","seed_source_timestamp":0,"circlet_count":0,"master_deck":["Strike_B","Strike_B","Strike_B","Strike_B","Defend_B","Defend_B","Defend_B","Defend_B","Zap+1","Dualcast","AscendersBane","Cold Snap","Cold Snap","Conserve Battery+1","Static Discharge+1","Core Surge+1","Leap","Compile Driver","Echo Form+1","Auto Shields","Conserve Battery","BootSequence+1","Chill","Conserve Battery+1","Ball Lightning","Loop"],"special_seed":0,"relics":["Cracked Core","Blood Vial","Centennial Puzzle","Bird Faced Urn","White Beast Statue","Art of War","ClockworkSouvenir","Omamori","Matryoshka","Happy Flower"],"potions_floor_usage":[16,18,24,28,30,30,33],"damage_taken":[{"damage":2.0,"enemies":"Jaw Worm","floor":1.0,"turns":5.0},{"damage":0.0,"enemies":"Cultist","floor":3.0,"turns":4.0},{"damage":10.0,"enemies":"Small Slimes","floor":4.0,"turns":4.0},{"damage":16.0,"enemies":"3 Louse","floor":7.0,"turns":2.0},{"damage":8.0,"enemies":"Large Slime","floor":10.0,"turns":7.0},{"damage":0.0,"enemies":"Red Slaver","floor":11.0,"turns":3.0},{"damage":3.0,"enemies":"Exordium Wildlife","floor":14.0,"turns":3.0},{"damage":30,"enemies":"Slime Boss","floor":16,"turns":10},{"damage":30,"enemies":"2 Thieves","floor":18,"turns":5},{"damage":14,"enemies":"Spheric Guardian","floor":20,"turns":5},{"damage":16,"enemies":"Snecko","floor":22,"turns":8},{"damage":8,"enemies":"Book of Stabbing","floor":24,"turns":5},{"damage":32,"enemies":"Centurion and Healer","floor":28,"turns":12},{"damage":44,"enemies":"Gremlin Leader","floor":30,"turns":12},{"damage":11,"enemies":"Snake Plant","floor":31,"turns":7},{"damage":54,"enemies":"Collector","floor":33,"turns":5}],"seed_played":"-283171531867947035","potions_obtained":[{"floor":10.0,"key":"SpeedPotion"},{"floor":14.0,"key":"Swift Potion"},{"floor":18,"key":"Swift Potion"},{"floor":20,"key":"SpeedPotion"},{"floor":24,"key":"Explosive Potion"},{"floor":28,"key":"SpeedPotion"},{"floor":30,"key":"SmokeBomb"},{"floor":31,"key":"PowerPotion"}],"is_trial":false,"path_per_floor":["M","?","M","M","?","R","M","R","T","M","M","T","R","M","R","B",null,"M","T","M","$","M","R","E","R","T","R","M","R","E","M","R"],"character_chosen":"DEFECT","items_purchased":["ClockworkSouvenir"],"campfire_rested":4,"item_purchase_floors":[21],"current_hp_per_floor":[64,64,66,58,71,71,55,55,55,49,51,51,51,52,52,26,60,32,32,22,22,12,33,33,54,54,54,28,49,13,6,27,0],"gold":144,"neow_bonus":"RANDOM_COMMON_RELIC","is_prod":false,"is_daily":false,"chose_seed":false,"campfire_upgraded":5,"win_rate":0,"timestamp":1536374356,"path_taken":["M","?","?","M","?","R","M","R","T","?","M","?","R","M","R","BOSS","M","?","M","$","M","R","E","R","T","R","M","R","E","M","R","BOSS"],"build_version":"2018-09-06","purchased_purges":0,"victory":false,"max_hp_per_floor":[71,71,71,71,71,71,71,71,71,71,71,71,71,71,71,71,71,71,71,71,71,71,71,71,71,71,71,71,71,71,71,71,71],"card_choices":[{"not_picked":["Coolheaded","Auto Shields"],"picked":"Cold Snap","floor":1.0},{"not_picked":["Barrage","Doom and Gloom"],"picked":"Cold Snap","floor":3.0},{"not_picked":["Cold Snap","Coolheaded"],"picked":"Conserve Battery","floor":4.0},{"not_picked":["Steam Power","White Noise"],"picked":"Static Discharge","floor":7.0},{"not_picked":["Rebound","Coolheaded"],"picked":"Core Surge","floor":10.0},{"not_picked":["Cold Snap","BootSequence"],"picked":"Leap","floor":11.0},{"not_picked":["Stack","Beam Cell"],"picked":"Compile Driver","floor":14.0},{"not_picked":["Creative AI","Machine Learning"],"picked":"Echo Form","floor":16},{"not_picked":["Stack","Storm"],"picked":"Auto Shields","floor":18},{"not_picked":["Sweeping Beam","Steam"],"picked":"Conserve Battery","floor":20},{"not_picked":["Streamline+1","Redo"],"picked":"BootSequence+1","floor":22},{"not_picked":["Consume","Double Energy"],"picked":"Chill","floor":24},{"not_picked":["Cold Snap+1","Chaos"],"picked":"Conserve Battery+1","floor":28},{"not_picked":["Auto Shields","Multi-Cast"],"picked":"Ball Lightning","floor":30},{"not_picked":["Compile Driver","BootSequence"],"picked":"Loop","floor":31}],"player_experience":329076,"relics_obtained":[{"floor":9.0,"key":"Centennial Puzzle"},{"floor":12.0,"key":"Bird Faced Urn"},{"floor":19,"key":"Art of War"},{"floor":24,"key":"Omamori"},{"floor":26,"key":"Matryoshka"},{"floor":30,"key":"Happy Flower"}],"event_choices":[{"event_name":"Liars Game","player_choice":"disagreed","floor":2.0,"damage_taken":0.0},{"event_name":"The Cleric","player_choice":"Healed","floor":5.0,"damage_taken":0.0}],"is_beta":false,"boss_relics":[{"not_picked":["Coffee Dripper","Tiny House"],"picked":"White Beast Statue"}],"items_purged_floors":[],"is_endless":false,"potions_floor_spawned":[10,14,18,20,22,24,28,30,31],"killed_by":"Collector","ascension_level":18}