{"gold_per_floor":[118,118,130,95,115,115,130,130,130,158,158,189,204,231,231,330,330,342,15,15,15,27,56,56,89,89,89,118,136,102,115,115,115],"floor_reached":33,"playtime":1165,"items_purged":[],"score":436,"play_id":"9424d230-8704-490b-b2ed-96113d8f78db","local_time":"20180814201034","is_ascension_mode":true,"campfire_choices":[{"data":"Neutralize","floor":6.0,"key":"SMITH"},{"data":"Blade Dance","floor":11.0,"key":"SMITH"},{"data":"Riddle With Holes","floor":15.0,"key":"SMITH"},{"floor":24.0,"key":"REST"},{"data":"Envenom","floor":27.0,"key":"SMITH"},{"floor":32,"key":"REST"}],"neow_cost":"NONE","seed_source_timestamp":0,"circlet_count":0,"master_deck":["Defend_G","Defend_G","Defend_G","Defend_G","Defend_G","Strike_G","Strike_G","Strike_G","Strike_G","Strike_G","Survivor","Neutralize+1","Blade Dance+1","Riddle With Holes+1","Cloak And Dagger+1","Dagger Spray","Cloak And Dagger+1","Dagger Throw","Backflip+1","Envenom+1","Noxious Fumes","Footwork+1","Dash","Corpse Explosion+1","Blade Dance+1","Dagger Spray","Heel Hook","Footwork+1"],"special_seed":0,"relics":["WristBlade","Toxic Egg 2","Pear","Sundial","Orichalcum","White Beast Statue","Frozen Egg 2","Mercury Hourglass","Bag of Preparation","Letter Opener","Gremlin Horn"],"potions_floor_usage":[33,33],"damage_taken":[{"damage":1.0,"enemies":"Cultist","floor":1.0,"turns":5.0},{"damage":0.0,"enemies":"2 Louse","floor":3.0,"turns":3.0},{"damage":9.0,"enemies":"Small Slimes","floor":5.0,"turns":3.0},{"damage":12.0,"enemies":"3 Louse","floor":7.0,"turns":3.0},{"damage":5.0,"enemies":"3 Sentries","floor":10.0,"turns":7.0},{"damage":12.0,"enemies":"Gremlin Nob","floor":12.0,"turns":3.0},{"damage":0.0,"enemies":"2 Fungi Beasts","floor":13.0,"turns":2.0},{"damage":1.0,"enemies":"3 Sentries","floor":14.0,"turns":5.0},{"damage":21.0,"enemies":"The Guardian","floor":16.0,"turns":14.0},{"damage":0.0,"enemies":"3 Byrds","floor":18.0,"turns":5.0},{"damage":1.0,"enemies":"Chosen","floor":22.0,"turns":4.0},{"damage":13.0,"enemies":"Gremlin Leader","floor":23.0,"turns":8.0},{"damage":22.0,"enemies":"Book of Stabbing","floor":25.0,"turns":6.0},{"damage":33.0,"enemies":"Slavers","floor":28.0,"turns":3.0},{"damage":8.0,"enemies":"Snecko","floor":29.0,"turns":3.0},{"damage":0.0,"enemies":"3 Cultists","floor":31.0,"turns":2.0},{"damage":40,"enemies":"Automaton","floor":33,"turns":6}],"seed_played":"4419047055628031469","potions_obtained":[{"floor":5.0,"key":"Explosive Potion"},{"floor":12.0,"key":"EssenceOfSteel"},{"floor":13.0,"key":"SpeedPotion"},{"floor":16.0,"key":"Ancient Potion"},{"floor":18.0,"key":"SpeedPotion"},{"floor":23.0,"key":"SneckoOil"},{"floor":28.0,"key":"Block Potion"},{"floor":29.0,"key":"GhostInAJar"}],"is_trial":false,"path_per_floor":["M","?","M","?","M","R","M","?","T","E","R","E","M","E","R","B",null,"M","$","?","$","M","E","R","E","T","R","E","M","$","M","R"],"character_chosen":"THE_SILENT","items_purchased":["Frozen Egg 2","Footwork+1","Heel Hook"],"campfire_rested":2,"item_purchase_floors":[19,19,30],"current_hp_per_floor":[62,55,55,70,61,61,49,49,49,54,54,42,42,41,41,20,65,65,65,65,65,64,51,75,53,53,53,20,12,12,12,36,0],"gold":115,"neow_bonus":"BOSS_RELIC","is_prod":false,"is_daily":false,"chose_seed":false,"campfire_upgraded":4,"win_rate":0,"timestamp":1534291834,"path_taken":["M","?","?","?","M","R","M","?","T","E","R","E","M","E","R","BOSS","M","$","?","?","M","E","R","E","T","R","E","M","$","M","R","BOSS"],"build_version":"2018-08-09","purchased_purges":0,"victory":false,"max_hp_per_floor":[70,70,70,70,70,70,70,70,70,80,80,80,80,80,80,80,80,80,80,80,80,80,80,80,80,80,80,80,80,80,80,80,80],"card_choices":[{"not_picked":["Deflect","Terror"],"picked":"Blade Dance","floor":1.0},{"not_picked":["PiercingWail","Dagger Spray"],"picked":"Riddle With Holes","floor":3.0},{"not_picked":["Bane","Burst"],"picked":"Cloak And Dagger","floor":5.0},{"not_picked":["Acrobatics","Eviscerate"],"picked":"Dagger Spray","floor":7.0},{"not_picked":["Heel Hook","Deadly Poison+1"],"picked":"Cloak And Dagger+1","floor":10.0},{"not_picked":["Reflex+1","Deflect+1","Underhanded Strike"],"picked":"SKIP","floor":12.0},{"not_picked":["Calculated Gamble+1","Skewer"],"picked":"Dagger Throw","floor":13.0},{"not_picked":["Underhanded Strike","Expertise+1"],"picked":"Backflip+1","floor":14.0},{"not_picked":["Malaise+1","Adrenaline+1"],"picked":"Envenom","floor":16.0},{"not_picked":["Skewer","Acrobatics+1"],"picked":"Noxious Fumes","floor":18.0},{"not_picked":["Flechettes","Poisoned Stab"],"picked":"Dash","floor":22.0},{"not_picked":["Deadly Poison+1","Deflect+1"],"picked":"Corpse Explosion+1","floor":23.0},{"not_picked":["Sucker Punch","Predator"],"picked":"Blade Dance+1","floor":25.0},{"not_picked":["Tactician+1","PiercingWail+1"],"picked":"Dagger Spray","floor":28.0},{"not_picked":["Deadly Poison+1","Corpse Explosion+1","Flechettes"],"picked":"SKIP","floor":29.0},{"not_picked":["Prepared+1","Deflect+1"],"picked":"Footwork+1","floor":31.0}],"player_experience":259795,"relics_obtained":[{"floor":9.0,"key":"Toxic Egg 2"},{"floor":10.0,"key":"Pear"},{"floor":12.0,"key":"Sundial"},{"floor":14.0,"key":"Orichalcum"},{"floor":23.0,"key":"Mercury Hourglass"},{"floor":25.0,"key":"Bag of Preparation"},{"floor":26.0,"key":"Letter Opener"},{"floor":28.0,"key":"Gremlin Horn"}],"event_choices":[{"event_name":"Wheel of Change","player_choice":"Damage","floor":2.0,"damage_taken":0.0},{"event_name":"The Cleric","player_choice":"Healed","floor":4.0,"damage_taken":0.0},{"event_name":"Living Wall","player_choice":"Grow","floor":8.0,"damage_taken":0.0},{"event_name":"Vampires","player_choice":"Ignored","floor":20.0,"damage_taken":0.0}],"is_beta":false,"boss_relics":[{"not_picked":["Cursed Key","Fusion Hammer"],"picked":"White Beast Statue"}],"items_purged_floors":[],"is_endless":false,"potions_floor_spawned":[5,12,13,16,18,22,23,25,28,29,31],"killed_by":"Automaton","ascension_level":7}