{"gold_per_floor":[119,40,115,127,127,153,173,202,202,202,235,235,249,62,62,62],"floor_reached":16,"playtime":331,"items_purged":[],"score":282,"play_id":"eb74e9bd-61b8-48a4-8ab7-75ebf910dc8c","local_time":"20190622205022","is_ascension_mode":true,"campfire_choices":[{"floor":10.0,"key":"REST"},{"data":"Transmutation","floor":15,"key":"SMITH"}],"neow_cost":"NONE","seed_source_timestamp":4869115558741818,"circlet_count":0,"master_deck":["AscendersBane","Strike_R","Strike_R+1","Strike_R","Strike_R","Strike_R","Defend_R","Defend_R","Defend_R+1","Defend_R","Bash","Headbutt","Fiend Fire","Cleave","Shrug It Off","Rampage","Iron Wave","Perfected Strike","Uppercut","Transmutation+1"],"special_seed":0,"relics":["Burning Blood","NeowsBlessing","Mercury Hourglass","Odd Mushroom","Charon\u0027s Ashes","Anchor","Mummified Hand","Golden Idol"],"potions_floor_usage":[16],"damage_taken":[{"damage":0.0,"enemies":"Jaw Worm","floor":1.0,"turns":1.0},{"damage":0.0,"enemies":"Small Slimes","floor":4.0,"turns":1.0},{"damage":0.0,"enemies":"Gremlin Nob","floor":6.0,"turns":1.0},{"damage":21.0,"enemies":"The Mushroom Lair","floor":7.0,"turns":3.0},{"damage":16.0,"enemies":"Lagavulin","floor":8.0,"turns":6.0},{"damage":2,"enemies":"3 Sentries","floor":11,"turns":3},{"damage":0,"enemies":"2 Louse","floor":13,"turns":2},{"damage":36,"enemies":"The Guardian","floor":16,"turns":2}],"seed_played":"-6813109822606395169","potions_obtained":[{"floor":6.0,"key":"Energy Potion"},{"floor":8.0,"key":"SpeedPotion"}],"is_trial":false,"path_per_floor":["M","$","?","M","?","E","?","E","T","R","E","?","M","$","R","B"],"character_chosen":"IRONCLAD","items_purchased":["Fiend Fire","Transmutation"],"campfire_rested":1,"item_purchase_floors":[2,14],"current_hp_per_floor":[74,74,63,69,46,52,37,27,27,49,53,27,33,33,33,0],"gold":62,"neow_bonus":"THREE_ENEMY_KILL","is_prod":false,"is_daily":false,"chose_seed":false,"campfire_upgraded":1,"win_rate":0,"timestamp":1561251022,"path_taken":["M","$","?","M","?","E","?","E","T","R","E","?","M","$","R","BOSS"],"build_version":"2019-06-21","purchased_purges":0,"victory":false,"max_hp_per_floor":[75,75,75,75,75,75,75,75,75,75,75,75,75,75,75,75],"card_choices":[{"not_picked":["True Grit","Twin Strike"],"picked":"Headbutt","floor":1.0},{"not_picked":["Sentinel","Headbutt"],"picked":"Cleave","floor":4.0},{"not_picked":["Sword Boomerang","Clash"],"picked":"Shrug It Off","floor":6.0},{"not_picked":["Rupture","Clash"],"picked":"Rampage","floor":7.0},{"not_picked":["Fire Breathing","Immolate"],"picked":"Iron Wave","floor":8.0},{"not_picked":["Pommel Strike","Rage"],"picked":"Perfected Strike","floor":11},{"not_picked":["Rage","Infernal Blade"],"picked":"Uppercut","floor":13}],"player_experience":772991,"relics_obtained":[{"floor":6.0,"key":"Mercury Hourglass"},{"floor":7.0,"key":"Odd Mushroom"},{"floor":8.0,"key":"Charon\u0027s Ashes"},{"floor":9.0,"key":"Anchor"},{"floor":11,"key":"Mummified Hand"}],"event_choices":[{"damage_healed":0.0,"max_hp_gain":0.0,"max_hp_loss":0.0,"gold_gain":75.0,"event_name":"World of Goop","player_choice":"Gather Gold","floor":3.0,"gold_loss":0.0,"damage_taken":11.0},{"damage_healed":0.0,"max_hp_gain":0.0,"max_hp_loss":0.0,"gold_gain":0.0,"event_name":"Shining Light","player_choice":"Entered Light","floor":5.0,"gold_loss":0.0,"damage_taken":23.0,"cards_upgraded":["Strike_R","Defend_R"]},{"damage_healed":0.0,"max_hp_gain":0.0,"max_hp_loss":0.0,"gold_gain":0.0,"event_name":"Mushrooms","player_choice":"Fought Mushrooms","floor":7.0,"gold_loss":0.0,"damage_taken":0.0},{"damage_healed":0,"gold_gain":0,"player_choice":"Take Damage","damage_taken":26,"relics_obtained":["Golden Idol"],"max_hp_gain":0,"max_hp_loss":0,"event_name":"Golden Idol","floor":12,"gold_loss":0}],"is_beta":true,"boss_relics":[],"items_purged_floors":[],"is_endless":false,"potions_floor_spawned":[6,8,13],"killed_by":"The Guardian","ascension_level":20}