{"gold_per_floor":[119,60,71,71,71,102,117,148,218,218,236,268,283,302,302,378,378,390,6,6,17,34,34,65,115,115,142,142,156,156,173,173,250,250,264,274,274,274,206,206,216,241,289,330,359,400,429,473,485,497,509,521,533,117,150,150],"floor_reached":57,"playtime":3374,"items_purged":["Strike_G","Strike_G"],"score":3289,"play_id":"bfdb7769-1db0-4962-9be6-0d4358a9c758","local_time":"20190706142425","is_ascension_mode":true,"campfire_choices":[{"data":"Crippling Poison","floor":10.0,"key":"SMITH"},{"floor":15.0,"key":"REST"},{"data":"Choke","floor":23.0,"key":"SMITH"},{"floor":30.0,"key":"REST"},{"data":"Survivor","floor":32.0,"key":"SMITH"},{"floor":40.0,"key":"RECALL"},{"data":"Wraith Form v2","floor":49.0,"key":"SMITH"},{"floor":53.0,"key":"REST"}],"neow_cost":"NONE","seed_source_timestamp":271409480768400,"circlet_count":0,"master_deck":["AscendersBane","Strike_G","Defend_G","Defend_G","Defend_G+1","Defend_G","Defend_G+1","Survivor+1","Neutralize+1","Poisoned Stab+1","Bane","Dash","Poisoned Stab+1","Crippling Poison+1","Choke+1","Deadly Poison+1","Adrenaline+1","Deflect+1","Blade Dance+1","Storm of Steel+1","Calculated Gamble+1","Leg Sweep+1","Corpse Explosion+1","Terror+1","Malaise+1","Cloak And Dagger+1","Cloak And Dagger+1","Night Terror+1","Cloak And Dagger+1","Leg Sweep+1","PiercingWail+1","Acrobatics+1","Footwork","Wraith Form v2+1","Blur+1","Footwork","Bandage Up+1","Expertise+1"],"special_seed":0,"relics":["Ring of the Snake","NeowsBlessing","Tough Bandages","Bag of Preparation","Toxic Egg 2","Paper Crane","WristBlade","Membership Card","Dead Branch","Dodecahedron","Regal Pillow","Philosopher\u0027s Stone","Anchor","Shuriken","MawBank","Ice Cream","Mercury Hourglass","Oddly Smooth Stone","Whetstone","War Paint","Lee\u0027s Waffle","Art of War"],"potions_floor_usage":[56,56,56],"damage_taken":[{"damage":0.0,"enemies":"Cultist","floor":1.0,"turns":1.0},{"damage":0.0,"enemies":"Small Slimes","floor":3.0,"turns":1.0},{"damage":0.0,"enemies":"Gremlin Nob","floor":6.0,"turns":1.0},{"damage":0.0,"enemies":"Jaw Worm","floor":7.0,"turns":3.0},{"damage":9.0,"enemies":"3 Sentries","floor":8.0,"turns":11.0},{"damage":13.0,"enemies":"Exordium Thugs","floor":11.0,"turns":5.0},{"damage":8.0,"enemies":"Gremlin Nob","floor":12.0,"turns":3.0},{"damage":0.0,"enemies":"Looter","floor":13.0,"turns":3.0},{"damage":0.0,"enemies":"3 Louse","floor":14.0,"turns":3.0},{"damage":20.0,"enemies":"Hexaghost","floor":16.0,"turns":8.0},{"damage":0.0,"enemies":"Chosen","floor":18.0,"turns":3.0},{"damage":3.0,"enemies":"2 Thieves","floor":21.0,"turns":3.0},{"damage":1.0,"enemies":"Snake Plant","floor":22.0,"turns":5.0},{"damage":0.0,"enemies":"Book of Stabbing","floor":24.0,"turns":4.0},{"damage":3.0,"enemies":"Gremlin Leader","floor":27.0,"turns":4.0},{"damage":0.0,"enemies":"Cultist and Chosen","floor":29.0,"turns":4.0},{"damage":0.0,"enemies":"Centurion and Healer","floor":31.0,"turns":2.0},{"damage":59.0,"enemies":"Champ","floor":33.0,"turns":10.0},{"damage":0.0,"enemies":"3 Darklings","floor":35.0,"turns":3.0},{"damage":0.0,"enemies":"3 Shapes","floor":36.0,"turns":3.0},{"damage":4.0,"enemies":"Transient","floor":41.0,"turns":6.0},{"damage":0.0,"enemies":"Giant Head","floor":42.0,"turns":3.0},{"damage":0.0,"enemies":"Reptomancer","floor":44.0,"turns":2.0},{"damage":0.0,"enemies":"Jaw Worm Horde","floor":45.0,"turns":3.0},{"damage":1.0,"enemies":"Giant Head","floor":46.0,"turns":4.0},{"damage":0.0,"enemies":"4 Shapes","floor":47.0,"turns":3.0},{"damage":0.0,"enemies":"Nemesis","floor":48.0,"turns":5.0},{"damage":0.0,"enemies":"Donu and Deca","floor":50.0,"turns":9.0},{"damage":59.0,"enemies":"Awakened One","floor":51.0,"turns":8.0},{"damage":0.0,"enemies":"Shield and Spear","floor":55.0,"turns":6.0},{"damage":37,"enemies":"The Heart","floor":56,"turns":8}],"seed_played":"-330592603515965441","potions_obtained":[{"floor":8.0,"key":"Explosive Potion"},{"floor":11.0,"key":"SkillPotion"},{"floor":14.0,"key":"LiquidBronze"},{"floor":22.0,"key":"EssenceOfSteel"},{"floor":35.0,"key":"Fruit Juice"},{"floor":41.0,"key":"FairyPotion"}],"is_trial":false,"path_per_floor":["M","$","M","?","?","E","M","E","T","R","M","E","M","M","R","B",null,"M","$","?","M","M","R","E","?","T","E","?","M","R","M","R","B",null,"M","M","?","?","$","R","M","E","T","E","M","E","M","E","R","B","B",null,"R","$","E","B",null],"character_chosen":"THE_SILENT","items_purchased":["Bane","Membership Card","Dead Branch","PiercingWail+1","EntropicBrew","Whetstone","War Paint","Lee\u0027s Waffle","Bandage Up+1"],"campfire_rested":3,"item_purchase_floors":[2,19,19,39,54,54,54,54,54],"current_hp_per_floor":[59,59,59,52,52,52,52,43,43,43,30,22,22,22,41,21,55,55,55,55,52,51,51,51,51,51,48,48,48,66,66,66,7,51,56,56,56,56,56,56,52,52,52,52,52,51,51,51,51,51,7,55,71,78,78,41],"gold":150,"neow_bonus":"THREE_ENEMY_KILL","is_prod":false,"is_daily":false,"chose_seed":false,"campfire_upgraded":4,"win_rate":0,"timestamp":1562419465,"path_taken":["M","?","M","?","?","E","?","E","T","R","M","E","M","M","R","BOSS","M","$","?","M","M","R","E","?","T","E","?","M","R","M","R","BOSS","M","M","?","?","$","R","M","E","T","E","?","E","M","E","R","BOSS","BOSS","R","$","E","BOSS"],"build_version":"2019-07-05","purchased_purges":2,"victory":true,"max_hp_per_floor":[66,66,66,66,66,66,66,66,66,66,66,66,66,66,66,66,66,66,66,66,66,66,66,66,66,66,66,66,66,66,66,66,66,66,71,71,71,71,71,71,71,71,71,71,71,71,71,71,71,71,71,71,71,78,78,78],"card_choices":[{"not_picked":["Masterful Stab","Slice"],"picked":"Poisoned Stab","floor":1.0},{"not_picked":["Bane","Backflip"],"picked":"Dash","floor":3.0},{"not_picked":["Grand Finale","Flying Knee"],"picked":"Poisoned Stab","floor":6.0},{"not_picked":["Flying Knee","Dodge and Roll"],"picked":"Crippling Poison","floor":7.0},{"not_picked":["Setup","Prepared"],"picked":"Choke","floor":8.0},{"not_picked":["Dagger Throw","Blur+1"],"picked":"Deadly Poison+1","floor":11.0},{"not_picked":["Dagger Throw","Slice"],"picked":"Adrenaline+1","floor":12.0},{"not_picked":["Quick Slash","Slice"],"picked":"Deflect+1","floor":13.0},{"not_picked":["Outmaneuver+1","Quick Slash"],"picked":"Blade Dance+1","floor":14.0},{"not_picked":["Doppelganger+1","Grand Finale"],"picked":"Storm of Steel+1","floor":16.0},{"not_picked":["Heel Hook","Poisoned Stab"],"picked":"Calculated Gamble+1","floor":18.0},{"not_picked":["Dagger Throw","Sucker Punch","Setup+1"],"picked":"SKIP","floor":21.0},{"not_picked":["Quick Slash","Backflip+1"],"picked":"Leg Sweep+1","floor":22.0},{"not_picked":["Infinite Blades","Backflip+1"],"picked":"Corpse Explosion+1","floor":24.0},{"not_picked":["Backstab","Heel Hook"],"picked":"Terror+1","floor":27.0},{"not_picked":["Slice","Infinite Blades"],"picked":"Cloak And Dagger+1","floor":29.0},{"not_picked":["Distraction+1","Finisher"],"picked":"Cloak And Dagger+1","floor":31.0},{"not_picked":["Burst+1","Glass Knife"],"picked":"Night Terror+1","floor":33.0},{"not_picked":["Sucker Punch","Blade Dance+1"],"picked":"Cloak And Dagger+1","floor":35.0},{"not_picked":["Poisoned Stab","Eviscerate"],"picked":"Leg Sweep+1","floor":36.0},{"not_picked":["Dagger Spray+1","Venomology+1"],"picked":"Acrobatics+1","floor":41.0},{"not_picked":["Caltrops","PiercingWail+1"],"picked":"Footwork","floor":42.0},{"not_picked":["Riddle With Holes+1","Burst+1"],"picked":"Wraith Form v2","floor":44.0},{"not_picked":["Crippling Poison+1","Sucker Punch","Skewer"],"picked":"SKIP","floor":45.0},{"not_picked":["PiercingWail+1","Deflect+1"],"picked":"Blur+1","floor":46.0},{"not_picked":["Endless Agony","Bane","Underhanded Strike"],"picked":"SKIP","floor":47.0},{"not_picked":["Acrobatics+1","Flying Knee+1"],"picked":"Footwork","floor":48.0},{"not_picked":["Eviscerate","Slice+1"],"picked":"Expertise+1","floor":55.0}],"player_experience":1535675,"relics_obtained":[{"floor":6.0,"key":"Tough Bandages"},{"floor":8.0,"key":"Bag of Preparation"},{"floor":9.0,"key":"Toxic Egg 2"},{"floor":12.0,"key":"Paper Crane"},{"floor":24.0,"key":"Dodecahedron"},{"floor":27.0,"key":"Regal Pillow"},{"floor":38.0,"key":"Anchor"},{"floor":42.0,"key":"Shuriken"},{"floor":43.0,"key":"MawBank"},{"floor":44.0,"key":"Ice Cream"},{"floor":46.0,"key":"Mercury Hourglass"},{"floor":48.0,"key":"Oddly Smooth Stone"},{"floor":55.0,"key":"Art of War"}],"event_choices":[{"cards_removed":["Strike_G"],"damage_healed":0.0,"max_hp_gain":0.0,"max_hp_loss":0.0,"gold_gain":0.0,"event_name":"Golden Wing","player_choice":"Card Removal","floor":4.0,"gold_loss":0.0,"damage_taken":7.0},{"damage_healed":0.0,"max_hp_gain":0.0,"max_hp_loss":0.0,"gold_gain":0.0,"event_name":"Living Wall","player_choice":"Grow","floor":5.0,"gold_loss":0.0,"damage_taken":0.0,"cards_upgraded":["Neutralize"]},{"damage_healed":0.0,"max_hp_gain":0.0,"max_hp_loss":0.0,"gold_gain":0.0,"event_name":"Vampires","player_choice":"Ignored","floor":20.0,"gold_loss":0.0,"damage_taken":0.0},{"damage_healed":0.0,"max_hp_gain":0.0,"max_hp_loss":0.0,"gold_gain":50.0,"event_name":"Nest","player_choice":"Stole From Cult","floor":25.0,"gold_loss":0.0,"damage_taken":0.0},{"damage_healed":0.0,"max_hp_gain":0.0,"max_hp_loss":0.0,"gold_gain":0.0,"event_name":"Match and Keep!","player_choice":"1 cards matched","floor":28.0,"gold_loss":0.0,"damage_taken":0.0,"cards_obtained":["Malaise"]},{"cards_removed":["Strike_G"],"damage_healed":0.0,"max_hp_gain":0.0,"max_hp_loss":0.0,"gold_gain":0.0,"event_name":"Falling","player_choice":"Removed Attack","floor":37.0,"gold_loss":0.0,"damage_taken":0.0},{"damage_healed":0.0,"max_hp_gain":0.0,"max_hp_loss":0.0,"gold_gain":0.0,"event_name":"Wheel of Change","player_choice":"Relic","floor":38.0,"gold_loss":0.0,"damage_taken":0.0}],"is_beta":false,"boss_relics":[{"not_picked":["Black Star","Lizard Tail"],"picked":"WristBlade"},{"not_picked":["Orrery","Astrolabe"],"picked":"Philosopher\u0027s Stone"}],"items_purged_floors":[39,54],"is_endless":false,"potions_floor_spawned":[8,11,14,22,24,27,33,35,41,46,47,48,55],"ascension_level":20}