{"gold_per_floor":[109,109,34,34,49,49,49,78,126,126,139,150,150,174,174,272,272,292,321,331,331,348,365,365,265,290,290,303,330,158,184,196,307,319,342,354],"floor_reached":36,"playtime":1026,"items_purged":["Second Wind","Armaments","Carnage"],"score":455,"play_id":"993242ef-5f32-441e-b2a9-109243c6c4c0","local_time":"20190112191041","daily_mods":["Draft","Heirloom"],"is_ascension_mode":false,"campfire_choices":[{"floor":6,"key":"REST"},{"data":"Havoc","floor":10,"key":"SMITH"},{"floor":15,"key":"REST"},{"floor":27,"key":"REST"},{"floor":32,"key":"REST"}],"neow_cost":"","seed_source_timestamp":0,"circlet_count":0,"master_deck":["Clash","Ghostly Armor","Ghostly Armor","Havoc+1","Headbutt","Anger","Clash","Flex","Flex","Warcry","Clash","Flex","Parasite","Writhe","Parasite"],"relics":["Unceasing Top","StoneCalendar","Pantograph","Vajra","Art of War","Potion Belt","Fusion Hammer","Red Mask","Matryoshka","Oddly Smooth Stone","Pen Nib","Lantern","MawBank","Red Skull","Calling Bell","Dream Catcher","Molten Egg 2","Shovel"],"potions_floor_usage":[],"damage_taken":[{"damage":0,"enemies":"Small Slimes","floor":1,"turns":1},{"damage":0,"enemies":"2 Louse","floor":5,"turns":1},{"damage":5,"enemies":"Gremlin Nob","floor":8,"turns":3},{"damage":11,"enemies":"Jaw Worm","floor":11,"turns":2},{"damage":3,"enemies":"Exordium Thugs","floor":12,"turns":3},{"damage":26,"enemies":"The Guardian","floor":16,"turns":4},{"damage":0,"enemies":"Chosen","floor":18,"turns":2},{"damage":0,"enemies":"Masked Bandits","floor":19,"turns":1},{"damage":0,"enemies":"Shell Parasite","floor":20,"turns":2},{"damage":10,"enemies":"Snake Plant","floor":22,"turns":2},{"damage":0,"enemies":"Centurion and Healer","floor":23,"turns":1},{"damage":0,"enemies":"Cultist and Chosen","floor":28,"turns":2},{"damage":2,"enemies":"Slavers","floor":29,"turns":4},{"damage":0,"enemies":"Collector","floor":33,"turns":1},{"damage":38,"enemies":"3 Darklings","floor":35,"turns":7},{"damage":0,"enemies":"Orb Walker","floor":36,"turns":1}],"seed_played":"5477075770925086041","potions_obtained":[{"floor":1,"key":"EssenceOfSteel"},{"floor":8,"key":"Fire Potion"},{"floor":16,"key":"SmokeBomb"},{"floor":18,"key":"SteroidPotion"},{"floor":19,"key":"SteroidPotion"}],"is_trial":true,"path_per_floor":["M","?","$","?","M","R","$","E","T","R","M","M","?","T","R","B",null,"M","?","M","T","M","M","?","$","T","R","M","E","$","T","R","B",null,"M","M"],"character_chosen":"IRONCLAD","items_purchased":["Flex"],"campfire_rested":4,"item_purchase_floors":[30],"current_hp_per_floor":[80,68,68,61,61,80,80,75,75,75,64,61,61,61,80,54,80,80,80,80,80,70,70,70,70,70,80,80,78,78,78,80,80,80,42,42],"gold":354,"neow_bonus":"","is_prod":false,"is_daily":false,"chose_seed":false,"campfire_upgraded":1,"win_rate":0,"timestamp":1547349041,"path_taken":["M","?","$","?","M","R","?","E","T","R","?","M","?","?","R","BOSS","M","?","M","?","M","?","?","?","T","R","M","E","$","?","R","BOSS","M","M"],"build_version":"2019-01-10","purchased_purges":3,"victory":false,"max_hp_per_floor":[80,80,80,80,80,80,80,80,80,80,80,80,80,80,80,80,80,80,80,80,80,80,80,80,80,80,80,80,80,80,80,80,80,80,80,80],"card_choices":[{"not_picked":["Sever Soul","Disarm"],"picked":"Clash","floor":0},{"not_picked":["Clothesline","Body Slam"],"picked":"Second Wind","floor":0},{"not_picked":["Bloodletting","Shockwave"],"picked":"Ghostly Armor","floor":0},{"not_picked":["Cleave","Iron Wave"],"picked":"Ghostly Armor","floor":0},{"not_picked":["Warcry","Heavy Blade"],"picked":"Havoc","floor":0},{"not_picked":["True Grit","Cleave"],"picked":"Headbutt","floor":0},{"not_picked":["Heavy Blade","Wild Strike"],"picked":"Rupture","floor":0},{"not_picked":["Power Through","Headbutt"],"picked":"Armaments","floor":0},{"not_picked":["Infernal Blade","Warcry"],"picked":"Carnage","floor":0},{"not_picked":["Warcry","Sever Soul"],"picked":"Carnage","floor":0},{"not_picked":["Shockwave","Shrug It Off"],"picked":"Anger","floor":0},{"not_picked":["Sword Boomerang","Corruption"],"picked":"Clash","floor":0},{"not_picked":["Entrench","Armaments"],"picked":"Flex","floor":0},{"not_picked":["Dual Wield","Armaments"],"picked":"Flex","floor":0},{"not_picked":["Sentinel","Heavy Blade"],"picked":"Warcry","floor":0},{"not_picked":["Second Wind","Wild Strike","Shockwave"],"picked":"SKIP","floor":1},{"not_picked":["Reckless Charge","Thunderclap","Sword Boomerang"],"picked":"SKIP","floor":5},{"not_picked":["Impervious","Clothesline","Sword Boomerang"],"picked":"SKIP","floor":8},{"not_picked":["Rage","Iron Wave"],"picked":"Clash","floor":11},{"not_picked":["Shrug It Off","Seeing Red","Anger"],"picked":"SKIP","floor":12},{"not_picked":["Fire Breathing","Metallicize","Thunderclap"],"picked":"SKIP","floor":18},{"not_picked":["Anger","Feel No Pain","Pummel+1"],"picked":"SKIP","floor":20},{"not_picked":["Inflame","Reckless Charge","Fire Breathing"],"picked":"SKIP","floor":22},{"not_picked":["Perfected Strike","Headbutt","Pummel+1"],"picked":"SKIP","floor":23},{"not_picked":["Shrug It Off","Power Through","Burning Pact"],"picked":"SKIP","floor":28},{"not_picked":["Havoc","Barricade","Anger+1"],"picked":"SKIP","floor":29},{"not_picked":["Flex","Battle Trance","Sever Soul+1"],"picked":"SKIP","floor":35}],"player_experience":126986,"relics_obtained":[{"floor":8,"key":"Vajra"},{"floor":9,"key":"Art of War"},{"floor":14,"key":"Potion Belt"},{"floor":19,"key":"Red Mask"},{"floor":21,"key":"Matryoshka"},{"floor":26,"key":"Oddly Smooth Stone"},{"floor":26,"key":"Pen Nib"},{"floor":29,"key":"Lantern"},{"floor":31,"key":"MawBank"},{"floor":31,"key":"Red Skull"},{"floor":34,"key":"Dream Catcher"},{"floor":34,"key":"Molten Egg 2"},{"floor":34,"key":"Shovel"}],"event_choices":[{"damage_healed":0,"gold_gain":0,"player_choice":"Success","damage_taken":12,"relics_obtained":["Pantograph"],"max_hp_gain":0,"max_hp_loss":0,"event_name":"Scrap Ooze","floor":2,"gold_loss":0},{"cards_removed":["Rupture"],"damage_healed":0,"gold_gain":0,"player_choice":"Card Removal","damage_taken":7,"max_hp_gain":0,"max_hp_loss":0,"event_name":"Golden Wing","floor":4,"gold_loss":0},{"cards_removed":["Carnage"],"damage_healed":0,"gold_gain":0,"player_choice":"Forget","damage_taken":0,"max_hp_gain":0,"max_hp_loss":0,"event_name":"Living Wall","floor":13,"gold_loss":0},{"damage_healed":0,"gold_gain":0,"player_choice":"Fought Bandits","damage_taken":0,"max_hp_gain":0,"max_hp_loss":0,"event_name":"Masked Bandits","floor":19,"gold_loss":0},{"damage_healed":0,"gold_gain":0,"player_choice":"Ignored","damage_taken":0,"max_hp_gain":0,"max_hp_loss":0,"event_name":"The Mausoleum","floor":24,"gold_loss":0}],"is_beta":false,"boss_relics":[{"not_picked":["Snecko Eye","Eternal Feather"],"picked":"Fusion Hammer"},{"not_picked":["Orrery","Velvet Choker"],"picked":"Calling Bell"}],"items_purged_floors":[3,25,30],"is_endless":false,"potions_floor_spawned":[1,8,16,18,19,22,33],"killed_by":"Orb Walker","ascension_level":0}