{"gold_per_floor":[19,29,41,41,53,53,143,143,143,162,179,179],"floor_reached":12,"playtime":478,"items_purged":[],"score":173,"play_id":"16be8ba8-83e1-4a25-8383-194a19e30eb6","local_time":"20190621165345","is_ascension_mode":true,"campfire_choices":[{"data":"Shockwave","floor":6.0,"key":"SMITH"}],"neow_cost":"NO_GOLD","seed_source_timestamp":0,"circlet_count":0,"master_deck":["AscendersBane","Strike_R","Strike_R","Strike_R","Strike_R","Defend_R","Defend_R","Defend_R","Defend_R","Bash","Feed","Shockwave+1","Warcry","Twin Strike","Barricade","Whirlwind","Cleave"],"special_seed":0,"relics":["Burning Blood","Tiny Chest","Pear"],"potions_floor_usage":[],"damage_taken":[{"damage":8.0,"enemies":"2 Louse","floor":1.0,"turns":3.0},{"damage":7.0,"enemies":"Jaw Worm","floor":2.0,"turns":5.0},{"damage":6.0,"enemies":"Cultist","floor":3.0,"turns":3.0},{"damage":0.0,"enemies":"Lots of Slimes","floor":4.0,"turns":1.0},{"damage":24.0,"enemies":"Red Slaver","floor":5.0,"turns":4.0},{"damage":35.0,"enemies":"3 Sentries","floor":7.0,"turns":7.0},{"damage":11.0,"enemies":"Looter","floor":10.0,"turns":5.0},{"damage":43.0,"enemies":"Exordium Thugs","floor":11.0,"turns":5.0},{"damage":15,"enemies":"3 Sentries","floor":12,"turns":2}],"seed_played":"4017201596381605093","potions_obtained":[{"floor":1.0,"key":"SmokeBomb"},{"floor":5.0,"key":"PowerPotion"}],"is_trial":false,"path_per_floor":["M","M","M","M","M","R","?","?","T","M","M","E"],"character_chosen":"IRONCLAD","items_purchased":[],"campfire_rested":0,"item_purchase_floors":[],"current_hp_per_floor":[69,71,74,80,65,65,39,39,49,44,10,0],"gold":179,"neow_bonus":"THREE_RARE_CARDS","is_prod":false,"is_daily":false,"chose_seed":false,"campfire_upgraded":1,"win_rate":0,"timestamp":1561150425,"path_taken":["M","M","M","M","M","R","?","?","T","M","M","E"],"build_version":"2019-01-23","purchased_purges":0,"victory":false,"max_hp_per_floor":[78,81,84,84,87,87,90,90,100,100,103,103],"card_choices":[{"not_picked":["Reaper","Dark Embrace"],"picked":"Feed","floor":0.0},{"not_picked":["Pommel Strike","Hemokinesis"],"picked":"Shockwave","floor":1.0},{"not_picked":["Wild Strike","Reckless Charge"],"picked":"Warcry","floor":2.0},{"not_picked":["Sentinel","Havoc","Wild Strike"],"picked":"SKIP","floor":3.0},{"not_picked":["Pommel Strike","Hemokinesis"],"picked":"Twin Strike","floor":5.0},{"not_picked":["Sever Soul","Warcry"],"picked":"Whirlwind","floor":10.0},{"not_picked":["Thunderclap","Blood for Blood"],"picked":"Cleave","floor":11.0}],"player_experience":768081,"relics_obtained":[{"floor":7.0,"key":"Tiny Chest"},{"floor":9.0,"key":"Pear"}],"event_choices":[{"damage_healed":0.0,"max_hp_gain":0.0,"max_hp_loss":0.0,"gold_gain":0.0,"event_name":"Dead Adventurer","player_choice":"Searched \u00272\u0027 times","floor":7.0,"gold_loss":0.0,"damage_taken":0.0},{"damage_healed":0.0,"max_hp_gain":0.0,"max_hp_loss":0.0,"gold_gain":0.0,"cards_transformed":["Strike_R"],"event_name":"Transmorgrifier","player_choice":"Transformed","floor":8.0,"gold_loss":0.0,"damage_taken":0.0,"cards_obtained":["Barricade"]}],"is_beta":false,"boss_relics":[],"items_purged_floors":[],"is_endless":false,"potions_floor_spawned":[1,5],"killed_by":"3 Sentries","ascension_level":20}