{"gold_per_floor":[19,32,45,64,64,64,96,96,178,178,191,221,98,129,129,224,224,243,243,143,143,160,160,190,190,213,138,171,121,151,164,164,264,264,281,281,292,292,306,306,341,341,366,396,141,159,159,169,169,169,169,169,30,55,55],"floor_reached":56,"playtime":2599,"items_purged":["Strike_B","Strike_B","Ball Lightning","Defend_B+1"],"score":1676,"play_id":"f66619a1-9674-436c-954a-0864003dc7f9","local_time":"20190708014613","is_ascension_mode":true,"campfire_choices":[{"data":"Zap","floor":6.0,"key":"SMITH"},{"data":"Hologram","floor":10.0,"key":"SMITH"},{"data":"Coolheaded","floor":15,"key":"SMITH"},{"data":"Coolheaded","floor":23,"key":"SMITH"},{"data":"Biased Cognition","floor":25,"key":"SMITH"},{"data":"Dualcast","floor":32,"key":"SMITH"},{"floor":40,"key":"RECALL"},{"floor":42,"key":"REST"},{"floor":49,"key":"REST"},{"floor":52,"key":"REST"}],"neow_cost":"NO_GOLD","seed_source_timestamp":98570384410140,"circlet_count":0,"master_deck":["Defend_B+1","Zap+1","Dualcast+1","Gash","Hologram+1","Coolheaded+1","Coolheaded+1","Beam Cell+1","Biased Cognition+1","Electrodynamics","Gash","Coolheaded+1","Defragment+1","Gash","Panache","Skim+1","White Noise","Echo Form"],"special_seed":0,"relics":["Cracked Core","Mango","Pantograph","PreservedInsect","Meat on the Bone","Nuclear Battery","Centennial Puzzle","Smiling Mask","Gremlin Horn","Fusion Hammer","Torii","Strawberry","Bird Faced Urn"],"potions_floor_usage":[14,28,55,55,55],"damage_taken":[{"damage":0.0,"enemies":"2 Louse","floor":1.0,"turns":3.0},{"damage":2.0,"enemies":"Jaw Worm","floor":2.0,"turns":3.0},{"damage":0.0,"enemies":"Cultist","floor":3.0,"turns":2.0},{"damage":1.0,"enemies":"2 Fungi Beasts","floor":4.0,"turns":3.0},{"damage":20.0,"enemies":"Lagavulin","floor":7.0,"turns":7.0},{"damage":25.0,"enemies":"Gremlin Gang","floor":11.0,"turns":5.0},{"damage":13.0,"enemies":"3 Sentries","floor":12.0,"turns":6.0},{"damage":0,"enemies":"Gremlin Nob","floor":14,"turns":2},{"damage":39,"enemies":"The Guardian","floor":16,"turns":14},{"damage":11,"enemies":"3 Byrds","floor":18,"turns":4},{"damage":5,"enemies":"2 Thieves","floor":22,"turns":4},{"damage":13,"enemies":"Gremlin Leader","floor":24,"turns":4},{"damage":8,"enemies":"Slavers","floor":28,"turns":2},{"damage":0,"enemies":"Gremlin Leader","floor":30,"turns":3},{"damage":0,"enemies":"Snake Plant","floor":31,"turns":3},{"damage":0,"enemies":"Collector","floor":33,"turns":4},{"damage":0,"enemies":"3 Darklings","floor":35,"turns":3},{"damage":0,"enemies":"Orb Walker","floor":37,"turns":3},{"damage":0,"enemies":"Maw","floor":39,"turns":5},{"damage":1,"enemies":"Nemesis","floor":41,"turns":4},{"damage":0,"enemies":"Giant Head","floor":44,"turns":6},{"damage":1,"enemies":"Writhing Mass","floor":46,"turns":3},{"damage":0,"enemies":"Transient","floor":48,"turns":5},{"damage":32,"enemies":"Awakened One","floor":50,"turns":7},{"damage":22,"enemies":"Shield and Spear","floor":54,"turns":3},{"damage":79,"enemies":"The Heart","floor":55,"turns":7}],"seed_played":"1534522175916415662","potions_obtained":[{"floor":4.0,"key":"SteroidPotion"},{"floor":7.0,"key":"FocusPotion"},{"floor":16,"key":"Block Potion"},{"floor":18,"key":"Fire Potion"},{"floor":22,"key":"LiquidBronze"},{"floor":28,"key":"FairyPotion"},{"floor":30,"key":"Energy Potion"},{"floor":46,"key":"PowerPotion"},{"floor":48,"key":"Dexterity Potion"}],"is_trial":false,"path_per_floor":["M","M","M","M","?","R","E","?","T","R","M","E","$","E","R","B",null,"M","?","$","?","M","R","E","R","T","?","E","$","E","M","R","B",null,"M","?","M","T","M","R","E","R","T","E","$","M","$","M","R","B",null,"R","$","E","B",null],"character_chosen":"DEFECT","items_purchased":["Coolheaded","Gash","Panache","FocusPotion","White Noise"],"campfire_rested":3,"item_purchase_floors":[13,45,45,53,53],"current_hp_per_floor":[75,73,73,72,57,57,51,56,56,56,31,18,18,18,18,16,75,64,64,64,64,59,59,58,58,58,58,50,50,50,50,50,75,89,89,89,89,89,89,89,95,101,101,101,101,100,100,100,101,69,93,101,101,79,47],"gold":55,"neow_bonus":"REMOVE_TWO","is_prod":false,"is_daily":false,"chose_seed":false,"campfire_upgraded":6,"win_rate":0,"timestamp":1562543173,"path_taken":["M","M","M","M","?","R","E","?","T","R","M","E","?","E","R","BOSS","M","?","?","?","?","R","E","R","T","?","E","$","E","M","R","BOSS","M","?","M","?","M","R","E","R","T","E","$","M","?","M","R","BOSS","R","$","E","BOSS"],"build_version":"2019-07-05","purchased_purges":4,"victory":true,"max_hp_per_floor":[75,75,75,75,75,75,89,94,94,94,94,94,94,94,94,94,94,94,94,94,94,94,94,94,94,94,94,94,94,94,94,94,94,94,94,94,94,94,94,94,101,101,101,101,101,101,101,101,101,101,101,101,101,101,101],"card_choices":[{"not_picked":["Cold Snap","Go for the Eyes"],"picked":"Gash","floor":1.0},{"not_picked":["Aggregate","Doom and Gloom"],"picked":"Ball Lightning","floor":2.0},{"not_picked":["Stack","Streamline","Rebound"],"picked":"SKIP","floor":3.0},{"not_picked":["Darkness","Recycle"],"picked":"Hologram","floor":4.0},{"not_picked":["Redo","Conserve Battery"],"picked":"Coolheaded","floor":7.0},{"not_picked":["Compile Driver","Undo","Barrage"],"picked":"SKIP","floor":11.0},{"not_picked":["Multi-Cast","Fusion","Streamline"],"picked":"SKIP","floor":12.0},{"not_picked":["Go for the Eyes","Compile Driver"],"picked":"Beam Cell","floor":14},{"not_picked":["Seek","Buffer"],"picked":"Biased Cognition","floor":16},{"not_picked":["Storm+1","Rip and Tear","Coolheaded"],"picked":"SKIP","floor":18},{"not_picked":["Stack","Cold Snap+1","Chill+1"],"picked":"SKIP","floor":22},{"not_picked":["Sweeping Beam","Aggregate"],"picked":"Electrodynamics","floor":24},{"not_picked":["Leap+1","Sweeping Beam","Darkness"],"picked":"SKIP","floor":28},{"not_picked":["Barrage","Ball Lightning"],"picked":"Gash","floor":30},{"not_picked":["Leap","Barrage+1","Cold Snap"],"picked":"SKIP","floor":31},{"not_picked":["Cold Snap+1","Force Field","Sweeping Beam"],"picked":"SKIP","floor":35},{"not_picked":["Auto Shields","Static Discharge"],"picked":"Coolheaded+1","floor":37},{"not_picked":["Go for the Eyes","Beam Cell+1","Auto Shields"],"picked":"SKIP","floor":39},{"not_picked":["Cold Snap","Redo","Sweeping Beam+1"],"picked":"SKIP","floor":41},{"not_picked":["Cold Snap+1","White Noise+1"],"picked":"Defragment+1","floor":44},{"not_picked":["Scrape","Turbo","Redo+1"],"picked":"SKIP","floor":46},{"not_picked":["Sweeping Beam","Steam Power+1"],"picked":"Skim+1","floor":48},{"not_picked":["Tempest","Compile Driver"],"picked":"Echo Form","floor":54}],"player_experience":30119,"relics_obtained":[{"floor":7.0,"key":"Mango"},{"floor":9.0,"key":"Pantograph"},{"floor":12.0,"key":"PreservedInsect"},{"floor":14,"key":"Meat on the Bone"},{"floor":26,"key":"Centennial Puzzle"},{"floor":28,"key":"Smiling Mask"},{"floor":30,"key":"Gremlin Horn"},{"floor":38,"key":"Torii"},{"floor":41,"key":"Strawberry"},{"floor":54,"key":"Bird Faced Urn"}],"event_choices":[{"damage_healed":0.0,"max_hp_gain":0.0,"max_hp_loss":0.0,"gold_gain":0.0,"event_name":"Shining Light","player_choice":"Entered Light","floor":5.0,"gold_loss":0.0,"damage_taken":15.0,"cards_upgraded":["Defend_B","Defend_B"]},{"damage_healed":0.0,"max_hp_gain":5.0,"max_hp_loss":0.0,"gold_gain":0.0,"event_name":"Big Fish","player_choice":"Donut","floor":8.0,"gold_loss":0.0,"damage_taken":0.0},{"damage_healed":0,"gold_gain":0,"player_choice":"Upgraded","damage_taken":0,"max_hp_gain":0,"max_hp_loss":0,"event_name":"Upgrade Shrine","floor":19,"gold_loss":0,"cards_upgraded":["Beam Cell"]},{"cards_removed":["Defend_B"],"damage_healed":0,"gold_gain":0,"player_choice":"Offered Basic","damage_taken":0,"max_hp_gain":0,"max_hp_loss":0,"event_name":"Bonfire Elementals","floor":21,"gold_loss":0},{"cards_removed":["Defend_B"],"damage_healed":0,"gold_gain":0,"player_choice":"Gave Gold","damage_taken":0,"max_hp_gain":0,"max_hp_loss":0,"event_name":"Beggar","floor":27,"gold_loss":75},{"damage_healed":0,"gold_gain":0,"player_choice":"Ignored","damage_taken":0,"max_hp_gain":0,"max_hp_loss":0,"event_name":"Mysterious Sphere","floor":36,"gold_loss":0}],"is_beta":false,"boss_relics":[{"not_picked":["Calling Bell","Busted Crown"],"picked":"Nuclear Battery"},{"not_picked":["Velvet Choker","Runic Dome"],"picked":"Fusion Hammer"}],"items_purged_floors":[13,20,29,45],"is_endless":false,"potions_floor_spawned":[4,7,16,18,22,28,30,33,44,46,48],"ascension_level":5}