{"gold_per_floor":[111,111,126,126,37,67,86,108,131,150,150,150,166,3,3,3],"floor_reached":16,"playtime":388,"items_purged":[],"score":200,"play_id":"68a811da-e814-4501-8f80-462bcb64e775","local_time":"20190614145759","is_ascension_mode":true,"campfire_choices":[{"floor":12,"key":"REST"},{"data":"Noxious Fumes","floor":15,"key":"SMITH"}],"neow_cost":"NONE","seed_source_timestamp":4156870051657174,"circlet_count":0,"master_deck":["AscendersBane","Defend_G","Defend_G","Defend_G","Defend_G","Defend_G","Strike_G","Strike_G","Strike_G","Strike_G","Strike_G","Survivor","Neutralize+1","Poisoned Stab","Dagger Spray","Noxious Fumes+1","Predator","Sucker Punch","A Thousand Cuts","Escape Plan","Cloak And Dagger","Footwork","Dash"],"relics":["Ring of the Snake","Ancient Tea Set","Boot","Odd Mushroom","Strawberry"],"potions_floor_usage":[6,8],"damage_taken":[{"damage":0,"enemies":"2 Louse","floor":1,"turns":3},{"damage":1,"enemies":"Small Slimes","floor":3,"turns":3},{"damage":28,"enemies":"Gremlin Nob","floor":6,"turns":5},{"damage":4,"enemies":"Jaw Worm","floor":7,"turns":4},{"damage":11,"enemies":"The Mushroom Lair","floor":8,"turns":3},{"damage":3,"enemies":"Looter","floor":10,"turns":3},{"damage":0,"enemies":"2 Fungi Beasts","floor":13,"turns":3},{"damage":36,"enemies":"Hexaghost","floor":16,"turns":10}],"seed_played":"9044654219761096432","potions_obtained":[{"floor":3,"key":"Block Potion"},{"floor":6,"key":"Swift Potion"},{"floor":8,"key":"Ancient Potion"}],"is_trial":false,"path_per_floor":["M","?","M","?","$","E","M","?","T","M","$","R","M","$","R","B"],"character_chosen":"THE_SILENT","items_purchased":["Noxious Fumes","Footwork","Dash"],"campfire_rested":1,"item_purchase_floors":[5,14,14],"current_hp_per_floor":[59,64,63,52,52,24,20,9,16,13,13,36,36,36,36,0],"gold":3,"neow_bonus":"UPGRADE_CARD","is_prod":false,"is_daily":false,"chose_seed":false,"campfire_upgraded":1,"win_rate":0,"timestamp":1560538679,"path_taken":["M","?","M","?","$","E","?","?","T","M","$","R","M","$","R","BOSS"],"build_version":"2019-01-23","purchased_purges":0,"victory":false,"max_hp_per_floor":[66,71,71,71,71,71,71,71,78,78,78,78,78,78,78,78],"card_choices":[{"not_picked":["Dagger Throw","Quick Slash"],"picked":"Poisoned Stab","floor":1},{"not_picked":["Prepared","Riddle With Holes"],"picked":"Dagger Spray","floor":3},{"not_picked":["Prepared","PiercingWail"],"picked":"Predator","floor":6},{"not_picked":["Prepared","Bouncing Flask","Sucker Punch"],"picked":"SKIP","floor":7},{"not_picked":["Prepared","Bouncing Flask"],"picked":"Sucker Punch","floor":7},{"not_picked":["Quick Slash","Choke"],"picked":"A Thousand Cuts","floor":8},{"not_picked":["Quick Slash","Finisher"],"picked":"Escape Plan","floor":10},{"not_picked":["Slice","Bane"],"picked":"Cloak And Dagger","floor":13}],"player_experience":736502,"relics_obtained":[{"floor":6,"key":"Boot"},{"floor":8,"key":"Odd Mushroom"},{"floor":9,"key":"Strawberry"}],"event_choices":[{"damage_healed":0,"gold_gain":0,"player_choice":"Donut","damage_taken":0,"max_hp_gain":5,"max_hp_loss":0,"event_name":"Big Fish","floor":2,"gold_loss":0},{"damage_healed":0,"gold_gain":0,"player_choice":"Success","damage_taken":11,"relics_obtained":["Ancient Tea Set"],"max_hp_gain":0,"max_hp_loss":0,"event_name":"Scrap Ooze","floor":4,"gold_loss":0},{"damage_healed":0,"gold_gain":0,"player_choice":"Fought Mushrooms","damage_taken":0,"max_hp_gain":0,"max_hp_loss":0,"event_name":"Mushrooms","floor":8,"gold_loss":0}],"is_beta":false,"boss_relics":[],"items_purged_floors":[],"is_endless":false,"potions_floor_spawned":[3,6,8],"killed_by":"Hexaghost","ascension_level":20}