{"gold_per_floor":[109,124,124,124,141,141,166,178,263,275,313,325,337,383,395,501,513,550,134,134,108,108,108,123,123,123,123,123,123,143,166,166,255,255,268,282,615,631,243,278,278,311,311,341,352,367,367,381,381,381],"floor_reached":50,"playtime":2545,"items_purged":["Strike_G","Strike_G+1"],"score":1441,"play_id":"a9897d98-29ff-4049-95ad-4d44cfb9f477","local_time":"20190702161142","is_ascension_mode":true,"campfire_choices":[{"data":"Neutralize","floor":6.0,"key":"SMITH"},{"data":"Slice","floor":8.0,"key":"SMITH"},{"floor":10.0,"key":"REST"},{"data":"Dodge and Roll","floor":12.0,"key":"SMITH"},{"data":"Burst","floor":15.0,"key":"SMITH"},{"data":"Footwork","floor":23.0,"key":"SMITH"},{"data":"Noxious Fumes","floor":29.0,"key":"SMITH"},{"data":"Bandage Up","floor":32.0,"key":"SMITH"},{"data":"A Thousand Cuts","floor":47.0,"key":"SMITH"},{"floor":49.0,"key":"RECALL"}],"neow_cost":"NONE","seed_source_timestamp":0,"circlet_count":0,"master_deck":["AscendersBane","Strike_G+1","Strike_G+1","Defend_G+1","Defend_G+1","Defend_G+1","Defend_G+1","Defend_G+1","Survivor","Neutralize+1","Masterful Stab","Slice+1","Neutralize+1","Quick Slash","Dodge and Roll+1","Burst+1","A Thousand Cuts+1","Footwork+1","Bandage Up+1","PiercingWail+1","Noxious Fumes+1","Caltrops","Blur","Corpse Explosion","Blur+1","Blur+1","Glass Knife","Dodge and Roll+1","Sucker Punch","Dagger Spray+1"],"special_seed":0,"relics":["Ring of the Snake","Ancient Tea Set","Shuriken","Ice Cream","Odd Mushroom","Coffee Dripper","Bag of Marbles","Nloth\u0027s Gift","Incense Burner","Eternal Feather","Kunai","War Paint","Sundial","The Courier"],"potions_floor_usage":[50],"damage_taken":[{"damage":2.0,"enemies":"Jaw Worm","floor":1.0,"turns":5.0},{"damage":1.0,"enemies":"Small Slimes","floor":2.0,"turns":3.0},{"damage":0.0,"enemies":"Cultist","floor":5.0,"turns":3.0},{"damage":22.0,"enemies":"Gremlin Nob","floor":7.0,"turns":4.0},{"damage":17.0,"enemies":"Lagavulin","floor":11.0,"turns":5.0},{"damage":3.0,"enemies":"The Mushroom Lair","floor":14.0,"turns":4.0},{"damage":5.0,"enemies":"The Guardian","floor":16.0,"turns":15.0},{"damage":10.0,"enemies":"Spheric Guardian","floor":18.0,"turns":4.0},{"damage":0.0,"enemies":"2 Thieves","floor":21.0,"turns":4.0},{"damage":0.0,"enemies":"Snecko","floor":24.0,"turns":7.0},{"damage":0.0,"enemies":"Book of Stabbing","floor":27.0,"turns":1.0},{"damage":10.0,"enemies":"Shelled Parasite and Fungi","floor":30.0,"turns":6.0},{"damage":31.0,"enemies":"Chosen and Byrds","floor":31.0,"turns":7.0},{"damage":19.0,"enemies":"Automaton","floor":33.0,"turns":12.0},{"damage":0.0,"enemies":"3 Shapes","floor":35.0,"turns":3.0},{"damage":5.0,"enemies":"Orb Walker","floor":36.0,"turns":4.0},{"damage":38.0,"enemies":"Transient","floor":38.0,"turns":6.0},{"damage":23.0,"enemies":"Giant Head","floor":40.0,"turns":13.0},{"damage":4.0,"enemies":"Reptomancer","floor":42.0,"turns":9.0},{"damage":20.0,"enemies":"Nemesis","floor":44.0,"turns":11.0},{"damage":0.0,"enemies":"Spire Growth","floor":45.0,"turns":6.0},{"damage":0.0,"enemies":"Maw","floor":46.0,"turns":9.0},{"damage":16.0,"enemies":"Sphere and 2 Shapes","floor":48.0,"turns":8.0},{"damage":63,"enemies":"Time Eater","floor":50,"turns":17}],"seed_played":"-5738329018992273249","potions_obtained":[{"floor":1.0,"key":"Poison Potion"},{"floor":5.0,"key":"SmokeBomb"},{"floor":11.0,"key":"Dexterity Potion"},{"floor":30.0,"key":"Strength Potion"},{"floor":33.0,"key":"SteroidPotion"},{"floor":35.0,"key":"AttackPotion"},{"floor":38.0,"key":"Explosive Potion"},{"floor":42.0,"key":"Regen Potion"},{"floor":46.0,"key":"Energy Potion"}],"is_trial":false,"path_per_floor":["M","M","?","?","M","R","E","R","T","R","E","R","?","?","R","B",null,"M","$","?","M","?","R","M","?","T","E","?","R","M","M","R","B",null,"M","M","?","M","$","E","?","E","T","E","M","M","R","M","R","B"],"character_chosen":"THE_SILENT","items_purchased":["Regen Potion","Bag of Marbles","Bandage Up","Kunai"],"campfire_rested":1,"item_purchase_floors":[19,19,19,39],"current_hp_per_floor":[57,56,56,56,56,56,34,34,34,53,36,36,36,33,33,28,52,42,42,42,46,46,46,50,50,50,54,54,54,48,36,36,23,51,51,52,52,22,22,5,5,7,7,8,14,20,38,28,46,0],"gold":381,"neow_bonus":"RANDOM_COMMON_RELIC","is_prod":false,"is_daily":false,"chose_seed":false,"campfire_upgraded":8,"win_rate":0,"timestamp":1562098302,"path_taken":["M","M","?","?","?","R","E","R","T","R","E","R","?","?","R","BOSS","M","$","?","M","?","R","?","?","T","E","?","R","M","M","R","BOSS","M","M","?","M","$","E","?","E","T","E","?","M","R","M","R","BOSS"],"build_version":"2019-07-01","purchased_purges":2,"victory":false,"max_hp_per_floor":[66,66,66,66,66,66,66,66,66,66,66,66,60,60,60,60,60,60,60,60,60,60,60,60,60,60,60,60,60,60,60,60,60,60,60,60,60,60,60,60,60,60,60,60,60,60,60,60,60,60],"card_choices":[{"not_picked":["Acrobatics","Blade Dance"],"picked":"Masterful Stab","floor":1.0},{"not_picked":["PiercingWail","Quick Slash"],"picked":"Slice","floor":2.0},{"not_picked":["Acrobatics","Prepared","Underhanded Strike"],"picked":"SKIP","floor":5.0},{"not_picked":["Skewer","Calculated Gamble"],"picked":"Dodge and Roll","floor":7.0},{"not_picked":["Masterful Stab","Bane","Prepared"],"picked":"SKIP","floor":11.0},{"not_picked":["Blade Dance","Dagger Throw"],"picked":"Burst","floor":14.0},{"not_picked":["Doppelganger","Wraith Form v2"],"picked":"A Thousand Cuts","floor":16.0},{"not_picked":["Dagger Throw","Backflip"],"picked":"Footwork","floor":18.0},{"not_picked":["Quick Slash","Flying Knee"],"picked":"PiercingWail","floor":21.0},{"not_picked":["Deadly Poison","Finisher+1"],"picked":"Noxious Fumes","floor":24.0},{"not_picked":["Night Terror","Acrobatics"],"picked":"Caltrops","floor":30.0},{"not_picked":["Flechettes","Slice"],"picked":"Blur","floor":31.0},{"not_picked":["Tools of the Trade","Phantasmal Killer"],"picked":"Corpse Explosion","floor":33.0},{"not_picked":["Reflex","Deadly Poison","PiercingWail"],"picked":"SKIP","floor":35.0},{"not_picked":["Concentrate","Infinite Blades+1","Blade Dance"],"picked":"SKIP","floor":36.0},{"not_picked":["Slice","Quick Slash"],"picked":"Blur","floor":38.0},{"not_picked":["Reflex+1","Storm of Steel","Poisoned Stab+1"],"picked":"SKIP","floor":40.0},{"not_picked":["A Thousand Cuts","Underhanded Strike+1"],"picked":"Glass Knife","floor":42.0},{"not_picked":["Skewer","Tactician+1"],"picked":"Dodge and Roll+1","floor":44.0},{"not_picked":["Outmaneuver","Slice"],"picked":"Sucker Punch","floor":45.0},{"not_picked":["Concentrate+1","Escape Plan"],"picked":"Dagger Spray+1","floor":46.0},{"not_picked":["Setup","Endless Agony","Poisoned Stab"],"picked":"SKIP","floor":48.0}],"player_experience":834857,"relics_obtained":[{"floor":7.0,"key":"MawBank"},{"floor":9.0,"key":"Shuriken"},{"floor":11.0,"key":"Ice Cream"},{"floor":14.0,"key":"Odd Mushroom"},{"floor":26.0,"key":"Incense Burner"},{"floor":40.0,"key":"War Paint"},{"floor":42.0,"key":"Sundial"},{"floor":44.0,"key":"The Courier"}],"event_choices":[{"damage_healed":0.0,"max_hp_gain":0.0,"max_hp_loss":0.0,"gold_gain":0.0,"event_name":"Living Wall","player_choice":"Grow","floor":3.0,"gold_loss":0.0,"damage_taken":0.0,"cards_upgraded":["Neutralize"]},{"damage_healed":0.0,"max_hp_gain":0.0,"max_hp_loss":0.0,"gold_gain":0.0,"event_name":"Match and Keep!","player_choice":"2 cards matched","floor":4.0,"gold_loss":0.0,"damage_taken":0.0,"cards_obtained":["Neutralize","Quick Slash"]},{"damage_healed":0.0,"max_hp_gain":0.0,"max_hp_loss":6.0,"gold_gain":0.0,"event_name":"Golden Idol","player_choice":"Lose Max HP","floor":13.0,"gold_loss":0.0,"damage_taken":0.0,"relics_obtained":["Golden Idol"]},{"damage_healed":0.0,"max_hp_gain":0.0,"max_hp_loss":0.0,"gold_gain":0.0,"event_name":"Mushrooms","player_choice":"Fought Mushrooms","floor":14.0,"gold_loss":0.0,"damage_taken":0.0},{"damage_healed":0.0,"max_hp_gain":0.0,"max_hp_loss":0.0,"gold_gain":0.0,"event_name":"Back to Basics","player_choice":"Simplicity","floor":20.0,"gold_loss":0.0,"damage_taken":0.0,"cards_upgraded":["Strike_G","Strike_G","Strike_G","Strike_G","Defend_G","Defend_G","Defend_G","Defend_G","Defend_G"]},{"damage_healed":0.0,"max_hp_gain":0.0,"max_hp_loss":0.0,"gold_gain":0.0,"event_name":"N\u0027loth","player_choice":"Traded Relic","floor":22.0,"relics_lost":["MawBank"],"gold_loss":0.0,"damage_taken":0.0,"relics_obtained":["Nloth\u0027s Gift"]},{"damage_healed":0.0,"max_hp_gain":0.0,"max_hp_loss":0.0,"gold_gain":0.0,"event_name":"Cursed Tome","player_choice":"Ignored","floor":25.0,"gold_loss":0.0,"damage_taken":0.0},{"cards_removed":["Strike_G"],"damage_healed":0.0,"max_hp_gain":0.0,"max_hp_loss":0.0,"gold_gain":0.0,"event_name":"Bonfire Elementals","player_choice":"Offered Basic","floor":28.0,"gold_loss":0.0,"damage_taken":0.0},{"damage_healed":0.0,"max_hp_gain":0.0,"max_hp_loss":0.0,"gold_gain":333.0,"event_name":"The Moai Head","player_choice":"Gave Idol","floor":37.0,"relics_lost":["Golden Idol"],"gold_loss":0.0,"damage_taken":0.0},{"damage_healed":0.0,"max_hp_gain":0.0,"max_hp_loss":0.0,"gold_gain":0.0,"event_name":"Duplicator","player_choice":"Copied","floor":41.0,"gold_loss":0.0,"damage_taken":0.0,"cards_obtained":["Blur"]}],"is_beta":false,"boss_relics":[{"not_picked":["Fusion Hammer","Astrolabe"],"picked":"Coffee Dripper"},{"not_picked":["Tiny House","Calling Bell"],"picked":"Eternal Feather"}],"items_purged_floors":[19,39],"is_endless":false,"potions_floor_spawned":[1,5,11,14,27,30,33,35,38,42,46,48],"killed_by":"Time Eater","ascension_level":20}