{"gold_per_floor":[113,126,126,126,201,234,254,39,63,63,63],"floor_reached":11,"playtime":152,"items_purged":[],"score":192,"play_id":"b9f306b9-5134-43c6-99cf-8a7facf24174","local_time":"20190504171720","is_ascension_mode":true,"campfire_choices":[],"neow_cost":"NONE","seed_source_timestamp":623745921205027,"circlet_count":0,"master_deck":["AscendersBane","Defend_G","Defend_G","Defend_G","Defend_G","Defend_G","Strike_G","Strike_G","Strike_G","Strike_G","Survivor","Neutralize","Predator","Quick Slash","Flying Knee","Apotheosis","Cloak And Dagger"],"special_seed":0,"relics":["Ring of the Snake","NeowsBlessing","Bag of Preparation","Art of War"],"potions_floor_usage":[11],"damage_taken":[{"damage":0.0,"enemies":"Cultist","floor":1.0,"turns":1.0},{"damage":0.0,"enemies":"Small Slimes","floor":2.0,"turns":1.0},{"damage":0.0,"enemies":"Lagavulin","floor":6.0,"turns":1.0},{"damage":0.0,"enemies":"Jaw Worm","floor":7.0,"turns":3.0},{"damage":42,"enemies":"Gremlin Nob","floor":11,"turns":4}],"seed_played":"-1896111050270007547","potions_obtained":[{"floor":6.0,"key":"Energy Potion"}],"is_trial":false,"path_per_floor":["M","M","?","$","?","E","M","$","T","$","E"],"character_chosen":"THE_SILENT","items_purchased":["Apotheosis","Cloak And Dagger"],"campfire_rested":0,"item_purchase_floors":[8,8],"current_hp_per_floor":[59,59,52,52,41,41,41,41,41,41,0],"gold":63,"neow_bonus":"THREE_ENEMY_KILL","is_prod":false,"is_daily":false,"chose_seed":false,"campfire_upgraded":0,"win_rate":0,"timestamp":1557004640,"path_taken":["M","M","?","$","?","E","M","?","T","$","E"],"build_version":"2019-01-23","purchased_purges":0,"victory":false,"max_hp_per_floor":[66,66,66,66,66,66,66,66,66,66,66],"card_choices":[{"not_picked":["Dagger Spray","Backflip"],"picked":"Predator","floor":1.0},{"not_picked":["Finisher","Deadly Poison"],"picked":"Quick Slash","floor":2.0},{"not_picked":["Concentrate","Deflect","Choke"],"picked":"SKIP","floor":6.0},{"not_picked":["Underhanded Strike","Slice"],"picked":"Flying Knee","floor":7.0}],"player_experience":673138,"relics_obtained":[{"floor":6.0,"key":"Bag of Preparation"},{"floor":9,"key":"Art of War"}],"event_choices":[{"cards_removed":["Strike_G"],"damage_healed":0.0,"max_hp_gain":0.0,"max_hp_loss":0.0,"gold_gain":0.0,"event_name":"Golden Wing","player_choice":"Card Removal","floor":3.0,"gold_loss":0.0,"damage_taken":7.0},{"damage_healed":0.0,"max_hp_gain":0.0,"max_hp_loss":0.0,"gold_gain":75.0,"event_name":"World of Goop","player_choice":"Gather Gold","floor":5.0,"gold_loss":0.0,"damage_taken":11.0}],"is_beta":false,"boss_relics":[],"items_purged_floors":[],"is_endless":false,"potions_floor_spawned":[6],"killed_by":"Gremlin Nob","ascension_level":20}