{"gold_per_floor":[119,119,119,119,136,136,150,150,150,168,168,193,206,225,225,300,300,315,315,315,240,154,154,154,154,178,196,146,146,162,77,77,77],"floor_reached":33,"playtime":733,"items_purged":[],"score":474,"play_id":"27dec291-6978-475d-8b2e-69577e65978b","local_time":"20181004134420","is_ascension_mode":true,"campfire_choices":[{"data":"Loop","floor":6,"key":"SMITH"},{"data":"Zap","floor":8,"key":"SMITH"},{"floor":11,"key":"REST"},{"data":"Hologram","floor":15,"key":"SMITH"},{"data":"Defragment","floor":23,"key":"SMITH"},{"data":"Go for the Eyes","floor":25,"key":"SMITH"},{"data":"Steam","floor":29,"key":"SMITH"},{"floor":32,"key":"REST"}],"neow_cost":"NONE","seed_source_timestamp":657143511443276,"circlet_count":0,"master_deck":["Strike_B","Strike_B+1","Strike_B","Defend_B","Defend_B","Defend_B","Defend_B","Zap+1","Dualcast","AscendersBane","Loop+1","Leap","FTL+1","Ball Lightning","Hologram+1","Go for the Eyes+1","Steam+1","Electrodynamics","Ball Lightning+1","Defragment+1","Ball Lightning"],"relics":["Cracked Core","Regal Pillow","StoneCalendar","Juzu Bracelet","Nuclear Battery","Bronze Scales","Darkstone Periapt"],"potions_floor_usage":[16,18,33,33],"damage_taken":[{"damage":7,"enemies":"Small Slimes","floor":1,"turns":3},{"damage":13,"enemies":"2 Louse","floor":5,"turns":2},{"damage":0,"enemies":"Cultist","floor":7,"turns":3},{"damage":7,"enemies":"Blue Slaver","floor":10,"turns":4},{"damage":11,"enemies":"Lagavulin","floor":12,"turns":5},{"damage":1,"enemies":"2 Fungi Beasts","floor":13,"turns":3},{"damage":4,"enemies":"Red Slaver","floor":14,"turns":3},{"damage":19,"enemies":"Slime Boss","floor":16,"turns":7},{"damage":13,"enemies":"Spheric Guardian","floor":18,"turns":4},{"damage":1,"enemies":"3 Byrds","floor":27,"turns":2},{"damage":26,"enemies":"Sentry and Sphere","floor":30,"turns":4},{"damage":89,"enemies":"Champ","floor":33,"turns":8}],"seed_played":"-1396497491484412697","potions_obtained":[{"floor":1,"key":"Ancient Potion"},{"floor":12,"key":"Poison Potion"},{"floor":16,"key":"Explosive Potion"},{"floor":27,"key":"LiquidBronze"}],"is_trial":false,"path_per_floor":["M","?","$","?","M","R","M","R","T","M","R","E","M","M","R","B",null,"M","?","?","?","$","R","$","R","T","M","?","R","M","?","R"],"character_chosen":"DEFECT","items_purchased":["Defragment"],"campfire_rested":2,"item_purchase_floors":[22],"current_hp_per_floor":[57,57,57,57,44,44,44,44,44,37,71,60,59,55,55,36,62,49,49,49,49,49,49,49,49,49,48,48,48,22,22,58,0],"gold":77,"neow_bonus":"RANDOM_COMMON_RELIC","is_prod":false,"is_daily":false,"chose_seed":false,"campfire_upgraded":6,"win_rate":0,"timestamp":1538675060,"path_taken":["M","?","?","?","M","R","M","R","T","M","R","E","M","M","R","BOSS","M","?","?","?","$","R","$","R","T","M","?","R","M","?","R","BOSS"],"build_version":"2018-09-27","purchased_purges":0,"victory":false,"max_hp_per_floor":[71,71,71,71,71,71,71,71,71,71,71,71,71,71,71,71,71,71,71,71,71,71,71,71,71,71,71,71,71,71,71,71,71],"card_choices":[{"not_picked":["Steam Power","Hologram"],"picked":"Loop","floor":1},{"not_picked":["Consume","Gash"],"picked":"Leap","floor":5},{"not_picked":["Loop","Compile Driver"],"picked":"FTL","floor":7},{"not_picked":["Conserve Battery","Rip and Tear"],"picked":"Ball Lightning","floor":10},{"not_picked":["Leap","Compile Driver"],"picked":"Hologram","floor":12},{"not_picked":["Darkness","Leap"],"picked":"Go for the Eyes","floor":13},{"not_picked":["Stack","Amplify"],"picked":"Steam","floor":14},{"not_picked":["Hyperbeam","Biased Cognition"],"picked":"Electrodynamics","floor":16},{"not_picked":["Aggregate","Consume"],"picked":"Ball Lightning+1","floor":18},{"not_picked":["Streamline","Gash"],"picked":"Ball Lightning","floor":27},{"not_picked":["Force Field+1","Barrage","Steam"],"picked":"SKIP","floor":30}],"player_experience":352146,"relics_obtained":[{"floor":9,"key":"StoneCalendar"},{"floor":12,"key":"Juzu Bracelet"},{"floor":26,"key":"Bronze Scales"}],"event_choices":[{"event_name":"Liars Game","player_choice":"disagreed","floor":2,"damage_taken":0},{"event_name":"Golden Wing","player_choice":"Ignored","floor":4,"damage_taken":0},{"event_name":"Ghosts","player_choice":"Ignored","floor":19,"damage_taken":0},{"event_name":"The Mausoleum","player_choice":"No","floor":20,"damage_taken":0},{"event_name":"Beggar","player_choice":"Gave Gold","floor":21,"damage_taken":0},{"event_name":"Designer","player_choice":"Upgrade 2 Random Cards","floor":28,"damage_taken":0},{"event_name":"Addict","player_choice":"Obtained Relic","floor":31,"damage_taken":0}],"is_beta":false,"boss_relics":[{"not_picked":["Runic Pyramid","Eternal Feather"],"picked":"Nuclear Battery"}],"items_purged_floors":[],"is_endless":false,"potions_floor_spawned":[1,12,14,16,27,30],"killed_by":"Champ","ascension_level":19}