{"gold_per_floor":[112,126,141,66,66,66,80,80,104,104,104,164,214,247,247,326,326,337,385,401,482,498,525,525,525,552,477,46,46,46,59,59,135,135,146,0,17,40,59,90,90,117,144,157,157,168,196,25,25,25,25],"floor_reached":52,"playtime":1640,"items_purged":["Strike_R","Strike_R"],"score":2082,"play_id":"16511794-65c5-4bcd-9ca1-40aca0d6c1fb","local_time":"20190603233651","is_ascension_mode":true,"campfire_choices":[{"data":"Bash","floor":6.0,"key":"SMITH"},{"data":"Pommel Strike","floor":8.0,"key":"SMITH"},{"floor":15.0,"key":"REST"},{"data":"Limit Break","floor":25.0,"key":"SMITH"},{"data":"Double Tap","floor":30.0,"key":"SMITH"},{"floor":32.0,"key":"REST"},{"data":"Offering","floor":41,"key":"SMITH"},{"floor":49,"key":"REST"}],"neow_cost":"PERCENT_DAMAGE","seed_source_timestamp":25454951669900,"circlet_count":0,"master_deck":["AscendersBane","Strike_R","Defend_R","Defend_R+1","Defend_R+1","Defend_R","Bash+1","Twin Strike","Pommel Strike+1","Battle Trance","Metallicize","Metallicize","Spot Weakness","Twin Strike","Uppercut","Pommel Strike","Double Tap+1","Sword Boomerang+1","Inflame","Havoc+1","Limit Break+1","Shrug It Off+1","Shrug It Off+1","Immolate","Limit Break+1","Dropkick","Offering+1","Disarm+1","Offering","Offering","Metallicize+1","Pommel Strike+1","Dark Shackles","Dark Shackles","Pommel Strike+1"],"special_seed":0,"relics":["Burning Blood","Prayer Wheel","Ancient Tea Set","Tiny Chest","Meat on the Bone","Philosopher\u0027s Stone","Centennial Puzzle","Singing Bowl","PreservedInsect","Bronze Scales","Red Skull","Lantern","Black Star","Red Mask","Oddly Smooth Stone","Blood Vial","Paper Frog","Pantograph","Vajra","War Paint","Ornamental Fan","Kunai","Bag of Preparation"],"potions_floor_usage":[46,46,51,51],"damage_taken":[{"damage":9.0,"enemies":"Jaw Worm","floor":1.0,"turns":5.0},{"damage":1.0,"enemies":"Cultist","floor":2.0,"turns":3.0},{"damage":3.0,"enemies":"2 Louse","floor":3.0,"turns":4.0},{"damage":18.0,"enemies":"Large Slime","floor":7.0,"turns":4.0},{"damage":20.0,"enemies":"3 Sentries","floor":12.0,"turns":8.0},{"damage":5.0,"enemies":"Gremlin Nob","floor":14.0,"turns":3.0},{"damage":47.0,"enemies":"The Guardian","floor":16.0,"turns":10.0},{"damage":16.0,"enemies":"Spheric Guardian","floor":18.0,"turns":4.0},{"damage":8.0,"enemies":"3 Byrds","floor":20.0,"turns":3.0},{"damage":10.0,"enemies":"Centurion and Healer","floor":22.0,"turns":3.0},{"damage":42.0,"enemies":"Gremlin Leader","floor":23.0,"turns":5.0},{"damage":20.0,"enemies":"Shelled Parasite and Fungi","floor":31.0,"turns":4.0},{"damage":25.0,"enemies":"Champ","floor":33.0,"turns":5.0},{"damage":35.0,"enemies":"3 Darklings","floor":35.0,"turns":3.0},{"damage":9,"enemies":"Orb Walker","floor":37,"turns":4},{"damage":18,"enemies":"Jaw Worm Horde","floor":39,"turns":3},{"damage":38,"enemies":"Nemesis","floor":40,"turns":3},{"damage":6,"enemies":"Giant Head","floor":42,"turns":3},{"damage":14,"enemies":"Transient","floor":44,"turns":6},{"damage":31,"enemies":"3 Darklings","floor":46,"turns":3},{"damage":16,"enemies":"Reptomancer","floor":47,"turns":5},{"damage":19,"enemies":"Donu and Deca","floor":50,"turns":5},{"damage":46,"enemies":"Awakened One","floor":51,"turns":7}],"seed_played":"-9111808011228313360","potions_obtained":[{"floor":2.0,"key":"AttackPotion"},{"floor":3.0,"key":"SkillPotion"},{"floor":14.0,"key":"Poison Potion"},{"floor":23.0,"key":"SkillPotion"},{"floor":35.0,"key":"Dexterity Potion"},{"floor":37,"key":"SkillPotion"},{"floor":46,"key":"Fruit Juice"},{"floor":47,"key":"Block Potion"}],"is_trial":false,"path_per_floor":["M","M","M","$","?","R","M","R","T","?","?","E","?","E","R","B",null,"M","T","M","T","M","E","?","R","T","?","$","?","R","M","R","B",null,"M","?","M","T","M","E","R","E","T","M","?","M","E","$","R","B","B",null],"character_chosen":"IRONCLAD","items_purchased":["Red Skull","Lantern","Bag of Preparation"],"campfire_rested":3,"item_purchase_floors":[28,28,48],"current_hp_per_floor":[47,52,55,55,55,55,43,43,43,48,48,34,34,35,59,30,68,58,58,56,56,52,28,44,44,44,44,44,44,44,44,68,49,74,59,59,60,60,64,44,44,58,58,64,56,52,58,58,88,90,63],"gold":25,"neow_bonus":"ONE_RARE_RELIC","is_prod":false,"is_daily":false,"chose_seed":false,"campfire_upgraded":5,"win_rate":0,"timestamp":1559601411,"path_taken":["M","M","M","$","?","R","?","R","T","?","?","E","?","E","R","BOSS","M","?","M","?","M","E","?","R","T","?","$","?","R","?","R","BOSS","M","?","M","?","?","E","R","E","T","M","?","M","E","$","R","BOSS","BOSS"],"build_version":"2019-01-23","purchased_purges":2,"victory":true,"max_hp_per_floor":[75,75,75,75,75,75,75,75,75,80,80,80,80,80,80,80,80,80,80,80,80,80,80,80,80,80,80,80,80,80,82,82,82,82,84,84,88,88,92,92,92,92,92,92,94,101,103,103,103,103,103],"card_choices":[{"not_picked":["Clothesline","Searing Blow"],"picked":"Twin Strike","floor":1.0},{"not_picked":["Spot Weakness","Wild Strike"],"picked":"Pommel Strike","floor":1.0},{"not_picked":["Evolve","Rampage"],"picked":"Battle Trance","floor":2.0},{"not_picked":["Feel No Pain","Sentinel"],"picked":"Metallicize","floor":2.0},{"not_picked":["Fire Breathing","Combust"],"picked":"Metallicize","floor":3.0},{"not_picked":["Berserk","Warcry"],"picked":"Spot Weakness","floor":3.0},{"not_picked":["Sever Soul","Feel No Pain"],"picked":"Twin Strike","floor":7.0},{"not_picked":["Dual Wield","Clothesline","Clash"],"picked":"SKIP","floor":7.0},{"not_picked":["Body Slam","True Grit"],"picked":"Uppercut","floor":12.0},{"not_picked":["Ghostly Armor","Sword Boomerang"],"picked":"Pommel Strike","floor":14.0},{"not_picked":["Immolate","Exhume"],"picked":"Double Tap","floor":16.0},{"not_picked":["Armaments","Warcry"],"picked":"Sword Boomerang+1","floor":18.0},{"not_picked":["Clothesline","Body Slam"],"picked":"Inflame","floor":18.0},{"not_picked":["Clothesline","Twin Strike"],"picked":"Havoc+1","floor":20.0},{"not_picked":["Warcry+1","Clash"],"picked":"Limit Break","floor":20.0},{"not_picked":["Pummel","Power Through"],"picked":"Shrug It Off+1","floor":22.0},{"not_picked":["Fire Breathing","Cleave"],"picked":"Shrug It Off+1","floor":22.0},{"not_picked":["Spot Weakness","Reckless Charge+1"],"picked":"Immolate","floor":23.0},{"not_picked":["Shockwave","Battle Trance"],"picked":"Dropkick","floor":31.0},{"not_picked":["Spot Weakness","Anger+1","Sentinel"],"picked":"Singing Bowl","floor":31.0},{"not_picked":["Juggernaut","Fiend Fire"],"picked":"Offering","floor":33.0},{"not_picked":["Flex+1","Anger"],"picked":"Disarm+1","floor":35.0},{"not_picked":["Cleave+1","Reckless Charge","Clash"],"picked":"Singing Bowl","floor":35.0},{"not_picked":["Twin Strike+1","Clash","Clothesline+1"],"picked":"Singing Bowl","floor":37},{"not_picked":["Havoc","Clothesline+1","Warcry"],"picked":"Singing Bowl","floor":37},{"not_picked":["Body Slam","Anger","Reckless Charge+1"],"picked":"Singing Bowl","floor":39},{"not_picked":["Wild Strike","Perfected Strike","Ghostly Armor"],"picked":"Singing Bowl","floor":39},{"not_picked":["Rage","Warcry+1"],"picked":"Offering","floor":40},{"not_picked":["Pommel Strike","Clash+1"],"picked":"Offering","floor":42},{"not_picked":["Iron Wave","Seeing Red"],"picked":"Metallicize+1","floor":44},{"not_picked":["Body Slam","Ghostly Armor"],"picked":"Pommel Strike+1","floor":44},{"not_picked":["Purity","Madness","Trip"],"picked":"Singing Bowl","floor":45},{"not_picked":["Finesse","Swift Strike"],"picked":"Dark Shackles","floor":45},{"not_picked":["Enlightenment","Trip"],"picked":"Dark Shackles","floor":45},{"not_picked":["Body Slam","Demon Form"],"picked":"Pommel Strike+1","floor":46},{"not_picked":["Thunderclap","Evolve+1","Cleave"],"picked":"Singing Bowl","floor":46},{"not_picked":["Shrug It Off","Warcry","Headbutt+1"],"picked":"Singing Bowl","floor":47}],"player_experience":1427321,"relics_obtained":[{"floor":9.0,"key":"Ancient Tea Set"},{"floor":12.0,"key":"Tiny Chest"},{"floor":14.0,"key":"Meat on the Bone"},{"floor":19.0,"key":"Centennial Puzzle"},{"floor":21.0,"key":"Singing Bowl"},{"floor":23.0,"key":"PreservedInsect"},{"floor":26.0,"key":"Bronze Scales"},{"floor":38,"key":"Oddly Smooth Stone"},{"floor":40,"key":"Blood Vial"},{"floor":40,"key":"Paper Frog"},{"floor":42,"key":"Pantograph"},{"floor":42,"key":"Vajra"},{"floor":43,"key":"War Paint"},{"floor":47,"key":"Ornamental Fan"},{"floor":47,"key":"Kunai"}],"event_choices":[{"cards_removed":["Strike_R"],"damage_healed":0.0,"max_hp_gain":0.0,"max_hp_loss":0.0,"gold_gain":0.0,"event_name":"Bonfire Elementals","player_choice":"Offered Basic","floor":5.0,"gold_loss":0.0,"damage_taken":0.0},{"damage_healed":0.0,"max_hp_gain":5.0,"max_hp_loss":0.0,"gold_gain":0.0,"event_name":"Big Fish","player_choice":"Donut","floor":10.0,"gold_loss":0.0,"damage_taken":0.0},{"damage_healed":0.0,"max_hp_gain":0.0,"max_hp_loss":0.0,"gold_gain":0.0,"event_name":"Scrap Ooze","player_choice":"Fled","floor":11.0,"gold_loss":0.0,"damage_taken":0.0},{"damage_healed":0.0,"max_hp_gain":0.0,"max_hp_loss":0.0,"gold_gain":50.0,"event_name":"Golden Shrine","player_choice":"Pray","floor":13.0,"gold_loss":0.0,"damage_taken":0.0},{"damage_healed":16.0,"max_hp_gain":0.0,"max_hp_loss":0.0,"gold_gain":0.0,"event_name":"The Library","player_choice":"Heal","floor":24.0,"gold_loss":0.0,"damage_taken":0.0},{"cards_removed":["Strike_R"],"damage_healed":0.0,"max_hp_gain":0.0,"max_hp_loss":0.0,"gold_gain":0.0,"event_name":"Beggar","player_choice":"Gave Gold","floor":27.0,"gold_loss":75.0,"damage_taken":0.0},{"damage_healed":0.0,"max_hp_gain":0.0,"max_hp_loss":0.0,"gold_gain":0.0,"event_name":"Duplicator","player_choice":"Copied","floor":29.0,"gold_loss":0.0,"damage_taken":0.0,"cards_obtained":["Limit Break"]},{"damage_healed":0,"gold_gain":0,"player_choice":"Paid","damage_taken":0,"relics_obtained":["Red Mask"],"max_hp_gain":0,"max_hp_loss":0,"event_name":"Tomb of Lord Red Mask","floor":36,"gold_loss":146},{"damage_healed":0,"gold_gain":0,"player_choice":"Memory 3","damage_taken":10,"max_hp_gain":0,"max_hp_loss":0,"event_name":"SensoryStone","floor":45,"gold_loss":0}],"is_beta":false,"boss_relics":[{"not_picked":["Pandora\u0027s Box","Orrery"],"picked":"Philosopher\u0027s Stone"},{"not_picked":["Cursed Key","Busted Crown"],"picked":"Black Star"}],"items_purged_floors":[4,28],"is_endless":false,"potions_floor_spawned":[2,3,12,14,18,20,23,35,37,46,47],"ascension_level":20}