{"gold_per_floor":[116,116,0,0,75,102,115,39,62,62],"floor_reached":10,"playtime":204,"items_purged":["Strike_R"],"score":128,"play_id":"d567e57d-9445-4753-9f7a-5d80e6d7b7e9","local_time":"20190522180256","is_ascension_mode":true,"campfire_choices":[],"neow_cost":"NONE","seed_source_timestamp":84633119435000,"circlet_count":0,"master_deck":["AscendersBane","Strike_R","Strike_R","Strike_R","Strike_R","Defend_R","Defend_R","Defend_R","Defend_R","Bash","Cleave","Carnage","Flame Barrier","Disarm","Fire Breathing+1"],"special_seed":0,"relics":["Burning Blood","Centennial Puzzle","Matryoshka","Frozen Egg 2","Boot","Ancient Tea Set"],"potions_floor_usage":[10,10],"damage_taken":[{"damage":2.0,"enemies":"Small Slimes","floor":1.0,"turns":4.0},{"damage":40,"enemies":"Lagavulin","floor":6,"turns":5},{"damage":2,"enemies":"Jaw Worm","floor":7,"turns":3},{"damage":16,"enemies":"3 Sentries","floor":10,"turns":3}],"seed_played":"6928568558092969949","potions_obtained":[{"floor":6,"key":"SkillPotion"},{"floor":7,"key":"SneckoOil"}],"is_trial":false,"path_per_floor":["M","?","$","?","?","E","M","$","T","E"],"character_chosen":"IRONCLAD","items_purchased":["Carnage","Fire Breathing+1"],"campfire_rested":0,"item_purchase_floors":[3,8],"current_hp_per_floor":[72,54,54,54,43,9,13,13,13,0],"gold":62,"neow_bonus":"RANDOM_COMMON_RELIC","is_prod":false,"is_daily":false,"chose_seed":false,"campfire_upgraded":0,"win_rate":0,"timestamp":1558544576,"path_taken":["M","?","$","?","?","E","M","$","T","E"],"build_version":"2019-01-23","purchased_purges":1,"victory":false,"max_hp_per_floor":[75,75,75,75,75,75,75,75,75,75],"card_choices":[{"not_picked":["Corruption","Havoc"],"picked":"Cleave","floor":1.0},{"not_picked":["Headbutt","Infernal Blade"],"picked":"Flame Barrier","floor":6},{"not_picked":["Shrug It Off","Warcry"],"picked":"Disarm","floor":7}],"player_experience":1383039,"relics_obtained":[{"floor":6,"key":"Frozen Egg 2"},{"floor":9,"key":"Boot"},{"floor":9,"key":"Ancient Tea Set"}],"event_choices":[{"damage_healed":0.0,"max_hp_gain":0.0,"max_hp_loss":0.0,"gold_gain":0.0,"event_name":"Scrap Ooze","player_choice":"Success","floor":2.0,"gold_loss":0.0,"damage_taken":18.0,"relics_obtained":["Matryoshka"]},{"damage_healed":0.0,"max_hp_gain":0.0,"max_hp_loss":0.0,"gold_gain":0.0,"event_name":"Liars Game","player_choice":"Ignored","floor":4.0,"gold_loss":0.0,"damage_taken":0.0},{"damage_healed":0.0,"max_hp_gain":0.0,"max_hp_loss":0.0,"gold_gain":75.0,"event_name":"World of Goop","player_choice":"Gather Gold","floor":5.0,"gold_loss":0.0,"damage_taken":11.0}],"is_beta":false,"boss_relics":[],"items_purged_floors":[3],"is_endless":false,"potions_floor_spawned":[6,7],"killed_by":"3 Sentries","ascension_level":20}