{"gold_per_floor":[111,125,125,148,73,73,111,111,164,164,178,209,81,99,99,193,193,176,176,176,189,104,104,135,135,135,135,184,184,219,46,46,46],"floor_reached":33,"playtime":1046,"items_purged":["Strike_G"],"score":578,"play_id":"73d1b2c4-ddf0-402e-b4b1-d38ee14f5446","local_time":"20190708191702","is_ascension_mode":true,"campfire_choices":[{"data":"Dagger Spray","floor":6.0,"key":"SMITH"},{"floor":8.0,"key":"REST"},{"data":"Noxious Fumes","floor":10.0,"key":"SMITH"},{"data":"Neutralize","floor":15.0,"key":"SMITH"},{"data":"Glass Knife","floor":23.0,"key":"SMITH"},{"floor":25.0,"key":"REST"},{"data":"Dagger Spray","floor":27.0,"key":"SMITH"},{"data":"PiercingWail","floor":29.0,"key":"SMITH"},{"floor":32.0,"key":"REST"}],"neow_cost":"NONE","seed_source_timestamp":0,"circlet_count":0,"master_deck":["AscendersBane","Strike_G","Strike_G","Strike_G","Strike_G","Defend_G","Defend_G","Defend_G+1","Defend_G+1","Defend_G","Survivor","Neutralize+1","Dagger Spray+1","Slice","Flying Knee","Noxious Fumes+1","PiercingWail+1","Dagger Spray+1","Terror","Glass Knife+1","Footwork+1","Deflect","Dodge and Roll","Blade Dance"],"special_seed":0,"relics":["Ring of the Snake","Ancient Tea Set","Bloody Idol","War Paint","Lantern","Bottled Flame","Philosopher\u0027s Stone","Orichalcum","Art of War","Ornamental Fan","Pen Nib","Blue Candle","Bronze Scales"],"potions_floor_usage":[33],"damage_taken":[{"damage":0.0,"enemies":"2 Louse","floor":1.0,"turns":3.0},{"damage":2.0,"enemies":"Small Slimes","floor":2.0,"turns":5.0},{"damage":4.0,"enemies":"Jaw Worm","floor":4.0,"turns":4.0},{"damage":49.0,"enemies":"Lagavulin","floor":7.0,"turns":7.0},{"damage":0.0,"enemies":"3 Louse","floor":11.0,"turns":2.0},{"damage":15.0,"enemies":"3 Sentries","floor":12.0,"turns":6.0},{"damage":0.0,"enemies":"Blue Slaver","floor":14.0,"turns":3.0},{"damage":5.0,"enemies":"Hexaghost","floor":16.0,"turns":9.0},{"damage":8.0,"enemies":"2 Thieves","floor":18.0,"turns":4.0},{"damage":12.0,"enemies":"Spheric Guardian","floor":21.0,"turns":4.0},{"damage":25.0,"enemies":"Slavers","floor":24.0,"turns":7.0},{"damage":11.0,"enemies":"Gremlin Leader","floor":30.0,"turns":8.0},{"damage":54,"enemies":"Collector","floor":33,"turns":5}],"seed_played":"-6481129810228779975","potions_obtained":[{"floor":7.0,"key":"Ancient Potion"},{"floor":12.0,"key":"SmokeBomb"},{"floor":14.0,"key":"Block Potion"},{"floor":16.0,"key":"FearPotion"},{"floor":24.0,"key":"SkillPotion"},{"floor":30.0,"key":"FearPotion"}],"is_trial":false,"path_per_floor":["M","M","?","M","?","R","E","R","T","R","M","E","$","M","R","B",null,"M","?","?","M","?","R","E","R","T","R","T","R","E","$","R","B"],"character_chosen":"THE_SILENT","items_purchased":["Strength Potion","Bronze Scales"],"campfire_rested":3,"item_purchase_floors":[13,31],"current_hp_per_floor":[59,57,57,53,53,53,4,22,22,22,22,7,7,7,7,2,46,38,38,38,31,31,31,11,29,29,29,34,34,28,28,46,0],"gold":46,"neow_bonus":"RANDOM_COMMON_RELIC","is_prod":false,"is_daily":false,"chose_seed":false,"campfire_upgraded":6,"win_rate":0,"timestamp":1562627822,"path_taken":["M","M","?","M","?","R","E","R","T","R","M","E","$","M","R","BOSS","M","?","?","M","?","R","E","R","T","R","?","R","E","$","R","BOSS"],"build_version":"2019-07-05","purchased_purges":1,"victory":false,"max_hp_per_floor":[66,66,60,60,60,60,60,60,60,60,60,60,60,60,60,60,60,60,60,60,60,60,60,60,60,60,60,60,60,60,60,60,60],"card_choices":[{"not_picked":["Outmaneuver","Deadly Poison"],"picked":"Dagger Spray","floor":1.0},{"not_picked":["Cloak And Dagger","Prepared"],"picked":"Slice","floor":2.0},{"not_picked":["Flechettes","Dagger Throw"],"picked":"Flying Knee","floor":4.0},{"not_picked":["Blade Dance","Backstab"],"picked":"Noxious Fumes","floor":7.0},{"not_picked":["Flying Knee","Skewer"],"picked":"PiercingWail","floor":11.0},{"not_picked":["Outmaneuver","Quick Slash"],"picked":"Dagger Spray","floor":12.0},{"not_picked":["Prepared","Dodge and Roll"],"picked":"Terror","floor":14.0},{"not_picked":["Storm of Steel","Bullet Time"],"picked":"Glass Knife","floor":16.0},{"not_picked":["Dodge and Roll","Quick Slash"],"picked":"Footwork+1","floor":18.0},{"not_picked":["Reflex","Deadly Poison"],"picked":"Deflect","floor":21.0},{"not_picked":["Endless Agony","Underhanded Strike"],"picked":"Dodge and Roll","floor":24.0},{"not_picked":["Tactician+1","Distraction+1"],"picked":"Blade Dance","floor":30.0}],"player_experience":920025,"relics_obtained":[{"floor":7.0,"key":"War Paint"},{"floor":9.0,"key":"Lantern"},{"floor":12.0,"key":"Bottled Flame"},{"floor":24.0,"key":"Art of War"},{"floor":26.0,"key":"Ornamental Fan"},{"floor":28.0,"key":"Pen Nib"},{"floor":30.0,"key":"Blue Candle"}],"event_choices":[{"damage_healed":0.0,"max_hp_gain":0.0,"max_hp_loss":6.0,"gold_gain":0.0,"event_name":"Golden Idol","player_choice":"Lose Max HP","floor":3.0,"gold_loss":0.0,"damage_taken":0.0,"relics_obtained":["Golden Idol"]},{"damage_healed":0.0,"max_hp_gain":0.0,"max_hp_loss":0.0,"gold_gain":0.0,"event_name":"World of Goop","player_choice":"Left Gold","floor":5.0,"gold_loss":75.0,"damage_taken":0.0},{"damage_healed":0.0,"max_hp_gain":0.0,"max_hp_loss":0.0,"gold_gain":0.0,"event_name":"Forgotten Altar","player_choice":"Gave Idol","floor":19.0,"relics_lost":["Golden Idol"],"gold_loss":0.0,"damage_taken":0.0,"relics_obtained":["Bloody Idol"]},{"damage_healed":0.0,"max_hp_gain":0.0,"max_hp_loss":0.0,"gold_gain":0.0,"event_name":"The Mausoleum","player_choice":"Ignored","floor":20.0,"gold_loss":0.0,"damage_taken":0.0},{"damage_healed":0.0,"max_hp_gain":0.0,"max_hp_loss":0.0,"gold_gain":0.0,"event_name":"Addict","player_choice":"Obtained Relic","floor":22.0,"gold_loss":85.0,"damage_taken":0.0,"relics_obtained":["Orichalcum"]}],"is_beta":false,"boss_relics":[{"not_picked":["Lizard Tail","Runic Dome"],"picked":"Philosopher\u0027s Stone"}],"items_purged_floors":[13],"is_endless":false,"potions_floor_spawned":[7,12,14,16,24,30],"killed_by":"Collector","ascension_level":20}