{"gold_per_floor":[116,116,136,136,136,136,172,172,172,206,221,31,51,91,91,187,187,200,224,3,19,19],"floor_reached":22,"playtime":703,"items_purged":[],"score":458,"play_id":"46a1a31b-dfe6-4d70-8016-5036c5bd9d1f","local_time":"20190709133856","is_ascension_mode":true,"campfire_choices":[{"data":"True Grit","floor":6,"key":"SMITH"},{"data":"Bash","floor":8,"key":"SMITH"},{"data":"Disarm","floor":15,"key":"SMITH"}],"neow_cost":"NONE","seed_source_timestamp":6311397986104690,"circlet_count":0,"master_deck":["AscendersBane","Strike_R","Strike_R","Strike_R","Strike_R","Defend_R","Defend_R","Defend_R","Defend_R","Bash+1","True Grit+1","Headbutt","Reaper","Spot Weakness","Dropkick","Flash of Steel","Uppercut","Feel No Pain","Disarm+1","Feed","Twin Strike","Clothesline+1","Headbutt"],"relics":["Burning Blood","NeowsBlessing","Golden Idol","Paper Frog","Pantograph","Calipers","WingedGreaves","Velvet Choker","Membership Card"],"potions_floor_usage":[10],"damage_taken":[{"damage":0,"enemies":"Small Slimes","floor":1,"turns":1},{"damage":0,"enemies":"Jaw Worm","floor":3,"turns":1},{"damage":0,"enemies":"3 Sentries","floor":7,"turns":2},{"damage":44,"enemies":"Gremlin Nob","floor":10,"turns":5},{"damage":2,"enemies":"Cultist","floor":11,"turns":4},{"damage":21,"enemies":"3 Louse","floor":13,"turns":2},{"damage":21,"enemies":"3 Sentries","floor":14,"turns":9},{"damage":16,"enemies":"Hexaghost","floor":16,"turns":9},{"damage":37,"enemies":"2 Thieves","floor":18,"turns":5},{"damage":31,"enemies":"Spheric Guardian","floor":19,"turns":6},{"damage":37,"enemies":"3 Cultists","floor":21,"turns":6},{"damage":22,"enemies":"Shelled Parasite and Fungi","floor":22,"turns":2}],"seed_played":"-8692917239430544841","potions_obtained":[{"floor":3,"key":"LiquidBronze"},{"floor":7,"key":"Block Potion"},{"floor":11,"key":"Dexterity Potion"}],"is_trial":false,"path_per_floor":["M","?","M","?","$","R","E","R","T","E","M","$","M","E","R","B",null,"M","M","$","M","M"],"character_chosen":"IRONCLAD","items_purchased":["Flash of Steel","Uppercut","Membership Card"],"campfire_rested":0,"item_purchase_floors":[12,12,20],"current_hp_per_floor":[74,67,73,47,47,47,53,53,53,19,23,23,22,19,19,46,68,47,25,25,13,0],"gold":19,"neow_bonus":"THREE_ENEMY_KILL","is_prod":false,"is_daily":false,"chose_seed":false,"campfire_upgraded":3,"win_rate":0,"timestamp":1562693936,"path_taken":["M","?","M","?","?","R","E","R","T","E","M","$","M","E","R","BOSS","M","M","$","?","M"],"build_version":"2019-07-05","purchased_purges":0,"victory":false,"max_hp_per_floor":[75,75,75,75,75,75,75,75,75,75,75,75,75,75,75,75,75,78,78,78,78,78],"card_choices":[{"not_picked":["Havoc","Warcry"],"picked":"True Grit","floor":1},{"not_picked":["Sword Boomerang","Thunderclap"],"picked":"Headbutt","floor":3},{"not_picked":["Headbutt","Carnage"],"picked":"Reaper","floor":7},{"not_picked":["Iron Wave","Headbutt"],"picked":"Spot Weakness","floor":10},{"not_picked":["Iron Wave","Ghostly Armor"],"picked":"Dropkick","floor":11},{"not_picked":["Ghostly Armor","Blood for Blood"],"picked":"Feel No Pain","floor":13},{"not_picked":["Feed","Twin Strike"],"picked":"Disarm","floor":14},{"not_picked":["Demon Form","Reaper"],"picked":"Feed","floor":16},{"not_picked":["Headbutt","Clothesline"],"picked":"Twin Strike","floor":18},{"not_picked":["True Grit","Bloodletting"],"picked":"Clothesline+1","floor":19},{"not_picked":["Dual Wield","Rage"],"picked":"Headbutt","floor":21}],"player_experience":927788,"relics_obtained":[{"floor":7,"key":"Paper Frog"},{"floor":9,"key":"Pantograph"},{"floor":10,"key":"Calipers"},{"floor":14,"key":"WingedGreaves"}],"event_choices":[{"cards_removed":["Strike_R"],"damage_healed":0,"gold_gain":0,"player_choice":"Card Removal","damage_taken":7,"max_hp_gain":0,"max_hp_loss":0,"event_name":"Golden Wing","floor":2,"gold_loss":0},{"damage_healed":0,"gold_gain":0,"player_choice":"Take Damage","damage_taken":26,"relics_obtained":["Golden Idol"],"max_hp_gain":0,"max_hp_loss":0,"event_name":"Golden Idol","floor":4,"gold_loss":0}],"is_beta":false,"boss_relics":[{"not_picked":["Philosopher\u0027s Stone","Astrolabe"],"picked":"Velvet Choker"}],"items_purged_floors":[],"is_endless":false,"potions_floor_spawned":[3,7,11,13,19,21],"killed_by":"Shelled Parasite and Fungi","ascension_level":20}