{"gold_per_floor":[117,131,131,131,131,131,164,164,190,190,208,235,246,271,271,342,342,360,360,380,380,18,18,45,80,133,183,217,260,287,301,301,375,375,394,394,1393,80,96,123,0,0,0,0,32,32,51,71,71,71,96],"floor_reached":52,"playtime":2258,"items_purged":["Normality"],"score":2111,"play_id":"1edf5cea-789d-40af-8bfa-6556819e7fe4","local_time":"20190620144924","is_ascension_mode":true,"campfire_choices":[{"data":"Bash","floor":6.0,"key":"SMITH"},{"data":"Spot Weakness","floor":8.0,"key":"SMITH"},{"data":"Clothesline","floor":10.0,"key":"SMITH"},{"floor":15.0,"key":"REST"},{"data":"Shockwave","floor":23.0,"key":"SMITH"},{"floor":32.0,"key":"REST"},{"data":"The Bomb","floor":42.0,"key":"SMITH"},{"floor":46.0,"key":"REST"},{"data":"True Grit","floor":49.0,"key":"SMITH"}],"neow_cost":"NONE","seed_source_timestamp":0,"circlet_count":0,"master_deck":["AscendersBane","Bash+1","Clothesline+1","Spot Weakness+1","Flame Barrier","Shockwave+1","Reaper","Feed","Armaments+1","Sword Boomerang","HandOfGreed","Dropkick+1","Thunderclap+1","Flame Barrier","Fiend Fire+1","Headbutt+1","Cleave+1","Blood for Blood+1","Feed+1","Cleave+1","Twin Strike+1","Impervious","Heavy Blade+1","The Bomb+1","Normality","Flash of Steel+1","Shockwave","True Grit+1"],"special_seed":0,"relics":["Burning Blood","NeowsBlessing","Strawberry","Mango","PreservedInsect","Pocketwatch","Bronze Scales","Philosopher\u0027s Stone","The Courier","Paper Frog","Molten Egg 2","Ancient Tea Set","Singing Bowl","Pandora\u0027s Box","Centennial Puzzle","Dream Catcher","Potion Belt","Bag of Marbles","Lantern","Gambling Chip","Juzu Bracelet","Mummified Hand","Pantograph","Red Mask","Shuriken","Darkstone Periapt"],"potions_floor_usage":[51],"damage_taken":[{"damage":0.0,"enemies":"Small Slimes","floor":1.0,"turns":1.0},{"damage":0.0,"enemies":"Cultist","floor":2.0,"turns":1.0},{"damage":0.0,"enemies":"Gremlin Nob","floor":7.0,"turns":1.0},{"damage":0.0,"enemies":"2 Louse","floor":11.0,"turns":3.0},{"damage":50.0,"enemies":"3 Sentries","floor":12.0,"turns":9.0},{"damage":21.0,"enemies":"Lots of Slimes","floor":13.0,"turns":5.0},{"damage":30.0,"enemies":"Lagavulin","floor":14.0,"turns":4.0},{"damage":32.0,"enemies":"The Guardian","floor":16.0,"turns":13.0},{"damage":2.0,"enemies":"Chosen","floor":18.0,"turns":4.0},{"damage":13.0,"enemies":"3 Byrds","floor":20.0,"turns":3.0},{"damage":14.0,"enemies":"Book of Stabbing","floor":24.0,"turns":3.0},{"damage":4.0,"enemies":"Centurion and Healer","floor":25.0,"turns":5.0},{"damage":21.0,"enemies":"Snake Plant","floor":28.0,"turns":4.0},{"damage":33.0,"enemies":"3 Cultists","floor":29.0,"turns":5.0},{"damage":32.0,"enemies":"Slavers","floor":30.0,"turns":3.0},{"damage":26.0,"enemies":"Shelled Parasite and Fungi","floor":31.0,"turns":6.0},{"damage":56.0,"enemies":"Champ","floor":33.0,"turns":16.0},{"damage":38.0,"enemies":"3 Darklings","floor":35.0,"turns":4.0},{"damage":0.0,"enemies":"Orb Walker","floor":39.0,"turns":2.0},{"damage":18.0,"enemies":"Nemesis","floor":40.0,"turns":3.0},{"damage":53.0,"enemies":"Giant Head","floor":45.0,"turns":7.0},{"damage":21.0,"enemies":"3 Darklings","floor":47.0,"turns":3.0},{"damage":2.0,"enemies":"Transient","floor":48.0,"turns":6.0},{"damage":121.0,"enemies":"Donu and Deca","floor":50.0,"turns":6.0},{"damage":90,"enemies":"Time Eater","floor":51,"turns":8}],"seed_played":"4441767665160037028","potions_obtained":[{"floor":1.0,"key":"FearPotion"},{"floor":2.0,"key":"SteroidPotion"},{"floor":11.0,"key":"Dexterity Potion"},{"floor":16.0,"key":"LiquidBronze"},{"floor":18.0,"key":"LiquidBronze"},{"floor":25.0,"key":"SteroidPotion"},{"floor":31.0,"key":"Energy Potion"},{"floor":35.0,"key":"Explosive Potion"},{"floor":39.0,"key":"LiquidBronze"},{"floor":40.0,"key":"Regen Potion"}],"is_trial":false,"path_per_floor":["M","M","?","?","?","R","E","R","T","R","M","E","M","E","R","B",null,"M","T","M","?","$","R","E","M","T","?","M","M","E","M","R","B",null,"M","?","?","$","M","E","?","R","T","?","E","R","M","M","R","B","B",null],"character_chosen":"IRONCLAD","items_purchased":["Paper Frog","HandOfGreed","Centennial Puzzle","Dream Catcher","Potion Belt","Bag of Marbles","Lantern","Gambling Chip","Juzu Bracelet","Mummified Hand","Flash of Steel+1"],"campfire_rested":3,"item_purchase_floors":[22,22,38,38,38,38,38,38,38,38,38],"current_hp_per_floor":[74,75,68,73,80,80,100,100,100,100,101,57,42,18,48,56,90,94,94,90,90,90,90,85,87,87,87,72,64,55,46,80,30,95,100,100,100,100,112,102,102,102,102,102,57,95,99,125,125,63,26],"gold":96,"neow_bonus":"THREE_ENEMY_KILL","is_prod":false,"is_daily":false,"chose_seed":false,"campfire_upgraded":6,"win_rate":0,"timestamp":1561056564,"path_taken":["M","M","?","?","?","R","E","R","T","R","M","E","M","E","R","BOSS","M","?","M","?","$","R","E","M","T","?","M","M","E","?","R","BOSS","M","?","?","$","M","E","?","R","T","?","E","R","M","M","R","BOSS","BOSS"],"build_version":"2019-01-23","purchased_purges":1,"victory":true,"max_hp_per_floor":[75,75,75,80,87,87,101,101,101,101,101,101,101,101,101,101,101,101,101,104,104,104,104,107,107,107,107,107,111,114,116,116,116,116,119,119,119,119,125,127,127,127,127,121,123,125,125,125,125,125,125],"card_choices":[{"not_picked":["Sever Soul","Rage"],"picked":"Clothesline","floor":1.0},{"not_picked":["Twin Strike","Clothesline"],"picked":"Spot Weakness","floor":2.0},{"not_picked":["Second Wind","Anger","Pommel Strike"],"picked":"SKIP","floor":7.0},{"not_picked":["Clothesline","Exhume"],"picked":"Flame Barrier","floor":11.0},{"not_picked":["Dual Wield","Havoc","Wild Strike"],"picked":"SKIP","floor":12.0},{"not_picked":["Clothesline","Armaments"],"picked":"Shockwave","floor":13.0},{"not_picked":["Dark Embrace","Sever Soul"],"picked":"Reaper","floor":14.0},{"not_picked":["Barricade","Juggernaut"],"picked":"Feed","floor":16.0},{"not_picked":["Body Slam","Clothesline"],"picked":"Armaments+1","floor":18.0},{"not_picked":["Havoc","Ghostly Armor"],"picked":"Sword Boomerang","floor":20.0},{"not_picked":["Clothesline","Havoc","Ghostly Armor+1"],"picked":"SKIP","floor":24.0},{"not_picked":["Warcry","Combust"],"picked":"Dropkick+1","floor":25.0},{"not_picked":["Sentinel","Burning Pact","Armaments"],"picked":"SKIP","floor":28.0},{"not_picked":["Sentinel","Burning Pact","Armaments"],"picked":"SKIP","floor":28.0},{"not_picked":["Inflame","Warcry"],"picked":"Thunderclap+1","floor":29.0},{"not_picked":["Dual Wield","Iron Wave+1"],"picked":"Flame Barrier","floor":30.0},{"not_picked":["Power Through","Armaments","Warcry"],"picked":"Singing Bowl","floor":31.0},{"not_picked":["Bludgeon+1","Immolate+1"],"picked":"Fiend Fire+1","floor":33.0},{"not_picked":["Twin Strike+1","True Grit"],"picked":"Heavy Blade+1","floor":35.0},{"not_picked":["Forethought","Metamorphosis"],"picked":"The Bomb","floor":36.0},{"not_picked":["Warcry","Clothesline+1","Armaments+1"],"picked":"Singing Bowl","floor":39.0},{"not_picked":["Bloodletting","Reckless Charge+1","True Grit"],"picked":"Singing Bowl","floor":40.0},{"not_picked":["Dark Embrace","Perfected Strike+1","Pommel Strike+1"],"picked":"Singing Bowl","floor":45.0},{"not_picked":["Clash+1","Berserk","Wild Strike+1"],"picked":"Singing Bowl","floor":46.0},{"not_picked":["Entrench","Warcry"],"picked":"Shockwave","floor":47.0},{"not_picked":["Warcry+1","Clash+1"],"picked":"True Grit","floor":48.0}],"player_experience":765823,"relics_obtained":[{"floor":7.0,"key":"Mango"},{"floor":9.0,"key":"PreservedInsect"},{"floor":12.0,"key":"Pocketwatch"},{"floor":14.0,"key":"Bronze Scales"},{"floor":19.0,"key":"The Courier"},{"floor":24.0,"key":"Molten Egg 2"},{"floor":26.0,"key":"Ancient Tea Set"},{"floor":30.0,"key":"Singing Bowl"},{"floor":40.0,"key":"Pantograph"},{"floor":43.0,"key":"Shuriken"},{"floor":45.0,"key":"Darkstone Periapt"}],"event_choices":[{"cards_removed":["Strike_R"],"damage_healed":0.0,"max_hp_gain":0.0,"max_hp_loss":0.0,"gold_gain":0.0,"event_name":"Golden Wing","player_choice":"Card Removal","floor":3.0,"gold_loss":0.0,"damage_taken":7.0},{"damage_healed":0.0,"max_hp_gain":5.0,"max_hp_loss":0.0,"gold_gain":0.0,"event_name":"Big Fish","player_choice":"Donut","floor":4.0,"gold_loss":0.0,"damage_taken":0.0},{"damage_healed":0.0,"max_hp_gain":0.0,"max_hp_loss":0.0,"gold_gain":0.0,"event_name":"WeMeetAgain","player_choice":"Gave Potion","floor":5.0,"gold_loss":0.0,"damage_taken":0.0,"relics_obtained":["Strawberry"]},{"cards_removed":["Strike_R"],"damage_healed":0.0,"max_hp_gain":0.0,"max_hp_loss":0.0,"gold_gain":0.0,"event_name":"Back to Basics","player_choice":"Elegance","floor":21.0,"gold_loss":0.0,"damage_taken":0.0},{"damage_healed":0.0,"max_hp_gain":0.0,"max_hp_loss":0.0,"gold_gain":50.0,"event_name":"Golden Shrine","player_choice":"Pray","floor":27.0,"gold_loss":0.0,"damage_taken":0.0},{"damage_healed":0.0,"max_hp_gain":0.0,"max_hp_loss":0.0,"gold_gain":0.0,"event_name":"SensoryStone","player_choice":"Memory 1","floor":36.0,"gold_loss":0.0,"damage_taken":0.0},{"damage_healed":0.0,"max_hp_gain":0.0,"max_hp_loss":0.0,"gold_gain":999.0,"event_name":"MindBloom","player_choice":"Gold","floor":37.0,"gold_loss":0.0,"damage_taken":0.0,"cards_obtained":["Normality","Normality"]},{"damage_healed":0.0,"max_hp_gain":0.0,"max_hp_loss":0.0,"gold_gain":0.0,"event_name":"Tomb of Lord Red Mask","player_choice":"Paid","floor":41.0,"gold_loss":123.0,"damage_taken":0.0,"relics_obtained":["Red Mask"]},{"damage_healed":0.0,"max_hp_gain":0.0,"max_hp_loss":6.0,"gold_gain":0.0,"event_name":"Winding Halls","player_choice":"Max HP","floor":44.0,"gold_loss":0.0,"damage_taken":0.0}],"is_beta":false,"boss_relics":[{"not_picked":["Runic Dome","Sozu"],"picked":"Philosopher\u0027s Stone"},{"not_picked":["White Beast Statue","Empty Cage"],"picked":"Pandora\u0027s Box"}],"items_purged_floors":[38],"is_endless":false,"potions_floor_spawned":[1,2,11,13,16,18,20,25,29,31,35,39,40],"ascension_level":20}