{"gold_per_floor":[115,133,153,328,328,328,71,71,71,71,99,52,63,80,80,185,185,199,249,265,282,293,293,383,402,402,419,419,12,38,38,38,137,137,156,168,168,181,198,228,228,253,253,253,253,268,268,268,268,268],"floor_reached":51,"playtime":1461,"items_purged":[],"score":836,"play_id":"eafd9676-2f20-464b-af9a-9fdba505c74e","local_time":"20190217103524","is_ascension_mode":true,"campfire_choices":[{"data":"Body Slam","floor":6,"key":"SMITH"},{"data":"Apotheosis","floor":8,"key":"SMITH"},{"floor":15,"key":"REST"},{"floor":23,"key":"REST"},{"floor":28,"key":"REST"},{"floor":32,"key":"REST"},{"floor":41,"key":"REST"},{"floor":45,"key":"REST"},{"floor":47,"key":"REST"},{"floor":49,"key":"REST"}],"neow_cost":"NONE","seed_source_timestamp":291397134872137,"circlet_count":0,"master_deck":["Strike_R","Strike_R","Strike_R","Strike_R","Strike_R","Defend_R","Defend_R","Defend_R","Bash","Impervious","Perfected Strike","Body Slam+1","Apotheosis+1","Purity","Perfected Strike","Twin Strike","Entrench","Feed","Perfected Strike","Inflame","Trip","Limit Break","Double Tap","Whirlwind+1","Perfected Strike+1","Pommel Strike","Ghostly Armor+1","Perfected Strike+1","Iron Wave+1"],"relics":["Burning Blood","Gambling Chip","Omamori","Cursed Key","Blue Candle","Pear","Bag of Preparation","Mercury Hourglass","Fusion Hammer","Ginger","Pen Nib","Molten Egg 2"],"potions_floor_usage":[16,33,40,40,40,50,50],"damage_taken":[{"damage":6,"enemies":"Cultist","floor":1,"turns":3},{"damage":5,"enemies":"Small Slimes","floor":2,"turns":5},{"damage":0,"enemies":"2 Louse","floor":3,"turns":2},{"damage":24,"enemies":"Lagavulin","floor":11,"turns":6},{"damage":9,"enemies":"Blue Slaver","floor":13,"turns":3},{"damage":8,"enemies":"Exordium Thugs","floor":14,"turns":4},{"damage":27,"enemies":"Hexaghost","floor":16,"turns":11},{"damage":11,"enemies":"Shell Parasite","floor":18,"turns":6},{"damage":0,"enemies":"Spheric Guardian","floor":20,"turns":2},{"damage":26,"enemies":"Centurion and Healer","floor":21,"turns":3},{"damage":5,"enemies":"3 Cultists","floor":22,"turns":5},{"damage":33,"enemies":"Shelled Parasite and Fungi","floor":25,"turns":5},{"damage":0,"enemies":"Snake Plant","floor":27,"turns":2},{"damage":41,"enemies":"Gremlin Leader","floor":30,"turns":7},{"damage":97,"enemies":"Collector","floor":33,"turns":10},{"damage":20,"enemies":"3 Darklings","floor":35,"turns":4},{"damage":3,"enemies":"Orb Walker","floor":36,"turns":3},{"damage":12,"enemies":"Sphere and 2 Shapes","floor":38,"turns":4},{"damage":39,"enemies":"4 Shapes","floor":39,"turns":1},{"damage":44,"enemies":"Reptomancer","floor":40,"turns":5},{"damage":39,"enemies":"Nemesis","floor":42,"turns":5},{"damage":14,"enemies":"3 Darklings","floor":46,"turns":5},{"damage":82,"enemies":"Donu and Deca","floor":50,"turns":9}],"seed_played":"-4412062587957445333","potions_obtained":[{"floor":2,"key":"Swift Potion"},{"floor":11,"key":"FairyPotion"},{"floor":16,"key":"Poison Potion"},{"floor":18,"key":"SpeedPotion"},{"floor":33,"key":"Poison Potion"},{"floor":35,"key":"BloodPotion"},{"floor":42,"key":"Swift Potion"},{"floor":46,"key":"Fire Potion"}],"is_trial":false,"path_per_floor":["M","M","M","?","?","R","$","R","T","$","E","$","M","M","R","B",null,"M","?","M","M","M","R","?","M","T","M","R","$","E","$","R","B",null,"M","M","$","M","M","E","R","E","T","?","R","M","R","?","R","B",null],"character_chosen":"IRONCLAD","items_purchased":["Apotheosis","Purity","Perfected Strike","Pear","Bag of Preparation"],"campfire_rested":8,"item_purchase_floors":[7,7,12,29,29],"current_hp_per_floor":[80,80,80,80,80,80,80,80,80,80,62,62,59,57,80,59,80,79,79,88,68,69,88,64,41,41,51,79,89,54,54,85,20,110,96,99,99,93,60,33,66,33,33,33,66,58,91,91,110,34],"gold":268,"neow_bonus":"ONE_RANDOM_RARE_CARD","is_prod":false,"is_daily":false,"chose_seed":false,"campfire_upgraded":2,"win_rate":0,"timestamp":1550428524,"path_taken":["M","?","M","?","?","R","$","R","T","$","E","?","M","?","R","BOSS","M","?","M","?","M","R","?","M","T","M","R","$","E","?","R","BOSS","M","M","?","?","M","E","R","E","T","?","R","M","R","?","R","BOSS"],"build_version":"2019-01-23","purchased_purges":0,"victory":true,"max_hp_per_floor":[80,80,80,80,80,80,80,80,80,80,80,80,80,80,80,80,80,84,84,88,88,88,88,88,92,92,96,96,106,106,106,106,110,110,110,110,110,110,110,110,110,110,110,110,110,110,110,110,110,110],"card_choices":[{"not_picked":["Heavy Blade","Wild Strike","True Grit"],"picked":"SKIP","floor":1},{"not_picked":["Intimidate","Iron Wave"],"picked":"Perfected Strike","floor":2},{"not_picked":["Intimidate","Armaments"],"picked":"Body Slam","floor":3},{"not_picked":["Hemokinesis","Demon Form","Fire Breathing"],"picked":"SKIP","floor":11},{"not_picked":["Seeing Red","Havoc"],"picked":"Twin Strike","floor":13},{"not_picked":["Wild Strike","Ghostly Armor"],"picked":"Entrench","floor":14},{"not_picked":["Bludgeon","Immolate"],"picked":"Feed","floor":16},{"not_picked":["Iron Wave","Headbutt+1"],"picked":"Perfected Strike","floor":18},{"not_picked":["Shrug It Off","Brutality"],"picked":"Inflame","floor":20},{"not_picked":["Burning Pact","Sever Soul+1","Cleave"],"picked":"SKIP","floor":21},{"not_picked":["Havoc","Spot Weakness","Power Through"],"picked":"SKIP","floor":22},{"not_picked":["Blood for Blood","Second Wind","Body Slam+1"],"picked":"SKIP","floor":25},{"not_picked":["Shockwave","Clothesline","Body Slam"],"picked":"SKIP","floor":27},{"not_picked":["Blood for Blood","Sentinel"],"picked":"Limit Break","floor":30},{"not_picked":["Exhume","Juggernaut"],"picked":"Double Tap","floor":33},{"not_picked":["Heavy Blade","Twin Strike"],"picked":"Whirlwind+1","floor":35},{"not_picked":["Entrench+1","Seeing Red"],"picked":"Perfected Strike+1","floor":36},{"not_picked":["Iron Wave","Wild Strike+1"],"picked":"Pommel Strike","floor":38},{"not_picked":["Whirlwind","Shockwave","Armaments"],"picked":"SKIP","floor":39},{"not_picked":["Thunderclap+1","Shockwave+1"],"picked":"Ghostly Armor+1","floor":40},{"not_picked":["Rampage+1","Sword Boomerang"],"picked":"Perfected Strike+1","floor":42},{"not_picked":["Headbutt+1","Sword Boomerang+1"],"picked":"Iron Wave+1","floor":46}],"player_experience":215954,"relics_obtained":[{"floor":9,"key":"Gambling Chip"},{"floor":11,"key":"Omamori"},{"floor":26,"key":"Blue Candle"},{"floor":30,"key":"Mercury Hourglass"},{"floor":40,"key":"Ginger"},{"floor":42,"key":"Pen Nib"},{"floor":43,"key":"Molten Egg 2"}],"event_choices":[{"damage_healed":0,"gold_gain":175,"player_choice":"AGREE","damage_taken":0,"max_hp_gain":0,"max_hp_loss":0,"event_name":"Liars Game","floor":4,"gold_loss":0,"cards_obtained":["Doubt"]},{"cards_removed":["Doubt"],"damage_healed":0,"gold_gain":0,"player_choice":"Forget","damage_taken":0,"max_hp_gain":0,"max_hp_loss":0,"event_name":"Living Wall","floor":5,"gold_loss":0},{"damage_healed":0,"gold_gain":100,"player_choice":"Bet on Murderer","damage_taken":0,"max_hp_gain":0,"max_hp_loss":0,"event_name":"The Joust","floor":19,"gold_loss":50},{"damage_healed":0,"gold_gain":90,"player_choice":"CARD GOLD ","damage_taken":24,"max_hp_gain":0,"max_hp_loss":0,"event_name":"Knowing Skull","floor":24,"potions_obtained":[],"gold_loss":0,"cards_obtained":["Trip"]},{"damage_healed":0,"gold_gain":0,"player_choice":"Ignored","damage_taken":0,"max_hp_gain":0,"max_hp_loss":0,"event_name":"Mysterious Sphere","floor":44,"gold_loss":0},{"cards_removed":["Defend_R"],"damage_healed":0,"gold_gain":0,"player_choice":"Purged","damage_taken":0,"max_hp_gain":0,"max_hp_loss":0,"event_name":"Purifier","floor":48,"gold_loss":0}],"is_beta":false,"boss_relics":[{"not_picked":["Runic Pyramid","Black Star"],"picked":"Cursed Key"},{"not_picked":["Black Blood","Eternal Feather"],"picked":"Fusion Hammer"}],"items_purged_floors":[],"is_endless":false,"potions_floor_spawned":[2,11,16,18,21,27,33,35,42,46],"ascension_level":1}