{"gold_per_floor":[219,219,11,11,32,32,32,32,58,99,122,136,136,152,152,273,273,293,307,326,326,241,241,260,260,260,260,260,240,265,288,288,288],"floor_reached":33,"playtime":1414,"items_purged":[],"score":333,"play_id":"2276d6d4-0b64-4028-ac9f-2d1c58002000","local_time":"20180831140243","is_ascension_mode":true,"campfire_choices":[{"data":"Neutralize","floor":6,"key":"SMITH"},{"floor":8,"key":"REST"},{"floor":15,"key":"REST"},{"floor":23,"key":"REST"},{"floor":25,"key":"REST"},{"data":"Envenom","floor":27,"key":"SMITH"},{"floor":32,"key":"REST"}],"neow_cost":"NONE","seed_source_timestamp":4726731259623288,"circlet_count":0,"master_deck":["Defend_G","Defend_G","Defend_G","Defend_G","Defend_G","Strike_G+1","Strike_G+1","Strike_G","Strike_G","Survivor","Neutralize+1","Crippling Poison","Cloak And Dagger","Dagger Throw","Envenom+1","Dodge and Roll","Quick Slash","Sucker Punch","Glass Knife","Dagger Throw","Dodge and Roll+1","Dash+1","Dagger Spray+1","Doppelganger","Deep Breath","After Image"],"relics":["Ring of the Serpent","Golden Idol","Snake Skull","Bag of Marbles","Shuriken","Nunchaku","Tough Bandages"],"potions_floor_usage":[10,16,20,30,30,33],"damage_taken":[{"damage":16,"enemies":"Jaw Worm","floor":1,"turns":8},{"damage":4,"enemies":"Small Slimes","floor":5,"turns":3},{"damage":20,"enemies":"Lagavulin","floor":10,"turns":7},{"damage":0,"enemies":"Cultist","floor":11,"turns":2},{"damage":0,"enemies":"Blue Slaver","floor":12,"turns":4},{"damage":1,"enemies":"Gremlin Gang","floor":14,"turns":5},{"damage":18,"enemies":"The Guardian","floor":16,"turns":15},{"damage":33,"enemies":"3 Byrds","floor":18,"turns":7},{"damage":19,"enemies":"Spheric Guardian","floor":19,"turns":6},{"damage":1,"enemies":"3 Cultists","floor":20,"turns":4},{"damage":18,"enemies":"Centurion and Healer","floor":24,"turns":14},{"damage":2,"enemies":"Chosen and Byrds","floor":30,"turns":6},{"damage":34,"enemies":"Sentry and Sphere","floor":31,"turns":13},{"damage":37,"enemies":"Collector","floor":33,"turns":6}],"seed_played":"6233145241648101115","potions_obtained":[{"floor":5,"key":"FearPotion"},{"floor":10,"key":"GamblersBrew"},{"floor":14,"key":"Ancient Potion"},{"floor":19,"key":"Explosive Potion"},{"floor":24,"key":"Regen Potion"},{"floor":29,"key":"GhostInAJar"}],"is_trial":false,"path_per_floor":["M","?","$","?","M","R","$","R","T","E","M","M","?","M","R","B",null,"M","M","M","?","?","R","M","R","T","R","?","?","M","M","R"],"character_chosen":"THE_SILENT","items_purchased":["Snake Skull","Cloak And Dagger"],"campfire_rested":5,"item_purchase_floors":[3,3],"current_hp_per_floor":[47,30,30,16,12,12,12,33,33,13,13,13,13,12,33,15,56,23,4,3,3,3,24,6,27,27,27,27,27,40,6,27,0],"gold":288,"neow_bonus":"HUNDRED_GOLD","is_prod":false,"is_daily":false,"chose_seed":false,"campfire_upgraded":2,"win_rate":0,"timestamp":1535738563,"path_taken":["M","?","$","?","M","R","$","R","T","E","M","?","?","?","R","BOSS","M","M","M","?","?","R","M","R","T","R","?","?","?","M","R","BOSS"],"build_version":"2018-08-30","purchased_purges":0,"victory":false,"max_hp_per_floor":[70,70,70,70,70,70,70,70,70,70,70,70,70,70,70,70,70,70,70,70,70,70,70,70,70,70,70,70,70,70,70,70,70],"card_choices":[{"not_picked":["Blade Dance","Bane"],"picked":"Crippling Poison","floor":1},{"not_picked":["Underhanded Strike","Finisher"],"picked":"Dagger Throw","floor":5},{"not_picked":["Caltrops","PiercingWail"],"picked":"Envenom","floor":10},{"not_picked":["Bane","Expertise"],"picked":"Dodge and Roll","floor":11},{"not_picked":["Prepared","Calculated Gamble"],"picked":"Quick Slash","floor":12},{"not_picked":["Acrobatics","Well Laid Plans"],"picked":"Sucker Punch","floor":14},{"not_picked":["Venomology","Wraith Form v2"],"picked":"Glass Knife","floor":16},{"not_picked":["Deflect","Underhanded Strike+1"],"picked":"Dagger Throw","floor":18},{"not_picked":["Slice+1","Footwork"],"picked":"Dodge and Roll+1","floor":19},{"not_picked":["Poisoned Stab","Flechettes"],"picked":"Dash+1","floor":20},{"not_picked":["Bane","Sucker Punch+1"],"picked":"Dagger Spray+1","floor":24},{"not_picked":["PiercingWail","Bane","Slice"],"picked":"SKIP","floor":30},{"not_picked":["Footwork","Quick Slash"],"picked":"After Image","floor":31}],"player_experience":293655,"relics_obtained":[{"floor":9,"key":"Bag of Marbles"},{"floor":10,"key":"Shuriken"},{"floor":26,"key":"Tough Bandages"}],"event_choices":[{"event_name":"Golden Idol","player_choice":"Take Damage","floor":2,"damage_taken":0},{"event_name":"Shining Light","player_choice":"Entered Light","floor":4,"damage_taken":0},{"event_name":"Purifier","player_choice":"One Purge","floor":13,"damage_taken":0},{"event_name":"Ghosts","player_choice":"Ignored","floor":21,"damage_taken":0},{"event_name":"Addict","player_choice":"Obtained Relic","floor":22,"damage_taken":0},{"event_name":"Match and Keep!","player_choice":"2 cards matched","floor":28,"damage_taken":0},{"event_name":"The Woman in Blue","player_choice":"Bought 1 Potion","floor":29,"damage_taken":0}],"is_beta":false,"boss_relics":[{"not_picked":["Tiny House","Busted Crown"],"picked":"Ring of the Serpent"}],"items_purged_floors":[],"is_endless":false,"potions_floor_spawned":[5,10,14,19,24],"killed_by":"Collector","ascension_level":7}