{"gold_per_floor":[369,26,26,26,26,26,37,96,96,107,133,18,49,64,64,140,140,155,155,169,169],"floor_reached":21,"playtime":678,"items_purged":[],"score":474,"play_id":"564a0a31-abf6-4cf0-84a1-f10c8e5b0941","local_time":"20190710115432","is_ascension_mode":true,"campfire_choices":[{"floor":6.0,"key":"REST"},{"floor":15.0,"key":"REST"}],"neow_cost":"CURSE","seed_source_timestamp":14056022422800,"circlet_count":0,"master_deck":["AscendersBane","Strike_B","Strike_B","Strike_B","Strike_B","Defend_B","Defend_B","Defend_B","Defend_B","Zap","Dualcast","Conserve Battery","Ball Lightning","Reboot+1","White Noise","Steam","Beam Cell","Defragment","Creative AI"],"special_seed":0,"relics":["Cracked Core","PreservedInsect","DataDisk","Potion Belt","Omamori","Meat on the Bone","Letter Opener","Bag of Preparation","Snecko Eye"],"potions_floor_usage":[],"damage_taken":[{"damage":0.0,"enemies":"Small Slimes","floor":1.0,"turns":3.0},{"damage":1.0,"enemies":"2 Louse","floor":7.0,"turns":3.0},{"damage":8.0,"enemies":"3 Sentries","floor":8.0,"turns":4.0},{"damage":2.0,"enemies":"Jaw Worm","floor":10.0,"turns":3.0},{"damage":0.0,"enemies":"Lagavulin","floor":11.0,"turns":5.0},{"damage":0.0,"enemies":"Gremlin Nob","floor":13.0,"turns":2.0},{"damage":1.0,"enemies":"Blue Slaver","floor":14.0,"turns":3.0},{"damage":21.0,"enemies":"Slime Boss","floor":16.0,"turns":8.0},{"damage":22.0,"enemies":"Spheric Guardian","floor":18.0,"turns":5.0},{"damage":29.0,"enemies":"Shell Parasite","floor":20.0,"turns":6.0},{"damage":41,"enemies":"Centurion and Healer","floor":21,"turns":4}],"seed_played":"1119246895818529615","potions_obtained":[{"floor":7.0,"key":"Energy Potion"},{"floor":10.0,"key":"PowerPotion"}],"is_trial":false,"path_per_floor":["M","$","?","$","?","R","M","?","T","M","E","$","E","M","R","B",null,"M","?","M","M"],"character_chosen":"DEFECT","items_purchased":["PreservedInsect","DataDisk","Swift Potion","Beam Cell"],"campfire_rested":2,"item_purchase_floors":[2,2,12,12],"current_hp_per_floor":[64,64,29,29,29,50,49,41,41,39,39,39,39,38,59,38,63,41,41,24,0],"gold":169,"neow_bonus":"TWO_FIFTY_GOLD","is_prod":false,"is_daily":false,"chose_seed":false,"campfire_upgraded":0,"win_rate":0,"timestamp":1562784872,"path_taken":["M","$","?","$","?","R","?","?","T","M","E","$","E","M","R","BOSS","M","?","?","M"],"build_version":"2019-07-05","purchased_purges":0,"victory":false,"max_hp_per_floor":[71,71,71,71,71,71,71,71,71,71,71,71,71,71,71,71,71,71,71,71,71],"card_choices":[{"not_picked":["Compile Driver","Rebound"],"picked":"Conserve Battery","floor":1.0},{"not_picked":["Hologram","Coolheaded"],"picked":"Ball Lightning","floor":7.0},{"not_picked":["Heatsinks","Aggregate"],"picked":"Reboot","floor":8.0},{"not_picked":["Darkness","Stack"],"picked":"White Noise","floor":10.0},{"not_picked":["Steam Power","Beam Cell"],"picked":"Steam","floor":11.0},{"not_picked":["Cold Snap","Compile Driver"],"picked":"Defragment","floor":13.0},{"not_picked":["Steam","Scrape","Force Field"],"picked":"SKIP","floor":14.0},{"not_picked":["Multi-Cast","All For One"],"picked":"Creative AI","floor":16.0},{"not_picked":["Steam","Compile Driver","Streamline"],"picked":"SKIP","floor":18.0},{"not_picked":["Rebound+1","BootSequence+1","White Noise"],"picked":"SKIP","floor":20.0}],"player_experience":1258239,"relics_obtained":[{"floor":8.0,"key":"Omamori"},{"floor":9.0,"key":"Meat on the Bone"},{"floor":11.0,"key":"Letter Opener"},{"floor":13.0,"key":"Bag of Preparation"}],"event_choices":[{"damage_healed":0.0,"max_hp_gain":0.0,"max_hp_loss":0.0,"gold_gain":0.0,"event_name":"Scrap Ooze","player_choice":"Success","floor":3.0,"gold_loss":0.0,"damage_taken":35.0,"relics_obtained":["Potion Belt"]},{"cards_removed":["Writhe"],"damage_healed":0.0,"max_hp_gain":0.0,"max_hp_loss":0.0,"gold_gain":0.0,"event_name":"Living Wall","player_choice":"Forget","floor":5.0,"gold_loss":0.0,"damage_taken":0.0},{"damage_healed":0.0,"max_hp_gain":0.0,"max_hp_loss":0.0,"gold_gain":0.0,"event_name":"Dead Adventurer","player_choice":"Searched \u00271\u0027 times","floor":8.0,"gold_loss":0.0,"damage_taken":0.0},{"damage_healed":0.0,"max_hp_gain":0.0,"max_hp_loss":0.0,"gold_gain":0.0,"event_name":"Upgrade Shrine","player_choice":"Upgraded","floor":19.0,"gold_loss":0.0,"damage_taken":0.0,"cards_upgraded":["Reboot"]}],"is_beta":false,"boss_relics":[{"not_picked":["White Beast Statue","Runic Pyramid"],"picked":"Snecko Eye"}],"items_purged_floors":[],"is_endless":false,"potions_floor_spawned":[7,10],"killed_by":"Centurion and Healer","ascension_level":20}