{"gold_per_floor":[214,214,231,243,243,243,254,254,254,267,267],"floor_reached":11,"playtime":354,"items_purged":[],"score":130,"play_id":"1ec61c7a-a553-452c-9da4-0989400ab590","local_time":"20190510223139","is_ascension_mode":true,"campfire_choices":[{"data":"Bouncing Flask","floor":6,"key":"SMITH"},{"data":"Neutralize","floor":8,"key":"SMITH"}],"neow_cost":"NONE","seed_source_timestamp":1160731965042185,"circlet_count":0,"master_deck":["AscendersBane","Defend_G","Defend_G","Defend_G","Defend_G","Defend_G","Strike_G","Strike_G","Strike_G","Strike_G","Strike_G","Survivor","Neutralize+1","PiercingWail","Bouncing Flask+1","Infinite Blades","Predator","Predator"],"relics":["Ring of the Snake","Question Card"],"potions_floor_usage":[],"damage_taken":[{"damage":0,"enemies":"Jaw Worm","floor":1,"turns":7},{"damage":8,"enemies":"Cultist","floor":3,"turns":7},{"damage":0,"enemies":"2 Louse","floor":4,"turns":2},{"damage":3,"enemies":"Looter","floor":7,"turns":4},{"damage":16,"enemies":"Exordium Wildlife","floor":10,"turns":6},{"damage":37,"enemies":"3 Sentries","floor":11,"turns":6}],"seed_played":"5381133321499067374","potions_obtained":[{"floor":7,"key":"Ancient Potion"}],"is_trial":false,"path_per_floor":["M","?","M","M","$","R","M","R","T","M","E"],"character_chosen":"THE_SILENT","items_purchased":[],"campfire_rested":0,"item_purchase_floors":[],"current_hp_per_floor":[59,59,51,51,51,51,48,48,48,32,0],"gold":267,"neow_bonus":"HUNDRED_GOLD","is_prod":false,"is_daily":false,"chose_seed":false,"campfire_upgraded":2,"win_rate":0,"timestamp":1557541899,"path_taken":["M","?","M","M","?","R","M","R","T","?","E"],"build_version":"2019-01-23","purchased_purges":0,"victory":false,"max_hp_per_floor":[66,66,66,66,66,66,66,66,66,66,66],"card_choices":[{"not_picked":["Acrobatics","Backflip"],"picked":"PiercingWail","floor":1},{"not_picked":["Underhanded Strike","Bane","Slice"],"picked":"Bouncing Flask","floor":3},{"not_picked":["Quick Slash","Backflip","Underhanded Strike"],"picked":"Infinite Blades","floor":4},{"not_picked":["PiercingWail","Backstab","Poisoned Stab"],"picked":"Predator","floor":7},{"not_picked":["PiercingWail","Quick Slash","Deadly Poison"],"picked":"Predator","floor":10}],"player_experience":682137,"relics_obtained":[{"floor":2,"key":"Question Card"}],"event_choices":[{"damage_healed":0,"gold_gain":0,"player_choice":"Relic","damage_taken":0,"max_hp_gain":0,"max_hp_loss":0,"event_name":"Wheel of Change","floor":2,"gold_loss":0}],"is_beta":false,"boss_relics":[],"items_purged_floors":[],"is_endless":false,"potions_floor_spawned":[7],"killed_by":"3 Sentries","ascension_level":20}