{"gold_per_floor":[116,116,127,139,139,169,185,35,35,68,88,88,104,120,120,199,199,214,129,129,146,46,46,46,46,71,101,118,132,132,159,159,231,231,243,253,265,318,332,332,364,364,418,398,418,100,100,110,110,110,110],"floor_reached":52,"playtime":2476,"items_purged":["Pain","Strike_R"],"score":1893,"play_id":"f11e7b91-ac83-4ecc-8127-a33a968f8e32","local_time":"20190404181902","is_ascension_mode":true,"campfire_choices":[{"data":"Bash","floor":12.0,"key":"SMITH"},{"data":"Iron Wave","floor":15.0,"key":"SMITH"},{"floor":23.0,"key":"REST"},{"data":"Whirlwind","floor":25.0,"key":"SMITH"},{"floor":30.0,"key":"REST"},{"data":"Double Tap","floor":32.0,"key":"SMITH"},{"floor":40,"key":"REST"},{"data":"Limit Break","floor":42,"key":"SMITH"},{"data":"1","floor":47,"key":"LIFT"},{"data":"2","floor":49,"key":"LIFT"}],"neow_cost":"NONE","seed_source_timestamp":1144002950701800,"circlet_count":0,"master_deck":["AscendersBane","Strike_R","Strike_R","Strike_R","Strike_R","Defend_R","Defend_R","Defend_R","Defend_R+1","Bash+1","Anger","Shrug It Off","Battle Trance+1","Hemokinesis","Dropkick","Iron Wave+1","Metallicize+1","Metallicize+1","Demon Form+1","Whirlwind+1","Corruption+1","Double Tap+1","Limit Break+1","Shrug It Off+1","Metallicize+1","Disarm","Shrug It Off","Shrug It Off+1"],"special_seed":0,"relics":["Burning Blood","WarpedTongs","Frozen Egg 2","Self Forming Clay","War Paint","Philosopher\u0027s Stone","Thread and Needle","Potion Belt","Oddly Smooth Stone","Question Card","Runic Pyramid","Bird Faced Urn","Lantern","Omamori","Girya"],"potions_floor_usage":[39,50,51,51,51],"damage_taken":[{"damage":6.0,"enemies":"Jaw Worm","floor":1.0,"turns":6.0},{"damage":1.0,"enemies":"Cultist","floor":3.0,"turns":4.0},{"damage":2.0,"enemies":"2 Louse","floor":4.0,"turns":3.0},{"damage":27.0,"enemies":"Gremlin Nob","floor":6.0,"turns":4.0},{"damage":28.0,"enemies":"Gremlin Gang","floor":7.0,"turns":4.0},{"damage":23.0,"enemies":"3 Sentries","floor":10.0,"turns":9.0},{"damage":5.0,"enemies":"Exordium Wildlife","floor":11.0,"turns":3.0},{"damage":1.0,"enemies":"2 Fungi Beasts","floor":13.0,"turns":4.0},{"damage":0.0,"enemies":"Gremlin Gang","floor":14.0,"turns":4.0},{"damage":37.0,"enemies":"Hexaghost","floor":16.0,"turns":10.0},{"damage":18.0,"enemies":"3 Byrds","floor":18.0,"turns":6.0},{"damage":4.0,"enemies":"Chosen","floor":21.0,"turns":5.0},{"damage":13.0,"enemies":"Gremlin Leader","floor":27.0,"turns":5.0},{"damage":5.0,"enemies":"Centurion and Healer","floor":28.0,"turns":5.0},{"damage":0.0,"enemies":"Snecko","floor":29.0,"turns":4.0},{"damage":18.0,"enemies":"Slavers","floor":31.0,"turns":3.0},{"damage":19.0,"enemies":"Automaton","floor":33.0,"turns":6.0},{"damage":30.0,"enemies":"3 Darklings","floor":35.0,"turns":3.0},{"damage":14.0,"enemies":"3 Shapes","floor":36.0,"turns":3.0},{"damage":9.0,"enemies":"Maw","floor":37.0,"turns":7.0},{"damage":29.0,"enemies":"2 Orb Walkers","floor":38.0,"turns":5.0},{"damage":0,"enemies":"Jaw Worm Horde","floor":39,"turns":1},{"damage":5,"enemies":"Nemesis","floor":41,"turns":7},{"damage":10,"enemies":"4 Shapes","floor":45,"turns":7},{"damage":24,"enemies":"Sphere and 2 Shapes","floor":48,"turns":7},{"damage":19,"enemies":"Time Eater","floor":50,"turns":5},{"damage":43,"enemies":"Donu and Deca","floor":51,"turns":7}],"seed_played":"5343087930565345600","potions_obtained":[{"floor":1.0,"key":"Ancient Potion"},{"floor":2.0,"key":"Fruit Juice"},{"floor":2.0,"key":"PowerPotion"},{"floor":3.0,"key":"SpeedPotion"},{"floor":4.0,"key":"Weak Potion"},{"floor":11.0,"key":"Strength Potion"},{"floor":13.0,"key":"Explosive Potion"},{"floor":18.0,"key":"GamblersBrew"},{"floor":28.0,"key":"Poison Potion"},{"floor":29.0,"key":"Weak Potion"},{"floor":33.0,"key":"SkillPotion"},{"floor":35.0,"key":"FearPotion"},{"floor":37.0,"key":"SteroidPotion"},{"floor":38.0,"key":"Regen Potion"},{"floor":44,"key":"AttackPotion"},{"floor":48,"key":"Ancient Potion"}],"is_trial":false,"path_per_floor":["M","?","M","M","?","E","M","$","T","E","M","R","M","M","R","B",null,"M","?","?","M","$","R","$","R","T","E","M","M","R","E","R","B",null,"M","M","M","?","M","R","E","R","T","?","M","$","R","M","R","B","B",null],"character_chosen":"IRONCLAD","items_purchased":["Dropkick","Girya"],"campfire_rested":3,"item_purchase_floors":[8,46],"current_hp_per_floor":[75,75,85,87,87,66,44,44,44,27,28,28,33,39,39,8,67,55,55,30,32,32,59,59,59,59,52,53,59,86,74,74,61,84,60,52,49,26,32,59,70,70,70,70,76,76,76,68,68,77,50],"gold":110,"neow_bonus":"TEN_PERCENT_HP_BONUS","is_prod":false,"is_daily":false,"chose_seed":false,"campfire_upgraded":5,"win_rate":0,"timestamp":1554398342,"path_taken":["M","?","?","M","?","E","M","$","T","E","M","R","M","?","R","BOSS","M","?","?","M","$","R","?","R","T","E","M","M","R","E","R","BOSS","M","?","M","?","M","R","E","R","T","?","M","$","R","?","R","BOSS","BOSS"],"build_version":"2019-01-23","purchased_purges":2,"victory":true,"max_hp_per_floor":[82,82,87,87,87,87,87,87,87,87,87,87,87,87,87,87,87,87,87,92,92,92,92,92,92,92,92,92,92,92,92,92,92,92,92,92,92,92,92,92,92,92,92,92,92,92,92,92,92,92,92],"card_choices":[{"not_picked":["Combust","Battle Trance"],"picked":"Anger","floor":1.0},{"not_picked":["Cleave","Infernal Blade"],"picked":"Shrug It Off","floor":3.0},{"not_picked":["Intimidate","Armaments"],"picked":"Battle Trance","floor":4.0},{"not_picked":["Sever Soul","Clash"],"picked":"Hemokinesis","floor":6.0},{"not_picked":["Anger","Heavy Blade","Thunderclap"],"picked":"SKIP","floor":7.0},{"not_picked":["Entrench","Warcry"],"picked":"Iron Wave","floor":10.0},{"not_picked":["Headbutt","Clothesline","Intimidate"],"picked":"SKIP","floor":11.0},{"not_picked":["Blood for Blood","Seeing Red"],"picked":"Metallicize+1","floor":13.0},{"not_picked":["Armaments","Berserk+1"],"picked":"Metallicize+1","floor":14.0},{"not_picked":["Dark Embrace+1","Double Tap"],"picked":"Demon Form+1","floor":16.0},{"not_picked":["Clash","Intimidate","Headbutt"],"picked":"SKIP","floor":18.0},{"not_picked":["Sword Boomerang","Twin Strike+1"],"picked":"Whirlwind","floor":21.0},{"not_picked":["Power Through+1","Cleave","Clash"],"picked":"SKIP","floor":27.0},{"not_picked":["Shrug It Off+1","Infernal Blade+1"],"picked":"Corruption+1","floor":28.0},{"not_picked":["Cleave","True Grit","Heavy Blade"],"picked":"SKIP","floor":29.0},{"not_picked":["Perfected Strike","Dual Wield"],"picked":"Double Tap","floor":31.0},{"not_picked":["Bludgeon","Immolate","Impervious"],"picked":"Limit Break","floor":33.0},{"not_picked":["Armaments","Clash","Twin Strike"],"picked":"Shrug It Off+1","floor":35.0},{"not_picked":["Rage","Iron Wave","Havoc+1","Cleave"],"picked":"SKIP","floor":36.0},{"not_picked":["Sentinel","Brutality+1","Warcry"],"picked":"Metallicize+1","floor":37.0},{"not_picked":["Havoc","Sword Boomerang","Heavy Blade"],"picked":"Disarm","floor":38.0},{"not_picked":["Bloodletting","Warcry+1","Uppercut"],"picked":"Shrug It Off","floor":39},{"not_picked":["Second Wind","Reckless Charge+1","Anger"],"picked":"Shrug It Off+1","floor":41},{"not_picked":["Thunderclap","Feed","Clothesline","Rampage+1"],"picked":"SKIP","floor":45},{"not_picked":["Sword Boomerang","Perfected Strike+1","Thunderclap","Sentinel"],"picked":"SKIP","floor":48}],"player_experience":1292666,"relics_obtained":[{"floor":6.0,"key":"Frozen Egg 2"},{"floor":9.0,"key":"Self Forming Clay"},{"floor":10.0,"key":"War Paint"},{"floor":26.0,"key":"Potion Belt"},{"floor":27.0,"key":"Oddly Smooth Stone"},{"floor":31.0,"key":"Question Card"},{"floor":38.0,"key":"Bird Faced Urn"},{"floor":41,"key":"Lantern"},{"floor":43,"key":"Omamori"}],"event_choices":[{"damage_healed":0.0,"max_hp_gain":0.0,"max_hp_loss":0.0,"gold_gain":0.0,"event_name":"Lab","player_choice":"Got Potions","floor":2.0,"gold_loss":0.0,"damage_taken":0.0},{"damage_healed":0.0,"max_hp_gain":0.0,"max_hp_loss":0.0,"gold_gain":0.0,"event_name":"Accursed Blacksmith","player_choice":"Rummage","floor":5.0,"gold_loss":0.0,"damage_taken":0.0,"relics_obtained":["WarpedTongs"],"cards_obtained":["Pain"]},{"damage_healed":0.0,"max_hp_gain":0.0,"max_hp_loss":0.0,"gold_gain":0.0,"event_name":"Addict","player_choice":"Obtained Relic","floor":19.0,"gold_loss":85.0,"damage_taken":0.0,"relics_obtained":["Thread and Needle"]},{"damage_healed":0.0,"max_hp_gain":5.0,"max_hp_loss":0.0,"gold_gain":0.0,"event_name":"Forgotten Altar","player_choice":"Shed Blood","floor":20.0,"gold_loss":0.0,"damage_taken":30.0},{"damage_healed":0.0,"max_hp_gain":0.0,"max_hp_loss":0.0,"gold_gain":0.0,"event_name":"Mysterious Sphere","player_choice":"Fight","floor":38.0,"gold_loss":0.0,"damage_taken":0.0},{"damage_healed":0,"gold_gain":0,"player_choice":"Bought 1 Potion","damage_taken":0,"max_hp_gain":0,"max_hp_loss":0,"event_name":"The Woman in Blue","floor":44,"gold_loss":0}],"is_beta":false,"boss_relics":[{"not_picked":["Empty Cage","Orrery"],"picked":"Philosopher\u0027s Stone"},{"not_picked":["Mark of Pain","Lizard Tail"],"picked":"Runic Pyramid"}],"items_purged_floors":[8,22],"is_endless":false,"potions_floor_spawned":[1,3,4,11,13,18,28,29,33,35,37,38,48],"ascension_level":20}