{"gold_per_floor":[18,33,0,0,11,41,41,41,67,84,104,104],"floor_reached":12,"playtime":441,"items_purged":[],"score":80,"play_id":"89f13a22-e037-4d03-b09c-3664948624b8","local_time":"20180703203143","is_ascension_mode":false,"campfire_choices":[{"floor":7,"key":"REST"}],"neow_cost":"NO_GOLD","seed_source_timestamp":5562472654576366,"circlet_count":0,"master_deck":["Strike_B","Strike_B+1","Strike_B","Strike_B+1","Defend_B","Defend_B","Defend_B","Defend_B","Zap","Dualcast","Self Repair","Steam","Conserve Battery","Leap","Leap","Hologram"],"relics":["Cracked Core","Whetstone","Dream Catcher"],"potions_floor_usage":[],"damage_taken":[{"damage":2,"enemies":"Jaw Worm","floor":1,"turns":5},{"damage":8,"enemies":"2 Louse","floor":2,"turns":4},{"damage":2,"enemies":"Small Slimes","floor":5,"turns":4},{"damage":34,"enemies":"Lagavulin","floor":6,"turns":7},{"damage":18,"enemies":"Exordium Wildlife","floor":10,"turns":4},{"damage":8,"enemies":"3 Louse","floor":11,"turns":4},{"damage":67,"enemies":"Gremlin Nob","floor":12,"turns":5}],"seed_played":"-6572785960917209585","potions_obtained":[{"floor":1,"key":"SkillPotion"},{"floor":5,"key":"SkillPotion"},{"floor":6,"key":"FocusPotion"}],"is_trial":false,"path_per_floor":["M","M","?","?","M","E","R","$","T","M","M"],"character_chosen":"DEFECT","items_purchased":[],"campfire_rested":1,"item_purchase_floors":[],"current_hp_per_floor":[73,72,72,72,75,48,70,70,70,59,58,0],"gold":104,"neow_bonus":"THREE_RARE_CARDS","is_prod":false,"is_daily":false,"chose_seed":false,"campfire_upgraded":0,"win_rate":0,"timestamp":1530664303,"path_taken":["M","M","?","?","M","E","R","$","T","M","M","E"],"build_version":"2018-06-28","purchased_purges":0,"victory":false,"max_hp_per_floor":[75,75,75,75,75,75,75,75,75,75,75,75],"card_choices":[{"not_picked":["Lockon","Recycle"],"picked":"Self Repair","floor":1},{"not_picked":["Barrage","Redo"],"picked":"Steam","floor":2},{"not_picked":["Stack","Barrage"],"picked":"Conserve Battery","floor":5},{"not_picked":["Consume","Compile Driver"],"picked":"Leap","floor":6},{"not_picked":["Undo","Redo"],"picked":"Leap","floor":10},{"not_picked":["Barrage","Compile Driver"],"picked":"Hologram","floor":11}],"player_experience":58666,"relics_obtained":[{"floor":6,"key":"Whetstone"},{"floor":9,"key":"Dream Catcher"}],"event_choices":[{"event_name":"World of Goop","player_choice":"Left","floor":3,"damage_taken":0},{"event_name":"Liars Game","player_choice":"disagreed","floor":4,"damage_taken":0}],"boss_relics":[],"items_purged_floors":[],"is_endless":false,"potions_floor_spawned":[1,5,6,11],"killed_by":"Gremlin Nob","ascension_level":0}