{"gold_per_floor":[113,188,188,188,188,220,232,232,303,303,319,333,360,62,62,139,139,149,149,164,164,174,209,221,280,280,299,299,330,346,364,364,439,439,449,462,473,151,151,151,183,200,226,226],"floor_reached":44,"playtime":1765,"items_purged":["Strike_R"],"score":1120,"play_id":"78082f3c-366f-4013-b02c-f51b1190d183","local_time":"20190621220741","is_ascension_mode":true,"campfire_choices":[{"data":"Bash","floor":8.0,"key":"SMITH"},{"data":"Sword Boomerang","floor":10.0,"key":"SMITH"},{"data":"Spot Weakness","floor":15.0,"key":"SMITH"},{"floor":28.0,"key":"REST"},{"floor":32.0,"key":"REST"},{"floor":40,"key":"REST"}],"neow_cost":"NONE","seed_source_timestamp":4785767748762630,"circlet_count":0,"master_deck":["AscendersBane","Strike_R","Strike_R","Defend_R","Defend_R","Defend_R","Defend_R","Bash+1","Headbutt","Battle Trance","Blood for Blood","Sword Boomerang+1","Thunderclap","Spot Weakness+1","Reaper","Shrug It Off","Cleave+1","Fiend Fire","Twin Strike+1","Clothesline+1","Sword Boomerang","Sword Boomerang","Limit Break","Heavy Blade","Mayhem","Perfected Strike","Cleave"],"special_seed":0,"relics":["Burning Blood","NeowsBlessing","Pantograph","Self Forming Clay","StoneCalendar","Membership Card","Orichalcum","Velvet Choker","Potion Belt","Tiny Chest","Ginger","Anchor","Snecko Eye","OrangePellets","Bag of Marbles","Matryoshka","Omamori","Oddly Smooth Stone"],"potions_floor_usage":[37],"damage_taken":[{"damage":0.0,"enemies":"2 Louse","floor":1.0,"turns":1.0},{"damage":0.0,"enemies":"Gremlin Nob","floor":6.0,"turns":1.0},{"damage":0.0,"enemies":"Jaw Worm","floor":7.0,"turns":1.0},{"damage":10.0,"enemies":"Small Slimes","floor":11.0,"turns":3.0},{"damage":21.0,"enemies":"Gremlin Gang","floor":12.0,"turns":4.0},{"damage":28.0,"enemies":"3 Sentries","floor":13.0,"turns":7.0},{"damage":27.0,"enemies":"Hexaghost","floor":16.0,"turns":9.0},{"damage":21.0,"enemies":"Chosen","floor":18.0,"turns":5.0},{"damage":30.0,"enemies":"2 Thieves","floor":20.0,"turns":4.0},{"damage":9.0,"enemies":"Snecko","floor":22.0,"turns":4.0},{"damage":0.0,"enemies":"Gremlin Leader","floor":23.0,"turns":6.0},{"damage":14.0,"enemies":"Centurion and Healer","floor":24.0,"turns":7.0},{"damage":72.0,"enemies":"Slavers","floor":25.0,"turns":5.0},{"damage":4.0,"enemies":"3 Cultists","floor":27.0,"turns":4.0},{"damage":6.0,"enemies":"Gremlin Leader","floor":29.0,"turns":7.0},{"damage":29.0,"enemies":"Sentry and Sphere","floor":30.0,"turns":5.0},{"damage":28.0,"enemies":"Centurion and Healer","floor":31.0,"turns":5.0},{"damage":30.0,"enemies":"Champ","floor":33.0,"turns":10.0},{"damage":38.0,"enemies":"3 Shapes","floor":35.0,"turns":3.0},{"damage":47.0,"enemies":"3 Darklings","floor":36.0,"turns":5.0},{"damage":12,"enemies":"Spire Growth","floor":37,"turns":4},{"damage":33,"enemies":"Nemesis","floor":41,"turns":5},{"damage":22,"enemies":"Maw","floor":42,"turns":5},{"damage":26,"enemies":"Writhing Mass","floor":44,"turns":2}],"seed_played":"8133901463860053179","potions_obtained":[{"floor":12.0,"key":"LiquidBronze"},{"floor":20.0,"key":"Weak Potion"},{"floor":22.0,"key":"EntropicBrew"},{"floor":29.0,"key":"Ancient Potion"},{"floor":30.0,"key":"SteroidPotion"},{"floor":31.0,"key":"SteroidPotion"},{"floor":33.0,"key":"Dexterity Potion"},{"floor":42,"key":"LiquidBronze"}],"is_trial":false,"path_per_floor":["M","?","?","?","?","E","M","R","T","R","M","M","E","$","R","B",null,"M","?","M","?","M","E","M","E","T","M","R","E","M","M","R","B",null,"M","M","M","$","?","R","E","M","T","M"],"character_chosen":"IRONCLAD","items_purchased":["Membership Card","Orichalcum","Mayhem","OrangePellets","Bag of Marbles"],"campfire_rested":3,"item_purchase_floors":[14,14,38,38,38],"current_hp_per_floor":[74,63,56,56,56,62,68,68,68,68,64,49,27,27,27,31,64,56,56,40,40,43,75,75,19,19,29,51,75,52,36,58,51,69,52,29,29,29,29,51,42,26,26,0],"gold":226,"neow_bonus":"THREE_ENEMY_KILL","is_prod":false,"is_daily":false,"chose_seed":false,"campfire_upgraded":3,"win_rate":0,"timestamp":1561169261,"path_taken":["M","?","?","?","?","E","M","R","T","R","M","?","E","?","R","BOSS","M","?","M","?","M","E","M","E","T","M","R","E","M","?","R","BOSS","M","M","M","$","?","R","E","M","T","?"],"build_version":"2019-06-21","purchased_purges":1,"victory":false,"max_hp_per_floor":[75,75,75,75,75,75,75,75,75,75,75,75,75,75,75,75,75,75,75,75,75,75,75,75,75,75,75,75,75,75,75,75,75,75,75,75,75,75,75,75,75,75,75,75],"card_choices":[{"not_picked":["True Grit","Warcry"],"picked":"Headbutt","floor":1.0},{"not_picked":["Bludgeon","Armaments"],"picked":"Blood for Blood","floor":6.0},{"not_picked":["Twin Strike","Iron Wave"],"picked":"Sword Boomerang","floor":7.0},{"not_picked":["Corruption","Entrench"],"picked":"Thunderclap","floor":11.0},{"not_picked":["Intimidate","Reckless Charge","Bloodletting"],"picked":"SKIP","floor":12.0},{"not_picked":["Anger","Ghostly Armor"],"picked":"Spot Weakness","floor":13.0},{"not_picked":["Brutality","Immolate"],"picked":"Reaper","floor":16.0},{"not_picked":["Flex","Clothesline"],"picked":"Shrug It Off","floor":18.0},{"not_picked":["Feel No Pain","Armaments"],"picked":"Cleave","floor":20.0},{"not_picked":["Blood for Blood","Sentinel","Combust"],"picked":"SKIP","floor":22.0},{"not_picked":["Pummel+1","Dropkick"],"picked":"Fiend Fire","floor":23.0},{"not_picked":["Rage","Armaments"],"picked":"Twin Strike+1","floor":24.0},{"not_picked":["Infernal Blade+1","Flex"],"picked":"Clothesline+1","floor":25.0},{"not_picked":["Rupture","Twin Strike"],"picked":"Sword Boomerang","floor":27.0},{"not_picked":["Searing Blow","Perfected Strike","Power Through"],"picked":"SKIP","floor":29.0},{"not_picked":["Carnage","Combust+1","Rage+1"],"picked":"SKIP","floor":30.0},{"not_picked":["Anger","Wild Strike"],"picked":"Sword Boomerang","floor":31.0},{"not_picked":["Juggernaut","Brutality"],"picked":"Limit Break","floor":33.0},{"not_picked":["Seeing Red+1","Sword Boomerang+1"],"picked":"Heavy Blade","floor":35.0},{"not_picked":["True Grit","Sword Boomerang","Perfected Strike"],"picked":"SKIP","floor":36.0},{"not_picked":["Thunderclap","Pommel Strike","Clash"],"picked":"SKIP","floor":37},{"not_picked":["Reckless Charge","Corruption"],"picked":"Perfected Strike","floor":41},{"not_picked":["Thunderclap+1","Rupture"],"picked":"Cleave","floor":42}],"player_experience":771194,"relics_obtained":[{"floor":6.0,"key":"Pantograph"},{"floor":9.0,"key":"Self Forming Clay"},{"floor":13.0,"key":"StoneCalendar"},{"floor":23.0,"key":"Potion Belt"},{"floor":25.0,"key":"Tiny Chest"},{"floor":26.0,"key":"Ginger"},{"floor":29.0,"key":"Anchor"},{"floor":41,"key":"Omamori"},{"floor":43,"key":"Oddly Smooth Stone"}],"event_choices":[{"damage_healed":0.0,"max_hp_gain":0.0,"max_hp_loss":0.0,"gold_gain":75.0,"event_name":"World of Goop","player_choice":"Gather Gold","floor":2.0,"gold_loss":0.0,"damage_taken":11.0},{"cards_removed":["Strike_R"],"damage_healed":0.0,"max_hp_gain":0.0,"max_hp_loss":0.0,"gold_gain":0.0,"event_name":"Golden Wing","player_choice":"Card Removal","floor":3.0,"gold_loss":0.0,"damage_taken":7.0},{"damage_healed":0.0,"max_hp_gain":0.0,"max_hp_loss":0.0,"gold_gain":0.0,"event_name":"Liars Game","player_choice":"Ignored","floor":4.0,"gold_loss":0.0,"damage_taken":0.0},{"damage_healed":0.0,"max_hp_gain":0.0,"max_hp_loss":0.0,"gold_gain":0.0,"cards_transformed":["Strike_R"],"event_name":"Transmorgrifier","player_choice":"Transformed","floor":5.0,"gold_loss":0.0,"damage_taken":0.0,"cards_obtained":["Battle Trance"]},{"damage_healed":0.0,"max_hp_gain":0.0,"max_hp_loss":0.0,"gold_gain":0.0,"event_name":"The Mausoleum","player_choice":"Ignored","floor":19.0,"gold_loss":0.0,"damage_taken":0.0},{"damage_healed":0.0,"max_hp_gain":0.0,"max_hp_loss":0.0,"gold_gain":0.0,"event_name":"Upgrade Shrine","player_choice":"Upgraded","floor":21.0,"gold_loss":0.0,"damage_taken":0.0,"cards_upgraded":["Cleave"]},{"damage_healed":0,"gold_gain":0,"player_choice":"Gave Potion","damage_taken":0,"relics_obtained":["Matryoshka"],"max_hp_gain":0,"max_hp_loss":0,"event_name":"WeMeetAgain","floor":39,"gold_loss":0}],"is_beta":true,"boss_relics":[{"not_picked":["Empty Cage","White Beast Statue"],"picked":"Velvet Choker"},{"not_picked":["Philosopher\u0027s Stone","Busted Crown"],"picked":"Snecko Eye"}],"items_purged_floors":[38],"is_endless":false,"potions_floor_spawned":[12,20,22,29,30,31,33,42],"killed_by":"Writhing Mass","ascension_level":20}