{"gold_per_floor":[111,0,19,33,50,50,80,80,80,60,72,87,87,118,118,219,219,237,237,237,237,249,249,267,280,358,358,358,236,249,268,268,373,373,388,388,388,400,418,453,453],"floor_reached":41,"playtime":1446,"items_purged":["Clash"],"score":459,"play_id":"bf99e17e-a98c-475c-934e-c4f953d9294b","local_time":"20190215085252","is_ascension_mode":true,"campfire_choices":[{"floor":6.0,"key":"REST"},{"floor":8.0,"key":"REST"},{"floor":15.0,"key":"REST"},{"floor":23.0,"key":"RECALL"},{"floor":27.0,"key":"REST"},{"floor":32.0,"key":"REST"}],"neow_cost":"PERCENT_DAMAGE","seed_source_timestamp":0,"circlet_count":0,"master_deck":["Strike_R+1","Strike_R+1","Strike_R+1","Strike_R+1","Strike_R+1","Defend_R+1","Defend_R+1","Defend_R+1","Bash","Panacea","PanicButton","Pommel Strike","Rampage","Inflame","Clothesline","Rampage","Corruption","Cleave","Twin Strike","Perfected Strike","Shrug It Off","Berserk","Disarm","Perfected Strike","Double Tap","Thunderclap","Perfected Strike","Limit Break","Shrug It Off+1","Writhe","Rampage+1"],"special_seed":0,"relics":["Burning Blood","Pear","Gremlin Horn","Mercury Hourglass","Runic Pyramid","Sundial","Bottled Flame","The Courier","Snecko Eye","Molten Egg 2"],"potions_floor_usage":[41,41],"damage_taken":[{"damage":0.0,"enemies":"Small Slimes","floor":1.0,"turns":6.0},{"damage":0.0,"enemies":"Cultist","floor":3.0,"turns":3.0},{"damage":6.0,"enemies":"Jaw Worm","floor":4.0,"turns":4.0},{"damage":13.0,"enemies":"Blue Slaver","floor":5.0,"turns":4.0},{"damage":34.0,"enemies":"Lagavulin","floor":7.0,"turns":7.0},{"damage":24.0,"enemies":"Exordium Thugs","floor":10.0,"turns":4.0},{"damage":0.0,"enemies":"3 Louse","floor":11.0,"turns":2.0},{"damage":10.0,"enemies":"Looter","floor":12.0,"turns":2.0},{"damage":13.0,"enemies":"3 Sentries","floor":14.0,"turns":4.0},{"damage":56.0,"enemies":"The Guardian","floor":16.0,"turns":9.0},{"damage":5.0,"enemies":"Spheric Guardian","floor":18.0,"turns":3.0},{"damage":6.0,"enemies":"3 Byrds","floor":22.0,"turns":4.0},{"damage":21.0,"enemies":"Snake Plant","floor":24.0,"turns":4.0},{"damage":25.0,"enemies":"Centurion and Healer","floor":25.0,"turns":8.0},{"damage":40.0,"enemies":"Sentry and Sphere","floor":30.0,"turns":6.0},{"damage":5.0,"enemies":"3 Cultists","floor":31.0,"turns":4.0},{"damage":53.0,"enemies":"Automaton","floor":33.0,"turns":10.0},{"damage":23.0,"enemies":"3 Shapes","floor":35.0,"turns":3.0},{"damage":23.0,"enemies":"Orb Walker","floor":38.0,"turns":3.0},{"damage":26.0,"enemies":"Jaw Worm Horde","floor":39.0,"turns":4.0},{"damage":40.0,"enemies":"Nemesis","floor":40.0,"turns":7.0},{"damage":19,"enemies":"3 Darklings","floor":41,"turns":2}],"seed_played":"-4970499839603852729","potions_obtained":[{"floor":3.0,"key":"Regen Potion"},{"floor":7.0,"key":"Ancient Potion"},{"floor":10.0,"key":"FearPotion"},{"floor":38.0,"key":"AttackPotion"},{"floor":40,"key":"Fire Potion"}],"is_trial":false,"path_per_floor":["M","$","M","M","M","R","E","R","T","M","M","M","?","E","R","B",null,"M","?","T","T","M","R","M","M","T","R","?","$","M","M","R","B",null,"M","?","?","M","M","E","M"],"character_chosen":"IRONCLAD","items_purchased":["Rampage","Inflame","Double Tap"],"campfire_rested":5,"item_purchase_floors":[2,2,29],"current_hp_per_floor":[62,62,68,68,61,80,62,89,89,71,77,73,73,66,90,40,90,90,90,90,90,90,90,75,56,56,83,83,83,49,50,77,44,90,73,73,90,73,53,19,0],"gold":453,"neow_bonus":"RANDOM_COLORLESS_2","is_prod":false,"is_daily":false,"chose_seed":false,"campfire_upgraded":0,"win_rate":0,"timestamp":1550249572,"path_taken":["M","$","M","M","M","R","E","R","T","M","M","M","?","E","R","BOSS","M","?","?","?","?","R","M","M","T","R","?","$","M","M","R","BOSS","M","?","?","M","M","E","M"],"build_version":"2019-01-23","purchased_purges":1,"victory":false,"max_hp_per_floor":[80,80,80,80,80,80,90,90,90,90,90,90,90,90,90,90,90,90,90,90,90,90,90,90,90,90,90,90,90,90,90,90,90,90,90,90,90,90,90,90,90],"card_choices":[{"not_picked":["Clash","Thunderclap"],"picked":"Pommel Strike","floor":1.0},{"not_picked":["Pommel Strike","Corruption"],"picked":"Clothesline","floor":3.0},{"not_picked":["Evolve","Fire Breathing"],"picked":"Rampage","floor":4.0},{"not_picked":["Rage","Clothesline"],"picked":"Corruption","floor":5.0},{"not_picked":["Pommel Strike","Thunderclap"],"picked":"Cleave","floor":7.0},{"not_picked":["Bludgeon","Dual Wield"],"picked":"Twin Strike","floor":10.0},{"not_picked":["Clothesline","True Grit"],"picked":"Perfected Strike","floor":11.0},{"not_picked":["Second Wind","Sever Soul"],"picked":"Clash","floor":12.0},{"not_picked":["Feed","Sentinel"],"picked":"Shrug It Off","floor":14.0},{"not_picked":["Exhume","Juggernaut"],"picked":"Berserk","floor":16.0},{"not_picked":["Wild Strike","Battle Trance","Reckless Charge"],"picked":"SKIP","floor":18.0},{"not_picked":["Power Through","Pommel Strike","Body Slam"],"picked":"SKIP","floor":22.0},{"not_picked":["Entrench","Evolve"],"picked":"Disarm","floor":24.0},{"not_picked":["Reckless Charge","Dual Wield"],"picked":"Perfected Strike","floor":25.0},{"not_picked":["Shrug It Off","Fire Breathing"],"picked":"Thunderclap","floor":30.0},{"not_picked":["Spot Weakness","Dropkick+1"],"picked":"Perfected Strike","floor":31.0},{"not_picked":["Immolate","Feed"],"picked":"Limit Break","floor":33.0},{"not_picked":["Headbutt+1","Rupture"],"picked":"Shrug It Off+1","floor":35.0},{"not_picked":["Thunderclap+1","Blood for Blood+1","Clothesline+1"],"picked":"SKIP","floor":38.0},{"not_picked":["Thunderclap+1","Sword Boomerang","Armaments"],"picked":"SKIP","floor":39.0},{"not_picked":["Sword Boomerang","Cleave+1"],"picked":"Rampage+1","floor":40}],"player_experience":207861,"relics_obtained":[{"floor":7.0,"key":"Pear"},{"floor":9.0,"key":"Gremlin Horn"},{"floor":14.0,"key":"Mercury Hourglass"},{"floor":20.0,"key":"Sundial"},{"floor":21.0,"key":"Bottled Flame"},{"floor":40,"key":"Molten Egg 2"}],"event_choices":[{"cards_removed":["Defend_R"],"damage_healed":0.0,"max_hp_gain":0.0,"max_hp_loss":0.0,"gold_gain":0.0,"event_name":"Purifier","player_choice":"Purged","floor":13.0,"gold_loss":0.0,"damage_taken":0.0},{"damage_healed":0.0,"max_hp_gain":0.0,"max_hp_loss":0.0,"gold_gain":0.0,"event_name":"Back to Basics","player_choice":"Simplicity","floor":19.0,"gold_loss":0.0,"damage_taken":0.0,"cards_upgraded":["Strike_R","Strike_R","Strike_R","Strike_R","Strike_R","Defend_R","Defend_R","Defend_R"]},{"damage_healed":0.0,"max_hp_gain":0.0,"max_hp_loss":0.0,"gold_gain":0.0,"event_name":"The Mausoleum","player_choice":"Opened","floor":28.0,"gold_loss":0.0,"damage_taken":0.0,"relics_obtained":["The Courier"]},{"damage_healed":0.0,"max_hp_gain":0.0,"max_hp_loss":0.0,"gold_gain":0.0,"event_name":"Tomb of Lord Red Mask","player_choice":"Ignored","floor":36.0,"gold_loss":0.0,"damage_taken":0.0},{"damage_healed":23.0,"max_hp_gain":0.0,"max_hp_loss":0.0,"gold_gain":0.0,"event_name":"Winding Halls","player_choice":"Writhe","floor":37.0,"gold_loss":0.0,"damage_taken":0.0,"cards_obtained":["Writhe"]}],"is_beta":false,"boss_relics":[{"not_picked":["Tiny House","Ectoplasm"],"picked":"Runic Pyramid"},{"not_picked":["Fusion Hammer","Cursed Key"],"picked":"Snecko Eye"}],"items_purged_floors":[29],"is_endless":false,"potions_floor_spawned":[3,7,10,12,14,16,22,25,38,40],"killed_by":"3 Darklings","ascension_level":1}