{"gold_per_floor":[112,112,387,401,180,180,198,214,214,253,253,277,295,46,46,46],"floor_reached":16,"playtime":401,"items_purged":["Regret","Strike_R"],"score":107,"play_id":"e7011728-8453-4c95-bdb6-73df3a979b2f","local_time":"20190215091113","is_ascension_mode":true,"campfire_choices":[{"data":"Bash","floor":6,"key":"SMITH"},{"floor":11,"key":"REST"},{"data":"Whirlwind","floor":15,"key":"SMITH"}],"neow_cost":"NONE","seed_source_timestamp":114620240370930,"circlet_count":0,"master_deck":["Strike_R+1","Strike_R","Strike_R","Strike_R","Defend_R","Defend_R","Defend_R","Defend_R","Bash+1","Clothesline","Searing Blow","Thunderclap+1","Shrug It Off","Whirlwind+1","Pommel Strike"],"relics":["Burning Blood","Dream Catcher","Golden Idol","Boot","Ornamental Fan","Pear","Whetstone"],"potions_floor_usage":[10,16],"damage_taken":[{"damage":2,"enemies":"Small Slimes","floor":1,"turns":4},{"damage":7,"enemies":"Cultist","floor":4,"turns":3},{"damage":1,"enemies":"2 Louse","floor":7,"turns":3},{"damage":13,"enemies":"2 Fungi Beasts","floor":8,"turns":4},{"damage":23,"enemies":"Gremlin Nob","floor":10,"turns":5},{"damage":20,"enemies":"Large Slime","floor":12,"turns":6},{"damage":0,"enemies":"3 Louse","floor":13,"turns":2},{"damage":79,"enemies":"Slime Boss","floor":16,"turns":8}],"seed_played":"4023612796229006308","potions_obtained":[{"floor":1,"key":"PowerPotion"},{"floor":4,"key":"PowerPotion"},{"floor":13,"key":"FearPotion"}],"is_trial":false,"path_per_floor":["M","?","?","M","$","R","M","M","T","E","R","M","M","$","R","B"],"character_chosen":"IRONCLAD","items_purchased":["Boot","Whetstone"],"campfire_rested":1,"item_purchase_floors":[5,14],"current_hp_per_floor":[80,74,74,73,73,73,74,67,67,60,84,70,76,76,76,0],"gold":46,"neow_bonus":"RANDOM_COMMON_RELIC","is_prod":false,"is_daily":false,"chose_seed":false,"campfire_upgraded":2,"win_rate":0,"timestamp":1550250673,"path_taken":["M","?","?","M","$","R","M","M","T","E","R","M","?","$","R","BOSS"],"build_version":"2019-01-23","purchased_purges":2,"victory":false,"max_hp_per_floor":[80,74,74,74,74,74,74,74,74,84,84,84,84,84,84,84],"card_choices":[{"not_picked":["Pummel","Wild Strike"],"picked":"Clothesline","floor":1},{"not_picked":["Ghostly Armor","Flex"],"picked":"Searing Blow","floor":4},{"not_picked":["True Grit","Anger"],"picked":"Thunderclap","floor":7},{"not_picked":["Perfected Strike","Anger","Sever Soul"],"picked":"SKIP","floor":8},{"not_picked":["Immolate","Rampage"],"picked":"Shrug It Off","floor":10},{"not_picked":["Spot Weakness","Warcry"],"picked":"Whirlwind","floor":11},{"not_picked":["Seeing Red","Body Slam","Perfected Strike"],"picked":"SKIP","floor":12},{"not_picked":["Rampage","Havoc"],"picked":"Pommel Strike","floor":13}],"player_experience":209977,"relics_obtained":[{"floor":9,"key":"Ornamental Fan"},{"floor":10,"key":"Pear"}],"event_choices":[{"damage_healed":0,"gold_gain":0,"player_choice":"Lose Max HP","damage_taken":0,"relics_obtained":["Golden Idol"],"max_hp_gain":0,"max_hp_loss":6,"event_name":"Golden Idol","floor":2,"gold_loss":0},{"damage_healed":0,"gold_gain":275,"player_choice":"Desecrate","damage_taken":0,"max_hp_gain":0,"max_hp_loss":0,"event_name":"Golden Shrine","floor":3,"gold_loss":0,"cards_obtained":["Regret"]}],"is_beta":false,"boss_relics":[],"items_purged_floors":[5,14],"is_endless":false,"potions_floor_spawned":[1,4,13],"killed_by":"Slime Boss","ascension_level":1}