{"gold_per_floor":[114,114,133,153,75,100,113,113,182,213,213,230,230,249,249,249],"floor_reached":16,"playtime":514,"items_purged":[],"score":162,"play_id":"d16bd0db-6ef0-4a63-8ad2-f28646efa75f","local_time":"20190630165234","is_ascension_mode":true,"campfire_choices":[{"floor":8,"key":"REST"},{"floor":15,"key":"REST"}],"neow_cost":"NONE","seed_source_timestamp":74720525775038,"circlet_count":0,"master_deck":["Strike_R","Strike_R","Strike_R","Strike_R","Strike_R","Defend_R","Defend_R","Defend_R","Defend_R","Bash+1","Ghostly Armor","Perfected Strike","Rage","Pommel Strike","Inflame","Body Slam","Armaments+1","Burning Pact","Thunderclap"],"relics":["Burning Blood","NlothsMask","Turnip","Bag of Marbles","Self Forming Clay"],"potions_floor_usage":[6,10,16],"damage_taken":[{"damage":0,"enemies":"Small Slimes","floor":1,"turns":3},{"damage":6,"enemies":"Cultist","floor":3,"turns":4},{"damage":3,"enemies":"Jaw Worm","floor":4,"turns":4},{"damage":20,"enemies":"Gremlin Nob","floor":6,"turns":4},{"damage":52,"enemies":"Gremlin Gang","floor":7,"turns":6},{"damage":42,"enemies":"3 Sentries","floor":10,"turns":9},{"damage":6,"enemies":"Lots of Slimes","floor":12,"turns":6},{"damage":1,"enemies":"2 Fungi Beasts","floor":14,"turns":4},{"damage":39,"enemies":"Slime Boss","floor":16,"turns":8}],"seed_played":"-3501532339670007635","potions_obtained":[{"floor":1,"key":"Block Potion"},{"floor":7,"key":"SkillPotion"},{"floor":12,"key":"LiquidBronze"},{"floor":14,"key":"SpeedPotion"}],"is_trial":false,"path_per_floor":["M","?","M","M","$","E","M","R","T","E","T","M","?","M","R","B"],"character_chosen":"IRONCLAD","items_purchased":["Pommel Strike","Inflame"],"campfire_rested":2,"item_purchase_floors":[5,5],"current_hp_per_floor":[78,78,78,80,80,66,20,44,44,8,8,8,8,13,37,0],"gold":249,"neow_bonus":"UPGRADE_CARD","is_prod":false,"is_daily":false,"chose_seed":false,"campfire_upgraded":0,"win_rate":0,"timestamp":1561884754,"path_taken":["M","?","M","?","$","E","M","R","T","E","?","M","?","M","R","BOSS"],"build_version":"2019-01-23","purchased_purges":0,"victory":false,"max_hp_per_floor":[80,80,80,80,80,80,80,80,80,80,80,80,80,80,80,80],"card_choices":[{"not_picked":["Combust","Heavy Blade"],"picked":"Ghostly Armor","floor":1},{"not_picked":["Combust","Sword Boomerang"],"picked":"Perfected Strike","floor":3},{"not_picked":["Clothesline","Ghostly Armor"],"picked":"Rage","floor":4},{"not_picked":["Heavy Blade","Dark Embrace"],"picked":"Body Slam","floor":6},{"not_picked":["Body Slam","Second Wind","Dropkick"],"picked":"SKIP","floor":7},{"not_picked":["Sword Boomerang","Dropkick"],"picked":"Armaments","floor":10},{"not_picked":["Wild Strike","Pommel Strike"],"picked":"Burning Pact","floor":12},{"not_picked":["True Grit","Dropkick"],"picked":"Thunderclap","floor":14}],"player_experience":1022873,"relics_obtained":[{"floor":6,"key":"Turnip"},{"floor":10,"key":"Bag of Marbles"},{"floor":11,"key":"Self Forming Clay"}],"event_choices":[{"damage_healed":0,"gold_gain":0,"player_choice":"Trade","damage_taken":0,"relics_obtained":["NlothsMask"],"max_hp_gain":0,"max_hp_loss":0,"event_name":"FaceTrader","floor":2,"gold_loss":0},{"damage_healed":0,"gold_gain":0,"player_choice":"Forge","damage_taken":0,"max_hp_gain":0,"max_hp_loss":0,"event_name":"Accursed Blacksmith","floor":13,"gold_loss":0,"cards_upgraded":["Armaments"]}],"is_beta":false,"boss_relics":[],"items_purged_floors":[],"is_endless":false,"potions_floor_spawned":[1,7,12,14],"killed_by":"Slime Boss","ascension_level":9}