{"gold_per_floor":[17,27,41,41,41,72,90,90,90,123,64,64],"floor_reached":12,"playtime":388,"items_purged":[],"score":92,"play_id":"4f698b40-7767-48f7-8441-d7601a149515","local_time":"20190209155806","is_ascension_mode":true,"campfire_choices":[{"data":"Whirlwind","floor":8,"key":"SMITH"}],"neow_cost":"NO_GOLD","seed_source_timestamp":13190793561200,"circlet_count":0,"master_deck":["Strike_R","Strike_R","Strike_R","Strike_R","Defend_R","Defend_R","Defend_R","Bash","Whirlwind+1","Shrug It Off","Corruption","Seeing Red","Iron Wave","Reaper"],"relics":["Burning Blood","Regal Pillow","Pantograph","Mummified Hand","Bronze Scales","Lantern"],"potions_floor_usage":[6,10,12],"damage_taken":[{"damage":0,"enemies":"Small Slimes","floor":1,"turns":3},{"damage":0,"enemies":"2 Louse","floor":2,"turns":1},{"damage":4,"enemies":"Cultist","floor":3,"turns":4},{"damage":42,"enemies":"3 Sentries","floor":6,"turns":8},{"damage":17,"enemies":"Large Slime","floor":7,"turns":7},{"damage":24,"enemies":"Gremlin Nob","floor":10,"turns":5},{"damage":32,"enemies":"Lagavulin","floor":12,"turns":6}],"seed_played":"3003043798192484785","potions_obtained":[{"floor":2,"key":"BloodPotion"},{"floor":7,"key":"BloodPotion"},{"floor":10,"key":"SteroidPotion"}],"is_trial":false,"path_per_floor":["M","M","M","?","$","E","M","R","T","E","?","E"],"character_chosen":"IRONCLAD","items_purchased":[],"campfire_rested":0,"item_purchase_floors":[],"current_hp_per_floor":[80,80,80,68,68,40,29,29,29,19,19,0],"gold":64,"neow_bonus":"REMOVE_TWO","is_prod":false,"is_daily":false,"chose_seed":false,"campfire_upgraded":1,"win_rate":0,"timestamp":1549727886,"path_taken":["M","M","M","?","$","E","M","R","T","E","?","E"],"build_version":"2019-01-23","purchased_purges":0,"victory":false,"max_hp_per_floor":[80,80,80,80,80,80,80,80,80,80,80,80],"card_choices":[{"not_picked":["Armaments","True Grit"],"picked":"Whirlwind","floor":1},{"not_picked":["Wild Strike","Headbutt"],"picked":"Shrug It Off","floor":2},{"not_picked":["Havoc","Rampage"],"picked":"Corruption","floor":3},{"not_picked":["Sword Boomerang","Entrench"],"picked":"Seeing Red","floor":6},{"not_picked":["Whirlwind","Disarm"],"picked":"Iron Wave","floor":7},{"not_picked":["Body Slam","Second Wind"],"picked":"Reaper","floor":10}],"player_experience":1196794,"relics_obtained":[{"floor":6,"key":"Pantograph"},{"floor":9,"key":"Mummified Hand"},{"floor":10,"key":"Bronze Scales"}],"event_choices":[{"damage_healed":0,"gold_gain":0,"player_choice":"Success","damage_taken":12,"relics_obtained":["Regal Pillow"],"max_hp_gain":0,"max_hp_loss":0,"event_name":"Scrap Ooze","floor":4,"gold_loss":0},{"damage_healed":0,"gold_gain":0,"player_choice":"Paid Gold","damage_taken":0,"relics_obtained":["Lantern"],"max_hp_gain":0,"max_hp_loss":0,"event_name":"WeMeetAgain","floor":11,"gold_loss":59}],"is_beta":false,"boss_relics":[],"items_purged_floors":[],"is_endless":false,"potions_floor_spawned":[2,7,10],"killed_by":"Lagavulin","ascension_level":1}