{"gold_per_floor":[111,111,122,134,150,150,184,184,184,184,214,142,156,31,31,108,108,122,133,133,143,155,155,173,173,245,263,279,279,289,301,301,301],"floor_reached":33,"playtime":2339,"items_purged":["Strike_B"],"score":447,"play_id":"562a89c3-77dd-4b73-a23a-be5ecf198f5a","local_time":"20190711172915","is_ascension_mode":true,"campfire_choices":[{"data":"Streamline","floor":6.0,"key":"SMITH"},{"floor":8.0,"key":"DIG"},{"floor":10.0,"key":"DIG"},{"floor":15.0,"key":"DIG"},{"floor":23,"key":"REST"},{"floor":29,"key":"REST"},{"floor":32,"key":"DIG"}],"neow_cost":"NONE","seed_source_timestamp":0,"circlet_count":0,"master_deck":["AscendersBane","Strike_B","Defend_B","Defend_B","Defend_B","Defend_B","Zap+1","Dualcast","Streamline+1","Undo","Doom and Gloom","Ball Lightning","Auto Shields","Defragment","Steam","Rainbow","Gash+1","Melter","Compile Driver","Gash","Rip and Tear","Conserve Battery"],"special_seed":0,"relics":["Cracked Core","Shovel","FossilizedHelix","Incense Burner","Centennial Puzzle","Pantograph","Frozen Egg 2","Sozu","Sundial","Torii"],"potions_floor_usage":[28],"damage_taken":[{"damage":7.0,"enemies":"Jaw Worm","floor":1.0,"turns":3.0},{"damage":0.0,"enemies":"Cultist","floor":3.0,"turns":4.0},{"damage":0.0,"enemies":"2 Louse","floor":4.0,"turns":3.0},{"damage":4.0,"enemies":"Lots of Slimes","floor":5.0,"turns":2.0},{"damage":17.0,"enemies":"3 Sentries","floor":7.0,"turns":7.0},{"damage":7.0,"enemies":"Lagavulin","floor":11.0,"turns":6.0},{"damage":0.0,"enemies":"Looter","floor":13.0,"turns":2.0},{"damage":32.0,"enemies":"Hexaghost","floor":16.0,"turns":10.0},{"damage":0,"enemies":"Chosen","floor":18,"turns":4},{"damage":21,"enemies":"3 Byrds","floor":19,"turns":5},{"damage":9,"enemies":"Snecko","floor":21,"turns":6},{"damage":15,"enemies":"Shelled Parasite and Fungi","floor":22,"turns":4},{"damage":8,"enemies":"Snake Plant","floor":24,"turns":3},{"damage":9,"enemies":"Centurion and Healer","floor":27,"turns":6},{"damage":6,"enemies":"Shelled Parasite and Fungi","floor":28,"turns":6},{"damage":0,"enemies":"Chosen and Byrds","floor":30,"turns":4},{"damage":6,"enemies":"Cultist and Chosen","floor":31,"turns":5},{"damage":56,"enemies":"Collector","floor":33,"turns":9}],"seed_played":"-7015174752437122300","potions_obtained":[{"floor":1.0,"key":"Poison Potion"},{"floor":3.0,"key":"GamblersBrew"},{"floor":13.0,"key":"Block Potion"}],"is_trial":false,"path_per_floor":["M","?","M","M","M","R","E","R","T","R","E","$","M","$","R","B",null,"M","M","$","M","M","R","M","?","T","M","M","R","M","M","R","B"],"character_chosen":"DEFECT","items_purchased":["Defragment","Steam"],"campfire_rested":2,"item_purchase_floors":[12,14],"current_hp_per_floor":[57,57,57,57,53,53,36,36,36,36,29,29,29,29,29,22,59,59,38,38,29,14,35,27,27,27,18,12,33,33,27,27,0],"gold":301,"neow_bonus":"TRANSFORM_CARD","is_prod":false,"is_daily":false,"chose_seed":false,"campfire_upgraded":1,"win_rate":0,"timestamp":1562837355,"path_taken":["M","?","M","M","M","R","E","R","T","R","E","$","M","$","R","BOSS","M","M","$","M","M","R","?","?","T","?","M","R","M","M","R","BOSS"],"build_version":"2019-07-05","purchased_purges":1,"victory":false,"max_hp_per_floor":[71,71,71,71,71,71,71,71,71,71,71,71,71,71,71,71,71,71,71,71,71,71,71,71,71,71,71,71,71,71,71,71,71],"card_choices":[{"not_picked":["Hologram","Beam Cell"],"picked":"Undo","floor":1.0},{"not_picked":["Barrage","Force Field","Turbo"],"picked":"SKIP","floor":3.0},{"not_picked":["Defragment","Reprogram"],"picked":"Doom and Gloom","floor":4.0},{"not_picked":["Cold Snap","Reprogram"],"picked":"Ball Lightning","floor":5.0},{"not_picked":["White Noise","Ball Lightning"],"picked":"Auto Shields","floor":7.0},{"not_picked":["Thunder Strike","Coolheaded","Sunder"],"picked":"SKIP","floor":11.0},{"not_picked":["Rebound","Turbo","Go for the Eyes"],"picked":"SKIP","floor":13.0},{"not_picked":["Buffer+1","Reboot"],"picked":"Rainbow","floor":16.0},{"not_picked":["Rebound","Capacitor+1"],"picked":"Gash+1","floor":18},{"not_picked":["Redo","Lockon","Storm+1"],"picked":"SKIP","floor":19},{"not_picked":["Go for the Eyes","Barrage+1"],"picked":"Melter","floor":21},{"not_picked":["Ball Lightning","Skim"],"picked":"Compile Driver","floor":22},{"not_picked":["Streamline","Fusion"],"picked":"Gash","floor":24},{"not_picked":["Ball Lightning","Beam Cell","Storm+1"],"picked":"SKIP","floor":27},{"not_picked":["Scrape","Doom and Gloom","Steam"],"picked":"SKIP","floor":28},{"not_picked":["Hologram","Undo","Steam"],"picked":"SKIP","floor":30},{"not_picked":["Meteor Strike","Hologram+1"],"picked":"Conserve Battery","floor":31}],"player_experience":835719,"relics_obtained":[{"floor":7.0,"key":"Shovel"},{"floor":8.0,"key":"FossilizedHelix"},{"floor":9.0,"key":"Incense Burner"},{"floor":10.0,"key":"Centennial Puzzle"},{"floor":11.0,"key":"Pantograph"},{"floor":15.0,"key":"Frozen Egg 2"},{"floor":26,"key":"Sundial"},{"floor":32,"key":"Torii"}],"event_choices":[{"damage_healed":0.0,"max_hp_gain":0.0,"max_hp_loss":0.0,"gold_gain":0.0,"event_name":"Upgrade Shrine","player_choice":"Upgraded","floor":2.0,"gold_loss":0.0,"damage_taken":0.0,"cards_upgraded":["Zap"]},{"damage_healed":0,"gold_gain":0,"cards_transformed":["Strike_B"],"player_choice":"Transformed","damage_taken":0,"max_hp_gain":0,"max_hp_loss":0,"event_name":"Transmorgrifier","floor":25,"gold_loss":0,"cards_obtained":["Rip and Tear"]}],"is_beta":false,"boss_relics":[{"not_picked":["Runic Pyramid","Busted Crown"],"picked":"Sozu"}],"items_purged_floors":[14],"is_endless":false,"potions_floor_spawned":[1,3,13,18,19,22,31],"killed_by":"Collector","ascension_level":14}