{"gold_per_floor":[111,111,123,140,153,184,184,215,215,231,231,266,276,276],"floor_reached":14,"playtime":458,"items_purged":[],"score":224,"play_id":"1e72c680-a02d-4056-8f55-77665e6157d0","local_time":"20190518003830","is_ascension_mode":true,"campfire_choices":[],"neow_cost":"NONE","seed_source_timestamp":1772917689370668,"circlet_count":0,"master_deck":["AscendersBane","Strike_B","Strike_B","Strike_B","Strike_B","Defend_B","Defend_B","Defend_B","Defend_B","Zap","Dualcast","Cold Snap","FTL","Auto Shields","Conserve Battery","Go for the Eyes","Hello World","Cold Snap","Glacier+1"],"relics":["Cracked Core","PreservedInsect","Pocketwatch","Toxic Egg 2","Torii","Bird Faced Urn"],"potions_floor_usage":[12],"damage_taken":[{"damage":6,"enemies":"2 Louse","floor":1,"turns":3},{"damage":3,"enemies":"Small Slimes","floor":3,"turns":3},{"damage":5,"enemies":"Jaw Worm","floor":4,"turns":4},{"damage":10,"enemies":"3 Louse","floor":5,"turns":2},{"damage":14,"enemies":"3 Sentries","floor":6,"turns":7},{"damage":14,"enemies":"Lagavulin","floor":8,"turns":5},{"damage":0,"enemies":"Looter","floor":10,"turns":3},{"damage":1,"enemies":"Gremlin Nob","floor":12,"turns":3},{"damage":13,"enemies":"Exordium Thugs","floor":13,"turns":5}],"seed_played":"5858558597192321062","potions_obtained":[{"floor":3,"key":"SpeedPotion"},{"floor":6,"key":"Swift Potion"},{"floor":12,"key":"Strength Potion"}],"is_trial":false,"path_per_floor":["M","?","M","M","M","E","?","E","T","M","?","E","M","?"],"character_chosen":"DEFECT","items_purchased":[],"campfire_rested":0,"item_purchase_floors":[],"current_hp_per_floor":[58,58,55,50,40,26,49,35,35,35,35,34,21,0],"gold":276,"neow_bonus":"RANDOM_COMMON_RELIC","is_prod":false,"is_daily":false,"chose_seed":false,"campfire_upgraded":0,"win_rate":0,"timestamp":1558154310,"path_taken":["M","?","M","M","M","E","?","E","T","M","?","E","M","?"],"build_version":"2019-01-23","purchased_purges":0,"victory":false,"max_hp_per_floor":[71,71,71,71,71,71,71,71,71,71,71,71,71,71],"card_choices":[{"not_picked":["Stack","Rip and Tear","Rebound"],"picked":"SKIP","floor":1},{"not_picked":["Streamline","BootSequence"],"picked":"Cold Snap","floor":3},{"not_picked":["Redo","Fusion"],"picked":"FTL","floor":4},{"not_picked":["Lockon","Coolheaded"],"picked":"Auto Shields","floor":5},{"not_picked":["Beam Cell","Compile Driver"],"picked":"Conserve Battery","floor":6},{"not_picked":["Turbo","Beam Cell"],"picked":"Go for the Eyes","floor":8},{"not_picked":["Tempest+1","Gash"],"picked":"Hello World","floor":10},{"not_picked":["Stack+1","Fission+1"],"picked":"Cold Snap","floor":12},{"not_picked":["Hello World","Redo+1"],"picked":"Glacier+1","floor":13}],"player_experience":692190,"relics_obtained":[{"floor":6,"key":"Pocketwatch"},{"floor":8,"key":"Toxic Egg 2"},{"floor":9,"key":"Torii"},{"floor":12,"key":"Bird Faced Urn"}],"event_choices":[{"damage_healed":0,"gold_gain":0,"player_choice":"Ignored","damage_taken":0,"max_hp_gain":0,"max_hp_loss":0,"event_name":"Liars Game","floor":2,"gold_loss":0},{"damage_healed":23,"gold_gain":0,"player_choice":"Banana","damage_taken":0,"max_hp_gain":0,"max_hp_loss":0,"event_name":"Big Fish","floor":7,"gold_loss":0},{"damage_healed":0,"gold_gain":0,"player_choice":"Ignored","damage_taken":0,"max_hp_gain":0,"max_hp_loss":0,"event_name":"Golden Idol","floor":11,"gold_loss":0}],"is_beta":false,"boss_relics":[],"items_purged_floors":[],"is_endless":false,"potions_floor_spawned":[3,6,12],"ascension_level":20}