{"gold_per_floor":[111,111,111,36,36,36,68,68,68,83,99,116,116,141,141,141],"floor_reached":16,"playtime":284,"items_purged":["Regret"],"score":266,"play_id":"e5ad0c99-ab6b-4e5f-9503-5c5c5474885c","local_time":"20190702000604","is_ascension_mode":true,"campfire_choices":[{"floor":6.0,"key":"REST"},{"data":"Hemokinesis","floor":8.0,"key":"SMITH"},{"data":"Strike_R","floor":15,"key":"PURGE"}],"neow_cost":"NONE","seed_source_timestamp":135253159143900,"circlet_count":0,"master_deck":["AscendersBane","Strike_R","Strike_R","Strike_R","Defend_R","Defend_R","Defend_R+1","Defend_R","Bash+1","Thunderclap","Hemokinesis+1","Cleave","Anger","Twin Strike","Offering","Reaper"],"special_seed":0,"relics":["Burning Blood","NeowsBlessing","Matryoshka","Strawberry","Dodecahedron","Unceasing Top","Peace Pipe"],"potions_floor_usage":[14,16],"damage_taken":[{"damage":0.0,"enemies":"Jaw Worm","floor":1.0,"turns":1.0},{"damage":0.0,"enemies":"Lagavulin","floor":7.0,"turns":1.0},{"damage":0.0,"enemies":"2 Louse","floor":10.0,"turns":1.0},{"damage":0.0,"enemies":"Small Slimes","floor":11.0,"turns":2.0},{"damage":13.0,"enemies":"Blue Slaver","floor":12.0,"turns":2.0},{"damage":13,"enemies":"3 Sentries","floor":14,"turns":5},{"damage":77,"enemies":"Hexaghost","floor":16,"turns":7}],"seed_played":"-3902026503174622054","potions_obtained":[{"floor":10.0,"key":"Block Potion"},{"floor":14,"key":"AttackPotion"}],"is_trial":false,"path_per_floor":["M","?","?","$","?","R","E","R","T","M","M","M","?","E","R","B"],"character_chosen":"IRONCLAD","items_purchased":[],"campfire_rested":1,"item_purchase_floors":[],"current_hp_per_floor":[74,74,74,74,51,73,82,82,82,82,82,75,75,68,68,0],"gold":141,"neow_bonus":"THREE_ENEMY_KILL","is_prod":false,"is_daily":false,"chose_seed":false,"campfire_upgraded":1,"win_rate":0,"timestamp":1562022364,"path_taken":["M","?","?","$","?","R","E","R","T","M","M","M","?","E","R","BOSS"],"build_version":"2019-07-01","purchased_purges":1,"victory":false,"max_hp_per_floor":[75,75,75,75,75,75,82,82,82,82,82,82,82,82,82,82],"card_choices":[{"not_picked":["Armaments","Wild Strike"],"picked":"Thunderclap","floor":1.0},{"not_picked":["Flex","Rupture"],"picked":"Hemokinesis","floor":7.0},{"not_picked":["Sword Boomerang","Clothesline"],"picked":"Cleave","floor":10.0},{"not_picked":["Warcry","Cleave"],"picked":"Anger","floor":11.0},{"not_picked":["Dual Wield","Body Slam"],"picked":"Twin Strike","floor":12.0},{"not_picked":["Anger","Fire Breathing"],"picked":"Reaper","floor":14}],"player_experience":1527823,"relics_obtained":[{"floor":7.0,"key":"Strawberry"},{"floor":9.0,"key":"Dodecahedron"},{"floor":9.0,"key":"Unceasing Top"},{"floor":14,"key":"Peace Pipe"}],"event_choices":[{"damage_healed":0.0,"max_hp_gain":0.0,"max_hp_loss":0.0,"gold_gain":0.0,"event_name":"Big Fish","player_choice":"Box","floor":2.0,"gold_loss":0.0,"damage_taken":0.0,"relics_obtained":["Matryoshka"],"cards_obtained":["Regret"]},{"damage_healed":0.0,"max_hp_gain":0.0,"max_hp_loss":0.0,"gold_gain":0.0,"event_name":"Liars Game","player_choice":"Ignored","floor":3.0,"gold_loss":0.0,"damage_taken":0.0},{"damage_healed":0.0,"max_hp_gain":0.0,"max_hp_loss":0.0,"gold_gain":0.0,"event_name":"Shining Light","player_choice":"Entered Light","floor":5.0,"gold_loss":0.0,"damage_taken":23.0,"cards_upgraded":["Bash","Defend_R"]},{"damage_healed":0,"gold_gain":0,"cards_transformed":["Strike_R"],"player_choice":"Change","damage_taken":0,"max_hp_gain":0,"max_hp_loss":0,"event_name":"Living Wall","floor":13,"gold_loss":0,"cards_obtained":["Offering"]}],"is_beta":false,"boss_relics":[],"items_purged_floors":[4],"is_endless":false,"potions_floor_spawned":[10,14],"killed_by":"Hexaghost","ascension_level":20}