{"gold_per_floor":[117,129,204,204,222,255,255,255,255,267,267,73,85,99,99,200,200,213,213,213,20,32,64,64],"floor_reached":24,"playtime":790,"items_purged":[],"score":313,"play_id":"5881e5b4-43d4-4cf7-8ad4-3cdf1d01d0d4","local_time":"20181221153545","is_ascension_mode":true,"campfire_choices":[{"data":"Bash","floor":7.0,"key":"SMITH"},{"data":"Metallicize","floor":11.0,"key":"SMITH"},{"data":"Inflame","floor":15.0,"key":"SMITH"}],"neow_cost":"NONE","seed_source_timestamp":0,"circlet_count":0,"master_deck":["Strike_R","Strike_R","Strike_R","Strike_R","Strike_R","Defend_R","Defend_R","Defend_R","Defend_R","Bash+1","Clothesline","Perfected Strike","Inflame+1","Metallicize+1","Flame Barrier+1","Whirlwind","Headbutt","Double Tap+1","Armaments+1","Shockwave+1","Fire Breathing+1"],"special_seed":0,"relics":["Burning Blood","NeowsBlessing","Toxic Egg 2","Juzu Bracelet","Question Card","OrangePellets","Sozu","MutagenicStrength","Membership Card","Frozen Egg 2"],"potions_floor_usage":[23,23],"damage_taken":[{"damage":0.0,"enemies":"Cultist","floor":1.0,"turns":1.0},{"damage":0.0,"enemies":"Jaw Worm","floor":2.0,"turns":1.0},{"damage":0.0,"enemies":"Small Slimes","floor":5.0,"turns":1.0},{"damage":32.0,"enemies":"Gremlin Nob","floor":6.0,"turns":4.0},{"damage":4.0,"enemies":"3 Louse","floor":10.0,"turns":4.0},{"damage":0.0,"enemies":"Blue Slaver","floor":13.0,"turns":5.0},{"damage":8.0,"enemies":"Looter","floor":14.0,"turns":5.0},{"damage":31.0,"enemies":"The Guardian","floor":16.0,"turns":15.0},{"damage":10,"enemies":"Spheric Guardian","floor":18,"turns":5},{"damage":7,"enemies":"Chosen","floor":22,"turns":3},{"damage":40,"enemies":"Book of Stabbing","floor":23,"turns":7},{"damage":32,"enemies":"Snake Plant","floor":24,"turns":3}],"seed_played":"-1299368020639997127","potions_obtained":[{"floor":2.0,"key":"Ancient Potion"},{"floor":10.0,"key":"Ancient Potion"},{"floor":13.0,"key":"Poison Potion"},{"floor":14.0,"key":"Block Potion"}],"is_trial":false,"path_per_floor":["M","M","?","?","M","E","R","?","T","M","R","$","M","M","R","B",null,"M","?","?","$","M","E","M"],"character_chosen":"IRONCLAD","items_purchased":["OrangePellets","Membership Card"],"campfire_rested":0,"item_purchase_floors":[12,21],"current_hp_per_floor":[78,80,69,69,75,49,49,42,42,44,44,44,50,48,48,23,66,62,62,62,62,61,27,0],"gold":64,"neow_bonus":"THREE_ENEMY_KILL","is_prod":false,"is_daily":false,"chose_seed":false,"campfire_upgraded":3,"win_rate":0,"timestamp":1545424545,"path_taken":["M","?","?","?","M","E","R","?","T","M","R","$","M","M","R","BOSS","M","?","?","$","M","E","M"],"build_version":"2018-12-20","purchased_purges":0,"victory":false,"max_hp_per_floor":[80,80,80,80,80,80,80,80,80,80,80,80,80,80,80,80,80,80,80,80,80,80,80,80],"card_choices":[{"not_picked":["Thunderclap","Sword Boomerang"],"picked":"Clothesline","floor":1.0},{"not_picked":["Clothesline","Havoc"],"picked":"Perfected Strike","floor":2.0},{"not_picked":["Flame Barrier","Body Slam"],"picked":"Inflame","floor":5.0},{"not_picked":["Cleave","Thunderclap"],"picked":"Metallicize","floor":6.0},{"not_picked":["Offering+1","Power Through+1","Pommel Strike"],"picked":"Flame Barrier+1","floor":10.0},{"not_picked":["Warcry+1","Sword Boomerang","Sever Soul"],"picked":"Whirlwind","floor":13.0},{"not_picked":["Feel No Pain","Entrench+1","Bloodletting+1"],"picked":"Headbutt","floor":14.0},{"not_picked":["Feed","Bludgeon","Juggernaut"],"picked":"Double Tap+1","floor":16.0},{"not_picked":["Pommel Strike+1","Evolve","Sword Boomerang+1"],"picked":"Armaments+1","floor":18},{"not_picked":["Clash","Rupture","Fire Breathing"],"picked":"Shockwave+1","floor":22},{"not_picked":["Shockwave+1","Anger","Headbutt"],"picked":"Fire Breathing","floor":23}],"player_experience":527595,"relics_obtained":[{"floor":6.0,"key":"Toxic Egg 2"},{"floor":9.0,"key":"Question Card"},{"floor":23,"key":"Frozen Egg 2"}],"event_choices":[{"damage_healed":0.0,"max_hp_gain":0.0,"max_hp_loss":0.0,"gold_gain":75.0,"event_name":"World of Goop","player_choice":"Gather Gold","floor":3.0,"gold_loss":0.0,"damage_taken":11.0},{"damage_healed":0.0,"max_hp_gain":0.0,"max_hp_loss":0.0,"gold_gain":0.0,"event_name":"Liars Game","player_choice":"Ignored","floor":4.0,"gold_loss":0.0,"damage_taken":0.0},{"damage_healed":0.0,"max_hp_gain":0.0,"max_hp_loss":0.0,"gold_gain":0.0,"event_name":"Scrap Ooze","player_choice":"Success","floor":8.0,"gold_loss":0.0,"damage_taken":7.0,"relics_obtained":["Juzu Bracelet"]},{"damage_healed":0,"gold_gain":0,"player_choice":"Inject Mutagens","damage_taken":0,"relics_obtained":["MutagenicStrength"],"max_hp_gain":0,"max_hp_loss":0,"event_name":"Drug Dealer","floor":19,"gold_loss":0},{"damage_healed":0,"gold_gain":0,"player_choice":"Ignored","damage_taken":0,"max_hp_gain":0,"max_hp_loss":0,"event_name":"Vampires","floor":20,"gold_loss":0}],"is_beta":false,"boss_relics":[{"not_picked":["Black Blood","Cursed Key"],"picked":"Sozu"}],"items_purged_floors":[],"is_endless":false,"potions_floor_spawned":[2,10,13,14,23],"killed_by":"Snake Plant","ascension_level":9}