{"gold_per_floor":[116,126,142,152,166,198,198,229,229,257,432,451,451,451,451,555,555,567,99,114,125,125],"floor_reached":22,"playtime":1505,"items_purged":["Strike_R"],"score":229,"play_id":"87bba895-5f48-4da5-bea1-3dddb6abcc3e","local_time":"20190711133013","is_ascension_mode":true,"campfire_choices":[{"data":"Heavy Blade","floor":7.0,"key":"SMITH"},{"floor":15.0,"key":"REST"}],"neow_cost":"NONE","seed_source_timestamp":50510486861700,"circlet_count":0,"master_deck":["Strike_R","Strike_R","Strike_R","Strike_R","Defend_R","Defend_R","Defend_R","Bash","True Grit","Spot Weakness","Wild Strike","Heavy Blade+1","Perfected Strike","Spot Weakness","Intimidate","Bloodletting","Perfected Strike","Reaper","Twin Strike+1","Heavy Blade","Armaments","Flex+1","Armaments+1"],"special_seed":0,"relics":["Burning Blood","Darkstone Periapt","Happy Flower","Omamori","Ancient Tea Set","Runic Cube","Peace Pipe"],"potions_floor_usage":[22,22,22],"damage_taken":[{"damage":4.0,"enemies":"2 Louse","floor":1.0,"turns":3.0},{"damage":29.0,"enemies":"Jaw Worm","floor":2.0,"turns":5.0},{"damage":5.0,"enemies":"Cultist","floor":3.0,"turns":4.0},{"damage":8.0,"enemies":"Exordium Thugs","floor":4.0,"turns":5.0},{"damage":7.0,"enemies":"Large Slime","floor":5.0,"turns":7.0},{"damage":22.0,"enemies":"3 Sentries","floor":6.0,"turns":5.0},{"damage":27.0,"enemies":"Gremlin Nob","floor":8.0,"turns":4.0},{"damage":32.0,"enemies":"Lagavulin","floor":10.0,"turns":6.0},{"damage":7.0,"enemies":"Exordium Wildlife","floor":12.0,"turns":3.0},{"damage":28.0,"enemies":"Slime Boss","floor":16.0,"turns":7.0},{"damage":40.0,"enemies":"Shell Parasite","floor":18.0,"turns":5.0},{"damage":28.0,"enemies":"3 Byrds","floor":20.0,"turns":5.0},{"damage":39.0,"enemies":"Centurion and Healer","floor":21.0,"turns":6.0},{"damage":25,"enemies":"3 Cultists","floor":22,"turns":4}],"seed_played":"3877522627969876754","potions_obtained":[{"floor":1.0,"key":"Swift Potion"},{"floor":2.0,"key":"Explosive Potion"},{"floor":3.0,"key":"Dexterity Potion"},{"floor":8.0,"key":"Regen Potion"},{"floor":10.0,"key":"GamblersBrew"},{"floor":18.0,"key":"Explosive Potion"},{"floor":20.0,"key":"SpeedPotion"}],"is_trial":false,"path_per_floor":["M","M","M","M","M","E","R","E","T","E","?","M","?","?","R","B",null,"M","$","M","M","M"],"character_chosen":"IRONCLAD","items_purchased":["Peace Pipe","Heavy Blade","Armaments"],"campfire_rested":1,"item_purchase_floors":[19,19,19],"current_hp_per_floor":[88,65,66,64,63,47,47,26,26,14,14,13,13,6,32,10,88,54,54,32,10,0],"gold":125,"neow_bonus":"TEN_PERCENT_HP_BONUS","is_prod":false,"is_daily":false,"chose_seed":false,"campfire_upgraded":1,"win_rate":0,"timestamp":1562819413,"path_taken":["M","M","M","M","M","E","R","E","T","E","?","M","?","?","R","BOSS","M","$","M","M","M"],"build_version":"2019-07-05","purchased_purges":1,"victory":false,"max_hp_per_floor":[88,88,88,88,88,88,88,88,88,88,88,88,88,88,88,88,88,88,88,88,88,88],"card_choices":[{"not_picked":["Combust","Twin Strike"],"picked":"True Grit","floor":1.0},{"not_picked":["Clash","Fire Breathing"],"picked":"Spot Weakness","floor":2.0},{"not_picked":["True Grit","Clash"],"picked":"Wild Strike","floor":3.0},{"not_picked":["Flex","Infernal Blade"],"picked":"Heavy Blade","floor":4.0},{"not_picked":["Iron Wave","Flame Barrier"],"picked":"Perfected Strike","floor":5.0},{"not_picked":["Limit Break","Second Wind"],"picked":"Spot Weakness","floor":6.0},{"not_picked":["Bloodletting","Iron Wave"],"picked":"Intimidate","floor":8.0},{"not_picked":["Intimidate","Demon Form"],"picked":"Bloodletting","floor":10.0},{"not_picked":["True Grit","Pummel"],"picked":"Perfected Strike","floor":12.0},{"not_picked":["Offering","Juggernaut"],"picked":"Reaper","floor":16.0},{"not_picked":["True Grit","Dual Wield"],"picked":"Twin Strike+1","floor":18.0},{"not_picked":["Armaments","Entrench"],"picked":"Flex+1","floor":20.0},{"not_picked":["Sword Boomerang","Thunderclap"],"picked":"Armaments+1","floor":21.0}],"player_experience":30048,"relics_obtained":[{"floor":6.0,"key":"Darkstone Periapt"},{"floor":8.0,"key":"Happy Flower"},{"floor":9.0,"key":"Omamori"},{"floor":10.0,"key":"Ancient Tea Set"}],"event_choices":[{"damage_healed":0.0,"max_hp_gain":0.0,"max_hp_loss":0.0,"gold_gain":175.0,"event_name":"Liars Game","player_choice":"AGREE","floor":11.0,"gold_loss":0.0,"damage_taken":0.0,"cards_obtained":["Doubt"]},{"damage_healed":0.0,"max_hp_gain":0.0,"max_hp_loss":0.0,"gold_gain":0.0,"event_name":"Scrap Ooze","player_choice":"Fled","floor":13.0,"gold_loss":0.0,"damage_taken":0.0},{"cards_removed":["Defend_R"],"damage_healed":0.0,"max_hp_gain":0.0,"max_hp_loss":0.0,"gold_gain":0.0,"event_name":"Golden Wing","player_choice":"Card Removal","floor":14.0,"gold_loss":0.0,"damage_taken":7.0}],"is_beta":false,"boss_relics":[{"not_picked":["Mark of Pain","Calling Bell"],"picked":"Runic Cube"}],"items_purged_floors":[19],"is_endless":false,"potions_floor_spawned":[1,2,3,8,10,18,20],"killed_by":"3 Cultists","ascension_level":2}