{"gold_per_floor":[110,110,110,122,122,122,148,158,229,245,245,273,86,86,86,162,162,177,92,92,92,92,92,92],"floor_reached":24,"playtime":465,"items_purged":[],"score":439,"play_id":"e5273ae3-67d7-4f6e-a8dd-092d4b7ed591","local_time":"20190618174504","is_ascension_mode":true,"campfire_choices":[{"data":"Bash","floor":6,"key":"SMITH"},{"data":"Rampage","floor":11,"key":"SMITH"},{"data":"Apotheosis","floor":15,"key":"SMITH"},{"floor":23,"key":"REST"}],"neow_cost":"NONE","seed_source_timestamp":4512353729342664,"circlet_count":0,"master_deck":["AscendersBane","Strike_R","Strike_R","Strike_R","Strike_R","Defend_R","Defend_R","Defend_R","Defend_R","Bash+1","Thunderclap","Wild Strike","Dropkick","Rampage+1","Shrug It Off","Apotheosis+1","Demon Form","Cleave"],"relics":["Burning Blood","NeowsBlessing","Strawberry","Boot","Bottled Flame","Centennial Puzzle","Velvet Choker","Shuriken","Enchiridion","Turnip"],"potions_floor_usage":[12,18],"damage_taken":[{"damage":0,"enemies":"2 Louse","floor":1,"turns":1},{"damage":0,"enemies":"Small Slimes","floor":4,"turns":1},{"damage":0,"enemies":"Gremlin Nob","floor":7,"turns":1},{"damage":7,"enemies":"Jaw Worm","floor":8,"turns":3},{"damage":14,"enemies":"2 Fungi Beasts","floor":10,"turns":4},{"damage":30,"enemies":"3 Sentries","floor":12,"turns":8},{"damage":30,"enemies":"Slime Boss","floor":16,"turns":10},{"damage":30,"enemies":"2 Thieves","floor":18,"turns":4},{"damage":52,"enemies":"Book of Stabbing","floor":24,"turns":4}],"seed_played":"8701379382850065610","potions_obtained":[{"floor":7,"key":"PowerPotion"},{"floor":16,"key":"Explosive Potion"}],"is_trial":false,"path_per_floor":["M","?","?","M","?","R","E","M","T","M","R","E","$","?","R","B",null,"M","?","?","?","T","R","E"],"character_chosen":"IRONCLAD","items_purchased":["Apotheosis"],"campfire_rested":1,"item_purchase_floors":[13],"current_hp_per_floor":[74,63,63,69,74,74,80,79,79,71,71,47,47,47,47,23,71,47,47,47,26,26,52,0],"gold":92,"neow_bonus":"THREE_ENEMY_KILL","is_prod":false,"is_daily":false,"chose_seed":false,"campfire_upgraded":3,"win_rate":0,"timestamp":1560894304,"path_taken":["M","?","?","?","?","R","E","M","T","M","R","E","?","?","R","BOSS","M","?","?","?","?","R","E"],"build_version":"2019-01-23","purchased_purges":0,"victory":false,"max_hp_per_floor":[75,82,82,82,87,87,87,87,87,87,87,87,87,87,87,87,87,87,87,87,87,87,87,87],"card_choices":[{"not_picked":["Armaments","Body Slam"],"picked":"Thunderclap","floor":1},{"not_picked":["True Grit","Body Slam","Heavy Blade"],"picked":"SKIP","floor":4},{"not_picked":["Body Slam","Exhume"],"picked":"Wild Strike","floor":7},{"not_picked":["Shockwave","Heavy Blade"],"picked":"Dropkick","floor":8},{"not_picked":["Wild Strike","Second Wind"],"picked":"Rampage","floor":10},{"not_picked":["Wild Strike","Pommel Strike"],"picked":"Shrug It Off","floor":12},{"not_picked":["Limit Break","Impervious"],"picked":"Demon Form","floor":16},{"not_picked":["Perfected Strike+1","Headbutt"],"picked":"Cleave","floor":18}],"player_experience":756563,"relics_obtained":[{"floor":7,"key":"Boot"},{"floor":9,"key":"Bottled Flame"},{"floor":12,"key":"Centennial Puzzle"},{"floor":21,"key":"Enchiridion"},{"floor":22,"key":"Turnip"}],"event_choices":[{"damage_healed":0,"gold_gain":0,"player_choice":"Success","damage_taken":18,"relics_obtained":["Strawberry"],"max_hp_gain":0,"max_hp_loss":0,"event_name":"Scrap Ooze","floor":2,"gold_loss":0},{"damage_healed":0,"gold_gain":0,"player_choice":"Leave","damage_taken":0,"max_hp_gain":0,"max_hp_loss":0,"event_name":"The Cleric","floor":3,"gold_loss":0},{"damage_healed":0,"gold_gain":0,"player_choice":"Donut","damage_taken":0,"max_hp_gain":5,"max_hp_loss":0,"event_name":"Big Fish","floor":5,"gold_loss":0},{"cards_removed":["Strike_R"],"damage_healed":0,"gold_gain":0,"player_choice":"Purged","damage_taken":0,"max_hp_gain":0,"max_hp_loss":0,"event_name":"Purifier","floor":14,"gold_loss":0},{"damage_healed":0,"gold_gain":0,"player_choice":"Obtained Relic","damage_taken":0,"relics_obtained":["Shuriken"],"max_hp_gain":0,"max_hp_loss":0,"event_name":"Addict","floor":19,"gold_loss":85},{"damage_healed":0,"gold_gain":0,"player_choice":"Ignored","damage_taken":0,"max_hp_gain":0,"max_hp_loss":0,"event_name":"Vampires","floor":20,"gold_loss":0},{"damage_healed":0,"gold_gain":0,"player_choice":"Obtained Book","damage_taken":21,"max_hp_gain":0,"max_hp_loss":0,"event_name":"Cursed Tome","floor":21,"gold_loss":0}],"is_beta":false,"boss_relics":[{"not_picked":["Tiny House","Empty Cage"],"picked":"Velvet Choker"}],"items_purged_floors":[],"is_endless":false,"potions_floor_spawned":[7,16],"killed_by":"Book of Stabbing","ascension_level":19}