{"gold_per_floor":[119,119,119,119,269,301,311,311],"floor_reached":8,"playtime":88,"items_purged":[],"score":158,"play_id":"446cfe09-326a-45bf-b978-0234449f791f","local_time":"20190228093955","is_ascension_mode":true,"campfire_choices":[],"neow_cost":"NONE","seed_source_timestamp":204801562236000,"circlet_count":0,"master_deck":["AscendersBane","Defend_G","Defend_G","Defend_G","Defend_G","Defend_G+1","Strike_G","Strike_G","Strike_G","Strike_G+1","Strike_G","Survivor","Neutralize","Bane","Doubt","Malaise","Deadly Poison"],"relics":["Ring of the Snake","NeowsBlessing","Bag of Preparation","Omamori"],"potions_floor_usage":[],"damage_taken":[{"damage":0,"enemies":"2 Louse","floor":1,"turns":1},{"damage":0,"enemies":"3 Sentries","floor":6,"turns":1},{"damage":0,"enemies":"Small Slimes","floor":7,"turns":1},{"damage":42,"enemies":"Gremlin Nob","floor":8,"turns":4}],"seed_played":"-1620664478746702350","potions_obtained":[{"floor":6,"key":"Weak Potion"},{"floor":7,"key":"Ancient Potion"}],"is_trial":false,"path_per_floor":["M","?","?","?","?","E","M","E"],"character_chosen":"THE_SILENT","items_purchased":[],"campfire_rested":0,"item_purchase_floors":[],"current_hp_per_floor":[59,59,39,32,32,32,32,0],"gold":311,"neow_bonus":"THREE_ENEMY_KILL","is_prod":false,"is_daily":false,"chose_seed":false,"campfire_upgraded":0,"win_rate":0,"timestamp":1551375595,"path_taken":["M","?","?","?","?","E","M","E"],"build_version":"2019-01-23","purchased_purges":0,"victory":false,"max_hp_per_floor":[66,66,66,66,66,66,66,66],"card_choices":[{"not_picked":["Accuracy","Eviscerate"],"picked":"Bane","floor":1},{"not_picked":["Expertise","Blade Dance"],"picked":"Malaise","floor":6},{"not_picked":["Dodge and Roll","Deflect"],"picked":"Deadly Poison","floor":7}],"player_experience":1217486,"relics_obtained":[{"floor":6,"key":"Omamori"}],"event_choices":[{"damage_healed":0,"gold_gain":0,"player_choice":"Box","damage_taken":0,"relics_obtained":["Bag of Preparation"],"max_hp_gain":0,"max_hp_loss":0,"event_name":"Big Fish","floor":2,"gold_loss":0,"cards_obtained":["Regret"]},{"damage_healed":0,"gold_gain":0,"player_choice":"Entered Light","damage_taken":20,"max_hp_gain":0,"max_hp_loss":0,"event_name":"Shining Light","floor":3,"gold_loss":0,"cards_upgraded":["Defend_G","Strike_G"]},{"cards_removed":["Regret"],"damage_healed":0,"gold_gain":0,"player_choice":"Card Removal","damage_taken":7,"max_hp_gain":0,"max_hp_loss":0,"event_name":"Golden Wing","floor":4,"gold_loss":0},{"damage_healed":0,"gold_gain":150,"player_choice":"AGREE","damage_taken":0,"max_hp_gain":0,"max_hp_loss":0,"event_name":"Liars Game","floor":5,"gold_loss":0,"cards_obtained":["Doubt"]}],"is_beta":false,"boss_relics":[],"items_purged_floors":[],"is_endless":false,"potions_floor_spawned":[6,7],"killed_by":"Gremlin Nob","ascension_level":20}