{"gold_per_floor":[110,110,126,137,137,137,148,176,176,176,196,42,54,65,65,139,139,153,163,163,163,163,163,163,183,208,228,246,90,90],"floor_reached":30,"playtime":1356,"items_purged":["Defend_G"],"score":468,"play_id":"ab417dfc-eaee-48b0-83f4-1fccf1d02fe7","local_time":"20181129191108","is_ascension_mode":true,"campfire_choices":[{"data":"Neutralize","floor":6,"key":"SMITH"},{"floor":10,"key":"REST"},{"floor":15,"key":"REST"},{"data":"Noxious Fumes","floor":23,"key":"SMITH"}],"neow_cost":"NONE","seed_source_timestamp":3492439192547,"circlet_count":0,"master_deck":["AscendersBane","Defend_G+1","Defend_G+1","Defend_G+1","Strike_G+1","Strike_G+1","Strike_G+1","Strike_G+1","Survivor","Neutralize+1","Dagger Spray","PiercingWail","Noxious Fumes+1","Backflip","Predator","Footwork","Dodge and Roll","Flying Knee","Phantasmal Killer","Backflip","Cloak And Dagger+1","Heel Hook","Cloak And Dagger+1","After Image"],"relics":["Ring of the Snake","NeowsBlessing","Oddly Smooth Stone","Paper Crane","Sozu","Anchor","Strawberry"],"potions_floor_usage":[8,16,16],"damage_taken":[{"damage":0,"enemies":"2 Louse","floor":1,"turns":1},{"damage":0,"enemies":"Cultist","floor":3,"turns":1},{"damage":0,"enemies":"Small Slimes","floor":4,"turns":1},{"damage":5,"enemies":"Exordium Wildlife","floor":7,"turns":5},{"damage":39,"enemies":"Gremlin Nob","floor":8,"turns":6},{"damage":6,"enemies":"3 Louse","floor":11,"turns":5},{"damage":7,"enemies":"Blue Slaver","floor":13,"turns":5},{"damage":0,"enemies":"Large Slime","floor":14,"turns":7},{"damage":25,"enemies":"Hexaghost","floor":16,"turns":16},{"damage":2,"enemies":"Chosen","floor":18,"turns":6},{"damage":2,"enemies":"Shell Parasite","floor":19,"turns":9},{"damage":3,"enemies":"Shelled Parasite and Fungi","floor":25,"turns":7},{"damage":11,"enemies":"Snecko","floor":27,"turns":7},{"damage":31,"enemies":"Cultist and Chosen","floor":28,"turns":8},{"damage":17,"enemies":"Gremlin Leader","floor":30,"turns":6}],"seed_played":"-4369889842488184410","potions_obtained":[{"floor":3,"key":"EssenceOfSteel"},{"floor":11,"key":"FearPotion"},{"floor":13,"key":"Weak Potion"}],"is_trial":false,"path_per_floor":["M","?","M","M","?","R","M","E","T","R","M","$","M","M","R","B",null,"M","M","?","?","T","R","?","M","T","M","M","$","E"],"character_chosen":"THE_SILENT","items_purchased":["Footwork","After Image"],"campfire_rested":2,"item_purchase_floors":[12,29],"current_hp_per_floor":[59,59,59,59,59,59,54,15,15,34,28,28,21,21,40,15,53,51,49,49,49,49,49,49,46,53,42,11,11,0],"gold":90,"neow_bonus":"THREE_ENEMY_KILL","is_prod":false,"is_daily":false,"chose_seed":false,"campfire_upgraded":2,"win_rate":0,"timestamp":1543536668,"path_taken":["M","?","M","?","?","R","?","E","T","R","M","$","M","M","R","BOSS","M","M","?","?","?","R","?","M","T","M","M","$","E"],"build_version":"2018-11-15","purchased_purges":1,"victory":false,"max_hp_per_floor":[66,66,66,66,66,66,66,66,66,66,66,66,66,66,66,66,66,66,66,66,66,66,66,66,66,73,73,73,73,73],"card_choices":[{"not_picked":["Blade Dance","Flechettes"],"picked":"Dagger Spray","floor":1},{"not_picked":["Backflip","Acrobatics"],"picked":"PiercingWail","floor":3},{"not_picked":["Distraction","Deadly Poison","Setup"],"picked":"SKIP","floor":4},{"not_picked":["Tactician","Cloak And Dagger"],"picked":"Noxious Fumes","floor":7},{"not_picked":["Concentrate","Well Laid Plans"],"picked":"Backflip","floor":8},{"not_picked":["Poisoned Stab","Grand Finale"],"picked":"Predator","floor":11},{"not_picked":["Prepared","Acrobatics"],"picked":"Dodge and Roll","floor":13},{"not_picked":["Quick Slash","Dagger Throw"],"picked":"Flying Knee","floor":14},{"not_picked":["Grand Finale","Venomology"],"picked":"Phantasmal Killer","floor":16},{"not_picked":["Prepared+1","Outmaneuver"],"picked":"Backflip","floor":18},{"not_picked":["Choke","Quick Slash"],"picked":"Cloak And Dagger+1","floor":19},{"not_picked":["Cloak And Dagger","Catalyst+1"],"picked":"Heel Hook","floor":25},{"not_picked":["Endless Agony","Bane","Poisoned Stab"],"picked":"SKIP","floor":27},{"not_picked":["Backflip","Flying Knee"],"picked":"Cloak And Dagger+1","floor":28}],"player_experience":463838,"relics_obtained":[{"floor":8,"key":"Oddly Smooth Stone"},{"floor":9,"key":"Paper Crane"},{"floor":22,"key":"Anchor"},{"floor":26,"key":"Strawberry"}],"event_choices":[{"cards_removed":["Strike_G"],"damage_healed":0,"gold_gain":0,"player_choice":"Offered Basic","damage_taken":0,"max_hp_gain":0,"max_hp_loss":0,"event_name":"Bonfire Elementals","floor":2,"gold_loss":0},{"cards_removed":["Defend_G"],"damage_healed":0,"gold_gain":0,"player_choice":"Purged","damage_taken":0,"max_hp_gain":0,"max_hp_loss":0,"event_name":"Purifier","floor":5,"gold_loss":0},{"damage_healed":0,"gold_gain":0,"player_choice":"Ignored","damage_taken":0,"max_hp_gain":0,"max_hp_loss":0,"event_name":"Ghosts","floor":20,"gold_loss":0},{"damage_healed":0,"gold_gain":0,"player_choice":"Ignored","damage_taken":0,"max_hp_gain":0,"max_hp_loss":0,"event_name":"Vampires","floor":21,"gold_loss":0},{"damage_healed":0,"gold_gain":0,"player_choice":"Simplicity","damage_taken":0,"max_hp_gain":0,"max_hp_loss":0,"event_name":"Back to Basics","floor":24,"gold_loss":0,"cards_upgraded":["Defend_G","Defend_G","Defend_G","Strike_G","Strike_G","Strike_G","Strike_G"]}],"is_beta":false,"boss_relics":[{"not_picked":["Lizard Tail","Black Star"],"picked":"Sozu"}],"items_purged_floors":[12],"is_endless":false,"potions_floor_spawned":[3,11,13,14,19,25],"killed_by":"Gremlin Leader","ascension_level":20}