{"gold_per_floor":[219,65,85,85,40,40,54,54,54,86,102,134,134,52,52,156,156,171,171,171,185,197,197,226,21,21,21,41,66,91,108,108,108],"floor_reached":33,"playtime":1099,"items_purged":[],"score":382,"play_id":"048b1a11-9f35-421c-93fd-bdf3bc1ab217","local_time":"20181214221736","is_ascension_mode":true,"campfire_choices":[{"data":"Bash","floor":6.0,"key":"SMITH"},{"data":"Flex","floor":8.0,"key":"SMITH"},{"floor":13.0,"key":"REST"},{"data":"Enlightenment","floor":15.0,"key":"SMITH"},{"data":"Double Tap","floor":23.0,"key":"SMITH"},{"data":"Spot Weakness","floor":27.0,"key":"SMITH"},{"data":"Heavy Blade","floor":32,"key":"SMITH"}],"neow_cost":"NONE","seed_source_timestamp":1151183641264600,"circlet_count":0,"master_deck":["Strike_R","Strike_R","Strike_R","Strike_R","Strike_R","Defend_R","Defend_R","Defend_R","Bash+1","Clothesline","Perfected Strike","Flex+1","Thunderclap","Spot Weakness+1","Enlightenment+1","Double Tap+1","Heavy Blade+1","Dropkick","Feed","Fire Breathing","Heavy Blade+1","Iron Wave"],"special_seed":0,"relics":["Burning Blood","Bronze Scales","Matryoshka","Mummified Hand","Happy Flower","Snecko Eye","MutagenicStrength","Lantern","OrangePellets","Art of War","Blue Candle","Juzu Bracelet","Red Mask"],"potions_floor_usage":[33],"damage_taken":[{"damage":6.0,"enemies":"Cultist","floor":1.0,"turns":3.0},{"damage":4.0,"enemies":"Jaw Worm","floor":3.0,"turns":3.0},{"damage":2.0,"enemies":"Small Slimes","floor":7.0,"turns":3.0},{"damage":35.0,"enemies":"Lagavulin","floor":10.0,"turns":5.0},{"damage":19.0,"enemies":"Exordium Thugs","floor":11.0,"turns":4.0},{"damage":35.0,"enemies":"3 Sentries","floor":12.0,"turns":6.0},{"damage":28.0,"enemies":"Hexaghost","floor":16.0,"turns":8.0},{"damage":12.0,"enemies":"Chosen","floor":18.0,"turns":4.0},{"damage":11.0,"enemies":"Spheric Guardian","floor":21.0,"turns":3.0},{"damage":17.0,"enemies":"Cultist and Chosen","floor":22.0,"turns":4.0},{"damage":0.0,"enemies":"Gremlin Leader","floor":24.0,"turns":3.0},{"damage":7.0,"enemies":"Chosen and Byrds","floor":28.0,"turns":2.0},{"damage":20.0,"enemies":"Slavers","floor":29.0,"turns":2.0},{"damage":0.0,"enemies":"Masked Bandits","floor":30.0,"turns":2.0},{"damage":0,"enemies":"Sentry and Sphere","floor":31,"turns":2},{"damage":90,"enemies":"Champ","floor":33,"turns":9}],"seed_played":"8316666316755032877","potions_obtained":[{"floor":3.0,"key":"SteroidPotion"},{"floor":7.0,"key":"Poison Potion"},{"floor":11.0,"key":"Strength Potion"},{"floor":12.0,"key":"SteroidPotion"},{"floor":16.0,"key":"Poison Potion"},{"floor":18.0,"key":"FearPotion"}],"is_trial":false,"path_per_floor":["M","$","M","?","$","R","M","R","T","E","M","E","R","$","R","B",null,"M","?","?","M","M","R","E","$","T","R","M","E","?","M","R","B"],"character_chosen":"IRONCLAD","items_purchased":["Bronze Scales","Flex","Enlightenment","OrangePellets"],"campfire_rested":1,"item_purchase_floors":[2,5,14,25],"current_hp_per_floor":[80,80,80,80,80,80,80,80,80,51,38,9,33,33,33,11,80,74,74,74,69,58,58,64,64,64,64,66,55,64,73,73,0],"gold":108,"neow_bonus":"HUNDRED_GOLD","is_prod":false,"is_daily":false,"chose_seed":false,"campfire_upgraded":6,"win_rate":0,"timestamp":1544843856,"path_taken":["M","?","M","?","$","R","M","R","T","E","?","E","R","$","R","BOSS","M","?","?","M","M","R","E","$","T","R","M","E","?","M","R","BOSS"],"build_version":"2018-12-13","purchased_purges":0,"victory":false,"max_hp_per_floor":[80,80,80,80,80,80,80,80,80,80,80,80,80,80,80,80,80,80,80,80,80,80,80,80,80,80,80,83,86,89,92,92,92],"card_choices":[{"not_picked":["Thunderclap","Shrug It Off"],"picked":"Clothesline","floor":1.0},{"not_picked":["True Grit","Flame Barrier"],"picked":"Perfected Strike","floor":3.0},{"not_picked":["Bludgeon","Flex"],"picked":"Thunderclap","floor":7.0},{"not_picked":["Clash","Combust","Second Wind"],"picked":"SKIP","floor":10.0},{"not_picked":["Clash","Metallicize"],"picked":"Spot Weakness","floor":11.0},{"not_picked":["Intimidate","Cleave","Clash"],"picked":"SKIP","floor":12.0},{"not_picked":["Juggernaut","Offering"],"picked":"Double Tap","floor":16.0},{"not_picked":["Clash","Sword Boomerang"],"picked":"Heavy Blade","floor":18.0},{"not_picked":["Berserk","Headbutt","Reckless Charge+1"],"picked":"SKIP","floor":21.0},{"not_picked":["Heavy Blade","Seeing Red"],"picked":"Dropkick","floor":22.0},{"not_picked":["Heavy Blade","Flex"],"picked":"Feed","floor":24.0},{"not_picked":["Wild Strike","Shrug It Off"],"picked":"Fire Breathing","floor":28.0},{"not_picked":["Evolve","Twin Strike"],"picked":"Heavy Blade+1","floor":29.0},{"not_picked":["Havoc+1","Pommel Strike"],"picked":"Iron Wave","floor":31}],"player_experience":506599,"relics_obtained":[{"floor":9.0,"key":"Matryoshka"},{"floor":10.0,"key":"Mummified Hand"},{"floor":12.0,"key":"Happy Flower"},{"floor":24.0,"key":"Lantern"},{"floor":26.0,"key":"Art of War"},{"floor":26.0,"key":"Blue Candle"},{"floor":29.0,"key":"Juzu Bracelet"},{"floor":30.0,"key":"Red Mask"}],"event_choices":[{"cards_removed":["Defend_R"],"damage_healed":0.0,"max_hp_gain":0.0,"max_hp_loss":0.0,"gold_gain":0.0,"event_name":"Bonfire Elementals","player_choice":"Offered Basic","floor":4.0,"gold_loss":0.0,"damage_taken":0.0},{"damage_healed":0.0,"max_hp_gain":0.0,"max_hp_loss":0.0,"gold_gain":0.0,"event_name":"The Mausoleum","player_choice":"Ignored","floor":19.0,"gold_loss":0.0,"damage_taken":0.0},{"damage_healed":0.0,"max_hp_gain":0.0,"max_hp_loss":0.0,"gold_gain":0.0,"event_name":"Drug Dealer","player_choice":"Inject Mutagens","floor":20.0,"gold_loss":0.0,"damage_taken":0.0,"relics_obtained":["MutagenicStrength"]},{"damage_healed":0.0,"max_hp_gain":0.0,"max_hp_loss":0.0,"gold_gain":0.0,"event_name":"Masked Bandits","player_choice":"Fought Bandits","floor":30.0,"gold_loss":0.0,"damage_taken":0.0}],"is_beta":false,"boss_relics":[{"not_picked":["Pandora\u0027s Box","Runic Cube"],"picked":"Snecko Eye"}],"items_purged_floors":[],"is_endless":false,"potions_floor_spawned":[3,7,11,12,16,18,21,22],"killed_by":"Champ","ascension_level":4}