{"gold_per_floor":[109,7,182,195,195,228,228,228,252,278,289,289,289,317,317,418,418,418,418,418,5,5,5,5,5,5,5,5,5,5,5,5,5,5,5,5,5,5,5,5,5,5,5,5,5,5,5,5,5,5],"floor_reached":51,"playtime":2158,"items_purged":["Defend_R","Strike_R"],"score":899,"play_id":"435dfd19-0961-4682-a8a4-51fe835a742c","local_time":"20190520131507","is_ascension_mode":true,"campfire_choices":[{"floor":7,"key":"REST"},{"data":"Armaments","floor":12,"key":"SMITH"},{"floor":15,"key":"REST"},{"data":"Barricade","floor":23,"key":"SMITH"},{"floor":27,"key":"REST"},{"data":"Impervious","floor":32,"key":"SMITH"},{"floor":41,"key":"REST"},{"floor":44,"key":"REST"},{"floor":49,"key":"REST"}],"neow_cost":"NONE","seed_source_timestamp":1536560770867391,"circlet_count":0,"master_deck":["Strike_R","Strike_R","Strike_R","Strike_R+1","Defend_R","Defend_R","Defend_R","Bash+1","Perfected Strike","Armaments+1","Pommel Strike","Warcry","Barricade+1","Impervious+1","Twin Strike","Body Slam+1","Burning Pact","Pommel Strike","Clothesline","Pummel","Inflame","Immolate+1","Seeing Red+1","Bandage Up","Perfected Strike+1","Shockwave+1","Shrug It Off+1"],"relics":["Burning Blood","Gambling Chip","Potion Belt","Bag of Preparation","Magic Flower","Anchor","Ectoplasm","Red Mask","Vajra","Oddly Smooth Stone","MutagenicStrength","Bottled Lightning","Bag of Marbles","Self Forming Clay","Black Star","Unceasing Top","Question Card","MawBank","Whetstone","Dodecahedron"],"potions_floor_usage":[14,16,16,40,50,50,50],"damage_taken":[{"damage":8,"enemies":"Jaw Worm","floor":1,"turns":3},{"damage":7,"enemies":"Small Slimes","floor":4,"turns":5},{"damage":28,"enemies":"Gremlin Nob","floor":6,"turns":4},{"damage":25,"enemies":"3 Sentries","floor":10,"turns":8},{"damage":0,"enemies":"Cultist","floor":11,"turns":2},{"damage":23,"enemies":"Gremlin Nob","floor":14,"turns":4},{"damage":51,"enemies":"The Guardian","floor":16,"turns":11},{"damage":17,"enemies":"Spheric Guardian","floor":18,"turns":6},{"damage":6,"enemies":"Masked Bandits","floor":19,"turns":5},{"damage":10,"enemies":"3 Byrds","floor":20,"turns":6},{"damage":38,"enemies":"Slavers","floor":24,"turns":6},{"damage":0,"enemies":"Snake Plant","floor":28,"turns":1},{"damage":18,"enemies":"Sentry and Sphere","floor":29,"turns":5},{"damage":0,"enemies":"Gremlin Leader","floor":30,"turns":6},{"damage":0,"enemies":"Champ","floor":33,"turns":7},{"damage":0,"enemies":"3 Shapes","floor":35,"turns":1},{"damage":28,"enemies":"3 Darklings","floor":36,"turns":6},{"damage":0,"enemies":"Jaw Worm Horde","floor":37,"turns":1},{"damage":44,"enemies":"Giant Head","floor":40,"turns":8},{"damage":71,"enemies":"Nemesis","floor":42,"turns":7},{"damage":46,"enemies":"Spire Growth","floor":45,"turns":4},{"damage":5,"enemies":"Transient","floor":46,"turns":5},{"damage":28,"enemies":"Donu and Deca","floor":50,"turns":10}],"seed_played":"-8258410759623796897","potions_obtained":[{"floor":1,"key":"GamblersBrew"},{"floor":4,"key":"Poison Potion"},{"floor":14,"key":"SneckoOil"},{"floor":16,"key":"Energy Potion"},{"floor":19,"key":"Dexterity Potion"},{"floor":20,"key":"Strength Potion"},{"floor":24,"key":"FairyPotion"},{"floor":29,"key":"SkillPotion"},{"floor":42,"key":"SpeedPotion"}],"is_trial":false,"path_per_floor":["M","$","?","M","?","E","R","?","T","E","M","R","?","E","R","B",null,"M","?","M","$","?","R","E","$","T","R","M","M","E","?","R","B",null,"M","M","M","?","?","E","R","E","T","R","M","M","$","?","R","B",null],"character_chosen":"IRONCLAD","items_purchased":["Armaments","Vajra","Oddly Smooth Stone","Pommel Strike"],"campfire_rested":6,"item_purchase_floors":[2,21,21,21],"current_hp_per_floor":[78,78,78,77,65,43,67,72,72,53,62,62,55,41,66,24,85,77,80,79,79,79,79,50,50,50,75,84,75,84,84,84,85,85,85,66,75,75,75,46,71,15,15,40,12,22,22,22,47,34],"gold":5,"neow_bonus":"UPGRADE_CARD","is_prod":false,"is_daily":false,"chose_seed":false,"campfire_upgraded":3,"win_rate":0,"timestamp":1558383307,"path_taken":["M","$","?","M","?","E","R","?","T","E","M","R","?","E","R","BOSS","M","?","M","$","?","R","E","?","T","R","M","M","E","?","R","BOSS","M","M","M","?","?","E","R","E","T","R","M","M","?","?","R","BOSS"],"build_version":"2019-01-23","purchased_purges":2,"victory":true,"max_hp_per_floor":[80,80,80,80,80,80,80,85,85,85,85,85,85,85,85,85,85,85,85,85,85,85,85,85,85,85,85,85,85,85,85,85,85,85,85,85,85,85,85,85,85,85,85,85,85,85,85,85,85,85],"card_choices":[{"not_picked":["Carnage","Intimidate"],"picked":"Perfected Strike","floor":1},{"not_picked":["Disarm","Flex"],"picked":"Pommel Strike","floor":4},{"not_picked":["Flame Barrier","Warcry","Bloodletting"],"picked":"SKIP","floor":6},{"not_picked":["Combust","Heavy Blade"],"picked":"Warcry","floor":10},{"not_picked":["Ghostly Armor","Twin Strike"],"picked":"Barricade","floor":11},{"not_picked":["Havoc","Cleave","Reckless Charge"],"picked":"SKIP","floor":14},{"not_picked":["Bludgeon","Limit Break"],"picked":"Impervious","floor":16},{"not_picked":["Combust+1","Second Wind"],"picked":"Twin Strike","floor":18},{"not_picked":["Headbutt+1","Rupture"],"picked":"Body Slam+1","floor":19},{"not_picked":["Bloodletting","Seeing Red+1"],"picked":"Burning Pact","floor":20},{"not_picked":["Thunderclap","Sword Boomerang"],"picked":"Clothesline","floor":24},{"not_picked":["Cleave+1","Pummel","Twin Strike"],"picked":"SKIP","floor":28},{"not_picked":["Bludgeon","Clash"],"picked":"Pummel","floor":29},{"not_picked":["Feel No Pain","True Grit"],"picked":"Inflame","floor":30},{"not_picked":["Brutality","Offering"],"picked":"Immolate","floor":33},{"not_picked":["Pummel","Spot Weakness","Intimidate"],"picked":"SKIP","floor":35},{"not_picked":["Cleave+1","Anger"],"picked":"Seeing Red+1","floor":36},{"not_picked":["Wild Strike+1","Searing Blow","Clothesline+1"],"picked":"SKIP","floor":37},{"not_picked":["Swift Strike","Forethought"],"picked":"Bandage Up","floor":38},{"not_picked":["Headbutt+1","Corruption+1","Armaments+1"],"picked":"SKIP","floor":40},{"not_picked":["Flex","Body Slam","Combust"],"picked":"Perfected Strike+1","floor":42},{"not_picked":["Fire Breathing","Sword Boomerang+1","Dual Wield"],"picked":"Shockwave+1","floor":45},{"not_picked":["Shockwave","Clash","True Grit+1"],"picked":"Shrug It Off+1","floor":46}],"player_experience":243813,"relics_obtained":[{"floor":6,"key":"Potion Belt"},{"floor":9,"key":"Bag of Preparation"},{"floor":10,"key":"Magic Flower"},{"floor":14,"key":"Anchor"},{"floor":19,"key":"Red Mask"},{"floor":24,"key":"Bottled Lightning"},{"floor":26,"key":"Bag of Marbles"},{"floor":30,"key":"Self Forming Clay"},{"floor":40,"key":"Unceasing Top"},{"floor":40,"key":"Question Card"},{"floor":42,"key":"MawBank"},{"floor":42,"key":"Whetstone"},{"floor":43,"key":"Dodecahedron"}],"event_choices":[{"damage_healed":0,"gold_gain":175,"player_choice":"AGREE","damage_taken":0,"max_hp_gain":0,"max_hp_loss":0,"event_name":"Liars Game","floor":3,"gold_loss":0,"cards_obtained":["Doubt"]},{"damage_healed":0,"gold_gain":0,"player_choice":"Success","damage_taken":12,"relics_obtained":["Gambling Chip"],"max_hp_gain":0,"max_hp_loss":0,"event_name":"Scrap Ooze","floor":5,"gold_loss":0},{"damage_healed":0,"gold_gain":0,"player_choice":"Donut","damage_taken":0,"max_hp_gain":5,"max_hp_loss":0,"event_name":"Big Fish","floor":8,"gold_loss":0},{"cards_removed":["Doubt"],"damage_healed":0,"gold_gain":0,"player_choice":"Card Removal","damage_taken":7,"max_hp_gain":0,"max_hp_loss":0,"event_name":"Golden Wing","floor":13,"gold_loss":0},{"damage_healed":0,"gold_gain":0,"player_choice":"Fought Bandits","damage_taken":0,"max_hp_gain":0,"max_hp_loss":0,"event_name":"Masked Bandits","floor":19,"gold_loss":0},{"damage_healed":0,"gold_gain":0,"player_choice":"Inject Mutagens","damage_taken":0,"relics_obtained":["MutagenicStrength"],"max_hp_gain":0,"max_hp_loss":0,"event_name":"Drug Dealer","floor":22,"gold_loss":0},{"damage_healed":0,"gold_gain":0,"player_choice":"Ignored","damage_taken":0,"max_hp_gain":0,"max_hp_loss":0,"event_name":"Beggar","floor":31,"gold_loss":0},{"damage_healed":0,"gold_gain":0,"player_choice":"Memory 1","damage_taken":0,"max_hp_gain":0,"max_hp_loss":0,"event_name":"SensoryStone","floor":38,"gold_loss":0},{"damage_healed":0,"gold_gain":0,"player_choice":"Ignored","damage_taken":0,"max_hp_gain":0,"max_hp_loss":0,"event_name":"Tomb of Lord Red Mask","floor":39,"gold_loss":0},{"damage_healed":0,"gold_gain":0,"player_choice":"Ignored","damage_taken":0,"max_hp_gain":0,"max_hp_loss":0,"event_name":"Mysterious Sphere","floor":48,"gold_loss":0}],"is_beta":false,"boss_relics":[{"not_picked":["Busted Crown","Velvet Choker"],"picked":"Ectoplasm"},{"not_picked":["Runic Cube","Pandora\u0027s Box"],"picked":"Black Star"}],"items_purged_floors":[2,21],"is_endless":false,"potions_floor_spawned":[1,4,14,16,19,20,24,29,36,42,46],"ascension_level":1}