{"gold_per_floor":[112,112,126,144,156,156,156,156,156,183,197,197,215,234,234,310,310,321,333,108,119,119,119,119],"floor_reached":24,"playtime":874,"items_purged":["Strike_B"],"score":380,"play_id":"701a7137-b34a-4f8d-909d-95a6b11f52b6","local_time":"20180901124757","is_ascension_mode":true,"campfire_choices":[{"data":"Zap","floor":12,"key":"SMITH"},{"data":"Conserve Battery","floor":15,"key":"SMITH"},{"data":"Echo Form","floor":23,"key":"SMITH"}],"neow_cost":"NONE","seed_source_timestamp":4809172365082991,"circlet_count":0,"master_deck":["Strike_B+1","Strike_B+1","Defend_B","Defend_B","Defend_B","Defend_B","Zap+1","Dualcast","AscendersBane","Sweeping Beam","Conserve Battery+1","Ball Lightning","Steam","Leap","Reinforced Body","Stack","Echo Form+1","Glacier","Ball Lightning","Capacitor","FTL"],"relics":["Cracked Core","Mercury Hourglass","Ornamental Fan","Nuclear Battery","MutagenicStrength"],"potions_floor_usage":[10,24],"damage_taken":[{"damage":0,"enemies":"2 Louse","floor":1,"turns":2},{"damage":0,"enemies":"Small Slimes","floor":3,"turns":2},{"damage":12,"enemies":"Jaw Worm","floor":4,"turns":3},{"damage":12,"enemies":"2 Fungi Beasts","floor":5,"turns":3},{"damage":13,"enemies":"3 Sentries","floor":10,"turns":5},{"damage":4,"enemies":"3 Louse","floor":11,"turns":2},{"damage":0,"enemies":"Large Slime","floor":13,"turns":3},{"damage":1,"enemies":"Exordium Thugs","floor":14,"turns":4},{"damage":29,"enemies":"The Guardian","floor":16,"turns":14},{"damage":3,"enemies":"Spheric Guardian","floor":18,"turns":6},{"damage":0,"enemies":"Chosen","floor":19,"turns":5},{"damage":6,"enemies":"Snecko","floor":21,"turns":6},{"damage":50,"enemies":"Book of Stabbing","floor":24,"turns":6}],"seed_played":"-3954237157080523308","potions_obtained":[{"floor":4,"key":"SkillPotion"},{"floor":11,"key":"SpeedPotion"},{"floor":13,"key":"Explosive Potion"}],"is_trial":false,"path_per_floor":["M","?","M","M","M","?","?","?","T","E","M","R","M","M","R","B",null,"M","M","$","M","?","R"],"character_chosen":"DEFECT","items_purchased":["Ball Lightning","Capacitor"],"campfire_rested":0,"item_purchase_floors":[20,20],"current_hp_per_floor":[71,48,48,36,24,50,50,50,50,37,33,33,33,32,32,3,59,56,56,56,50,50,50,0],"gold":119,"neow_bonus":"TEN_PERCENT_HP_BONUS","is_prod":false,"is_daily":false,"chose_seed":false,"campfire_upgraded":3,"win_rate":0,"timestamp":1535820477,"path_taken":["M","?","M","M","M","?","?","?","T","E","M","R","M","M","R","BOSS","M","M","$","M","?","R","E"],"build_version":"2018-08-30","purchased_purges":1,"victory":false,"max_hp_per_floor":[78,78,78,78,78,78,78,78,78,78,78,78,78,78,78,78,78,78,78,78,78,78,78,78],"card_choices":[{"not_picked":["Beam Cell","Fusion","Turbo"],"picked":"SKIP","floor":1},{"not_picked":["Darkness","Stack"],"picked":"Sweeping Beam","floor":3},{"not_picked":["Leap","Compile Driver"],"picked":"Conserve Battery","floor":4},{"not_picked":["Leap","Stack"],"picked":"Ball Lightning","floor":5},{"not_picked":["Rainbow","Darkness"],"picked":"Steam","floor":10},{"not_picked":["Streamline","Redo"],"picked":"Leap","floor":11},{"not_picked":["Doom and Gloom","Rip and Tear"],"picked":"Reinforced Body","floor":13},{"not_picked":["Beam Cell","Lockon"],"picked":"Stack","floor":14},{"not_picked":["Seek","Core Surge"],"picked":"Echo Form","floor":16},{"not_picked":["Steam Power","Capacitor"],"picked":"Glacier","floor":18},{"not_picked":["Hello World","Aggregate+1","Consume"],"picked":"SKIP","floor":19},{"not_picked":["Sweeping Beam","Turbo"],"picked":"FTL","floor":21}],"player_experience":298418,"relics_obtained":[{"floor":9,"key":"Mercury Hourglass"},{"floor":10,"key":"Ornamental Fan"}],"event_choices":[{"event_name":"Shining Light","player_choice":"Entered Light","floor":2,"damage_taken":0},{"event_name":"Big Fish","player_choice":"Banana","floor":6,"damage_taken":0},{"event_name":"Liars Game","player_choice":"disagreed","floor":7,"damage_taken":0},{"event_name":"Bonfire Elementals","player_choice":"BASIC","floor":8,"damage_taken":0},{"event_name":"Drug Dealer","player_choice":"Inject Mutagens","floor":22,"damage_taken":0}],"is_beta":false,"boss_relics":[{"not_picked":["White Beast Statue","Runic Dome"],"picked":"Nuclear Battery"}],"items_purged_floors":[20],"is_endless":false,"potions_floor_spawned":[4,11,13,16,21],"killed_by":"Book of Stabbing","ascension_level":18}