{"gold_per_floor":[113,113,113,213,223,249,249,279,279,279,130,130,130,148,148,251,251,271,282,298,298,312,312],"floor_reached":23,"playtime":1289,"items_purged":["Strike_G"],"score":239,"play_id":"44cbc982-6d2b-4b61-9403-8b1fe2a4473e","local_time":"20180804001552","is_ascension_mode":true,"campfire_choices":[{"floor":7,"key":"REST"},{"data":"Neutralize","floor":10,"key":"SMITH"},{"data":"Leg Sweep","floor":12,"key":"SMITH"},{"floor":15,"key":"REST"}],"neow_cost":"NONE","seed_source_timestamp":2345088503273877,"circlet_count":0,"master_deck":["Defend_G","Defend_G","Defend_G","Defend_G","Defend_G","Strike_G","Strike_G","Strike_G","Survivor","Neutralize+1","Dodge and Roll","Leg Sweep+1","Die Die Die","Cloak And Dagger","Dagger Spray","Caltrops+1","Sucker Punch","Corpse Explosion","Dodge and Roll","Dagger Spray","Riddle With Holes+1","Sucker Punch","Blade Dance+1"],"relics":["Ring of the Serpent","Pen Nib","Calipers","Frozen Egg 2","Tough Bandages","Shuriken"],"potions_floor_usage":[6,8,23,23],"damage_taken":[{"damage":1,"enemies":"Cultist","floor":1,"turns":5},{"damage":0,"enemies":"2 Louse","floor":5,"turns":3},{"damage":54,"enemies":"Lagavulin","floor":6,"turns":16},{"damage":22,"enemies":"3 Sentries","floor":8,"turns":17},{"damage":0,"enemies":"Small Slimes","floor":14,"turns":1},{"damage":39,"enemies":"Slime Boss","floor":16,"turns":11},{"damage":23,"enemies":"Spheric Guardian","floor":18,"turns":7},{"damage":9,"enemies":"Chosen","floor":19,"turns":8},{"damage":16,"enemies":"Snake Plant","floor":20,"turns":7},{"damage":20,"enemies":"Snecko","floor":22,"turns":6},{"damage":4,"enemies":"Gremlin Leader","floor":23,"turns":1}],"seed_played":"-4623322299482389457","potions_obtained":[{"floor":1,"key":"AttackPotion"},{"floor":6,"key":"Regen Potion"},{"floor":8,"key":"LiquidBronze"},{"floor":19,"key":"Dexterity Potion"}],"is_trial":false,"path_per_floor":["M","?","$","?","M","E","R","E","T","R","$","R","T","M","R","B",null,"M","M","M","?","M"],"character_chosen":"THE_SILENT","items_purchased":["Caltrops+1"],"campfire_rested":2,"item_purchase_floors":[11],"current_hp_per_floor":[69,69,69,69,69,15,36,29,29,29,29,29,29,29,50,11,70,47,38,22,22,2,0],"gold":312,"neow_bonus":"RANDOM_COMMON_RELIC","is_prod":false,"is_daily":false,"chose_seed":false,"campfire_upgraded":2,"win_rate":0,"timestamp":1533356152,"path_taken":["M","?","$","?","M","E","R","E","T","R","$","R","?","M","R","BOSS","M","?","M","?","M","E"],"build_version":"2018-08-02","purchased_purges":1,"victory":false,"max_hp_per_floor":[70,70,70,70,70,70,70,70,70,70,70,70,70,70,70,70,70,70,70,70,70,70,70],"card_choices":[{"not_picked":["Crippling Poison","Acrobatics"],"picked":"Dodge and Roll","floor":1},{"not_picked":["Dagger Throw","Blur"],"picked":"Die Die Die","floor":5},{"not_picked":["Dodge and Roll","Underhanded Strike"],"picked":"Cloak And Dagger","floor":6},{"not_picked":["Choke","Quick Slash"],"picked":"Dagger Spray","floor":8},{"not_picked":["Dodge and Roll","Dagger Spray"],"picked":"Sucker Punch","floor":14},{"not_picked":["Wraith Form v2+1","Adrenaline"],"picked":"Corpse Explosion","floor":16},{"not_picked":["Prepared","All Out Attack"],"picked":"Dodge and Roll","floor":18},{"not_picked":["Skewer","Deadly Poison"],"picked":"Dagger Spray","floor":19},{"not_picked":["Dagger Throw+1","Deadly Poison+1"],"picked":"Riddle With Holes+1","floor":20},{"not_picked":["Dagger Spray","Dash"],"picked":"Blade Dance+1","floor":22}],"player_experience":205859,"relics_obtained":[{"floor":6,"key":"Calipers"},{"floor":8,"key":"Frozen Egg 2"},{"floor":9,"key":"Tough Bandages"},{"floor":13,"key":"Shuriken"}],"event_choices":[{"event_name":"Living Wall","player_choice":"Change","floor":2,"damage_taken":0},{"event_name":"Golden Shrine","player_choice":"Pray","floor":4,"damage_taken":0},{"event_name":"Match and Keep!","player_choice":"1 cards matched","floor":21,"damage_taken":0}],"is_beta":false,"boss_relics":[{"not_picked":["Snecko Eye","Coffee Dripper"],"picked":"Ring of the Serpent"}],"items_purged_floors":[11],"is_endless":false,"potions_floor_spawned":[1,6,8,19],"killed_by":"Gremlin Leader","ascension_level":4}