{"gold_per_floor":[129,216,246,270,359,401,413,425,437,468,450,462,509,536,548,657,669,698,730,657,679,691,703,732,776,788,725,753,796,828,54,54,155,155,168,0,12,22,37,37,56,56,82,11,39,51,51,68,68,68],"floor_reached":50,"playtime":3557,"items_purged":[],"score":716,"play_id":"97d59183-5096-4abc-a741-156daa7e7fb8","local_time":"20180805061720","is_ascension_mode":true,"campfire_choices":[{"floor":7,"key":"REST"},{"data":"Pommel Strike","floor":12,"key":"SMITH"},{"data":"Bash","floor":15,"key":"SMITH"},{"floor":23,"key":"REST"},{"floor":32,"key":"DIG"},{"floor":40,"key":"REST"},{"floor":42,"key":"REST"},{"floor":49,"key":"REST"}],"neow_cost":"NONE","seed_source_timestamp":49627451223016,"circlet_count":0,"master_deck":["Strike_R","Strike_R","Strike_R","Strike_R","Defend_R","Defend_R","Defend_R+1","Defend_R+1","Bash+1","Pommel Strike+1","Cleave","Shrug It Off","Impervious","Disarm","Iron Wave+1","Immolate+1","Headbutt+1","Whirlwind+1","Bloodletting+1","Inflame+1","Battle Trance+1","Offering","Seeing Red+1","Exhume","Shockwave+1","Metallicize+1","Regret","Blood for Blood+1","Metallicize+1","Flex+1"],"relics":["Burning Blood","MawBank","Molten Egg 2","Kunai","Pantograph","Anchor","Fusion Hammer","War Paint","Gremlin Horn","Bottled Flame","Darkstone Periapt","Nunchaku","Shovel","Ornamental Fan","Frozen Egg 2","Cursed Key","Red Mask","Omamori","Strawberry"],"potions_floor_usage":[8,16,18,25,25,29,29,41,50],"damage_taken":[{"damage":7,"enemies":"Jaw Worm","floor":1,"turns":6},{"damage":7,"enemies":"Small Slimes","floor":3,"turns":3},{"damage":9,"enemies":"2 Louse","floor":4,"turns":3},{"damage":33,"enemies":"Gremlin Nob","floor":6,"turns":5},{"damage":0,"enemies":"Exordium Wildlife","floor":8,"turns":1},{"damage":0,"enemies":"2 Fungi Beasts","floor":10,"turns":5},{"damage":1,"enemies":"Looter","floor":11,"turns":4},{"damage":15,"enemies":"Lagavulin","floor":13,"turns":9},{"damage":3,"enemies":"Gremlin Gang","floor":14,"turns":5},{"damage":27,"enemies":"Slime Boss","floor":16,"turns":12},{"damage":17,"enemies":"Spheric Guardian","floor":18,"turns":4},{"damage":8,"enemies":"2 Thieves","floor":19,"turns":3},{"damage":11,"enemies":"Sentry and Sphere","floor":21,"turns":6},{"damage":0,"enemies":"Chosen and Byrds","floor":24,"turns":4},{"damage":16,"enemies":"Book of Stabbing","floor":25,"turns":4},{"damage":14,"enemies":"Snecko","floor":28,"turns":6},{"damage":3,"enemies":"Slavers","floor":29,"turns":3},{"damage":0,"enemies":"Centurion and Healer","floor":30,"turns":2},{"damage":39,"enemies":"Collector","floor":33,"turns":8},{"damage":25,"enemies":"3 Darklings","floor":35,"turns":3},{"damage":5,"enemies":"Flame Bruiser 1 Orb","floor":37,"turns":3},{"damage":30,"enemies":"Spire Growth","floor":38,"turns":4},{"damage":5,"enemies":"3 Darklings","floor":39,"turns":3},{"damage":47,"enemies":"Transient","floor":41,"turns":5},{"damage":25,"enemies":"2 Orb Walkers","floor":45,"turns":4},{"damage":0,"enemies":"Sphere and 2 Shapes","floor":46,"turns":1},{"damage":3,"enemies":"4 Shapes","floor":48,"turns":1},{"damage":114,"enemies":"Time Eater","floor":50,"turns":12}],"seed_played":"3583015426928024611","potions_obtained":[{"floor":3,"key":"SmokeBomb"},{"floor":10,"key":"BloodPotion"},{"floor":14,"key":"LiquidBronze"},{"floor":16,"key":"Poison Potion"},{"floor":19,"key":"Explosive Potion"},{"floor":21,"key":"Energy Potion"},{"floor":25,"key":"Dexterity Potion"},{"floor":28,"key":"SpeedPotion"},{"floor":30,"key":"Energy Potion"},{"floor":39,"key":"Energy Potion"},{"floor":41,"key":"Poison Potion"},{"floor":48,"key":"Regen Potion"}],"is_trial":false,"path_per_floor":["M","?","M","M","T","E","R","M","T","M","M","R","E","M","R","B",null,"M","M","?","M","?","R","M","E","T","?","M","E","M","$","R","B",null,"M","?","M","M","M","R","M","R","T","$","E","M","?","M","R"],"character_chosen":"IRONCLAD","items_purchased":["Shovel","Ornamental Fan","Offering","Seeing Red","Blood for Blood+1"],"campfire_rested":5,"item_purchase_floors":[31,31,31,31,44],"current_hp_per_floor":[79,68,67,64,64,37,61,67,67,73,78,78,69,72,72,59,75,64,62,62,57,57,80,80,70,70,70,62,65,71,71,71,47,72,53,53,54,30,31,55,22,46,52,52,40,46,46,49,76,0],"gold":68,"neow_bonus":"RANDOM_COMMON_RELIC","is_prod":false,"is_daily":false,"chose_seed":false,"campfire_upgraded":2,"win_rate":0,"timestamp":1533439040,"path_taken":["M","?","M","M","?","E","R","M","T","M","M","R","E","M","R","BOSS","M","M","?","?","?","R","M","E","T","?","M","E","M","$","R","BOSS","M","?","?","M","M","R","M","R","T","$","E","M","?","M","R","BOSS"],"build_version":"2018-08-02","purchased_purges":0,"victory":false,"max_hp_per_floor":[80,80,80,80,80,80,80,80,80,80,80,80,80,80,80,80,80,80,80,80,80,80,80,80,80,80,80,80,80,80,80,80,80,80,80,80,80,80,80,80,80,80,86,86,93,93,93,93,93,93],"card_choices":[{"not_picked":["True Grit","Perfected Strike"],"picked":"Pommel Strike","floor":1},{"not_picked":["Pommel Strike","Clash"],"picked":"Cleave","floor":3},{"not_picked":["Inflame","Body Slam"],"picked":"Shrug It Off","floor":4},{"not_picked":["Brutality","Reckless Charge+1"],"picked":"Impervious","floor":6},{"not_picked":["Anger+1","Sentinel","Body Slam+1"],"picked":"SKIP","floor":10},{"not_picked":["Evolve","Cleave+1"],"picked":"Disarm","floor":11},{"not_picked":["Twin Strike+1","Shrug It Off"],"picked":"Iron Wave+1","floor":13},{"not_picked":["Armaments","Wild Strike+1","Corruption"],"picked":"SKIP","floor":14},{"not_picked":["Double Tap","Dark Embrace"],"picked":"Immolate+1","floor":16},{"not_picked":["Twin Strike+1","True Grit","Pommel Strike+1"],"picked":"SKIP","floor":18},{"not_picked":["Spot Weakness","Warcry"],"picked":"Headbutt+1","floor":19},{"not_picked":["Wild Strike+1","Cleave+1","Clash+1"],"picked":"SKIP","floor":21},{"not_picked":["Double Tap","Corruption"],"picked":"Whirlwind+1","floor":24},{"not_picked":["Wild Strike+1","Rampage+1"],"picked":"Bloodletting+1","floor":25},{"not_picked":["Wild Strike+1","Perfected Strike+1","Twin Strike+1"],"picked":"SKIP","floor":28},{"not_picked":["Body Slam+1","Disarm"],"picked":"Inflame+1","floor":29},{"not_picked":["Twin Strike+1","Flex+1"],"picked":"Battle Trance+1","floor":30},{"not_picked":["Juggernaut+1","Dark Embrace+1"],"picked":"Exhume","floor":33},{"not_picked":["Iron Wave+1","Hemokinesis+1","True Grit+1"],"picked":"SKIP","floor":35},{"not_picked":["Hemokinesis+1","Uppercut+1"],"picked":"Shockwave+1","floor":37},{"not_picked":["Wild Strike+1","Twin Strike+1","Pommel Strike+1"],"picked":"SKIP","floor":38},{"not_picked":["Shockwave+1","Sword Boomerang+1"],"picked":"Metallicize+1","floor":39},{"not_picked":["Clash+1","Pummel+1","Armaments"],"picked":"SKIP","floor":41},{"not_picked":["Metallicize+1","Clash+1","Pummel+1"],"picked":"SKIP","floor":45},{"not_picked":["Clash+1","Pummel+1"],"picked":"Metallicize+1","floor":45},{"not_picked":["Warcry","Carnage+1"],"picked":"Flex+1","floor":46},{"not_picked":["Pommel Strike+1","Reckless Charge+1","Sword Boomerang+1"],"picked":"SKIP","floor":48}],"player_experience":186675,"relics_obtained":[{"floor":5,"key":"Molten Egg 2"},{"floor":6,"key":"Kunai"},{"floor":9,"key":"Pantograph"},{"floor":13,"key":"Anchor"},{"floor":25,"key":"Bottled Flame"},{"floor":26,"key":"Darkstone Periapt"},{"floor":29,"key":"Nunchaku"},{"floor":32,"key":"Frozen Egg 2"},{"floor":43,"key":"Omamori"},{"floor":45,"key":"Strawberry"}],"event_choices":[{"event_name":"World of Goop","player_choice":"Gather Gold","floor":2,"damage_taken":0},{"event_name":"Addict","player_choice":"Obtained Relic","floor":20,"damage_taken":0},{"event_name":"The Mausoleum","player_choice":"Yes","floor":22,"damage_taken":0},{"event_name":"Beggar","player_choice":"Gave Gold","floor":27,"damage_taken":0},{"event_name":"Tomb of Lord Red Mask","player_choice":"Paid","floor":36,"damage_taken":0},{"event_name":"Upgrade Shrine","player_choice":"Upgraded","floor":47,"damage_taken":0}],"is_beta":false,"boss_relics":[{"not_picked":["Lizard Tail","Runic Pyramid"],"picked":"Fusion Hammer"},{"not_picked":["Pandora\u0027s Box","Empty Cage"],"picked":"Cursed Key"}],"items_purged_floors":[],"is_endless":false,"potions_floor_spawned":[3,8,10,14,16,19,21,25,28,30,39,41,48],"killed_by":"Time Eater","ascension_level":5}