{"gold_per_floor":[112,187,187,203,203,229,248,248,248,264,264,281,281,314,314,390,390,400,400,418,434,459,459,492,492,492,492,509,509,542,554,554,554],"floor_reached":33,"playtime":1826,"items_purged":[],"score":624,"play_id":"362c8fbf-d2ce-4a12-8642-8fdd7cf20225","local_time":"20190305170129","is_ascension_mode":true,"campfire_choices":[{"data":"Bouncing Flask","floor":8.0,"key":"SMITH"},{"data":"Terror","floor":11.0,"key":"SMITH"},{"data":"Leg Sweep","floor":13.0,"key":"SMITH"},{"data":"PiercingWail","floor":15.0,"key":"SMITH"},{"floor":23.0,"key":"REST"},{"data":"Burst","floor":29.0,"key":"SMITH"},{"data":"After Image","floor":32,"key":"SMITH"}],"neow_cost":"NONE","seed_source_timestamp":558352708767192,"circlet_count":0,"master_deck":["AscendersBane","Defend_G","Defend_G","Defend_G","Defend_G","Defend_G","Strike_G","Strike_G","Strike_G","Strike_G","Strike_G","Survivor","Neutralize+1","PiercingWail+1","Leg Sweep+1","Bouncing Flask+1","Terror+1","Flying Knee","After Image+1","Burst+1","Footwork+1","Calculated Gamble+1","Ghostly","Ghostly","Ghostly","Decay","Predator","Acrobatics"],"special_seed":0,"relics":["Ring of the Snake","NeowsBlessing","Matryoshka","Gambling Chip","Anchor","Torii","Pear","Cursed Key","Red Mask","Centennial Puzzle","Blood Vial","Orichalcum","Meat on the Bone"],"potions_floor_usage":[33,33],"damage_taken":[{"damage":0.0,"enemies":"2 Louse","floor":1.0,"turns":1.0},{"damage":0.0,"enemies":"Small Slimes","floor":4.0,"turns":1.0},{"damage":0.0,"enemies":"Lagavulin","floor":6.0,"turns":1.0},{"damage":0.0,"enemies":"Cultist","floor":7.0,"turns":3.0},{"damage":1.0,"enemies":"Looter","floor":10.0,"turns":3.0},{"damage":1.0,"enemies":"Lots of Slimes","floor":12.0,"turns":6.0},{"damage":8.0,"enemies":"Gremlin Nob","floor":14.0,"turns":3.0},{"damage":12.0,"enemies":"The Guardian","floor":16.0,"turns":11.0},{"damage":10.0,"enemies":"2 Thieves","floor":18.0,"turns":4.0},{"damage":1.0,"enemies":"Shell Parasite","floor":20.0,"turns":3.0},{"damage":0.0,"enemies":"Centurion and Healer","floor":21.0,"turns":13.0},{"damage":17.0,"enemies":"Masked Bandits","floor":22.0,"turns":4.0},{"damage":15.0,"enemies":"Gremlin Leader","floor":24.0,"turns":10.0},{"damage":1.0,"enemies":"Sentry and Sphere","floor":28.0,"turns":10.0},{"damage":3,"enemies":"Book of Stabbing","floor":30,"turns":7},{"damage":0,"enemies":"Snake Plant","floor":31,"turns":3},{"damage":49,"enemies":"Collector","floor":33,"turns":9}],"seed_played":"8052436058987161686","potions_obtained":[{"floor":1.0,"key":"SteroidPotion"},{"floor":14.0,"key":"Poison Potion"},{"floor":16.0,"key":"Energy Potion"},{"floor":18.0,"key":"AttackPotion"},{"floor":28.0,"key":"SmokeBomb"},{"floor":30,"key":"Fire Potion"},{"floor":31,"key":"LiquidBronze"}],"is_trial":false,"path_per_floor":["M","?","?","M","?","E","M","R","T","M","R","M","R","E","R","B",null,"M","?","M","M","?","R","E","?","T","T","M","R","E","M","R","B"],"character_chosen":"THE_SILENT","items_purchased":[],"campfire_rested":1,"item_purchase_floors":[],"current_hp_per_floor":[59,48,48,48,43,43,43,43,43,42,42,41,41,43,43,31,65,55,55,54,54,37,59,44,38,38,38,37,37,35,37,37,0],"gold":554,"neow_bonus":"THREE_ENEMY_KILL","is_prod":false,"is_daily":false,"chose_seed":false,"campfire_upgraded":6,"win_rate":0,"timestamp":1551772889,"path_taken":["M","?","?","M","?","E","M","R","T","M","R","M","R","E","R","BOSS","M","?","M","M","?","R","E","?","T","?","M","R","E","M","R","BOSS"],"build_version":"2019-01-23","purchased_purges":0,"victory":false,"max_hp_per_floor":[66,66,66,66,66,66,66,66,66,66,66,66,66,76,76,76,76,76,76,76,76,76,76,76,38,38,38,38,38,38,38,38,38],"card_choices":[{"not_picked":["Flying Knee","Poisoned Stab"],"picked":"PiercingWail","floor":1.0},{"not_picked":["Distraction","Underhanded Strike"],"picked":"Leg Sweep","floor":4.0},{"not_picked":["Outmaneuver","Deadly Poison"],"picked":"Bouncing Flask","floor":6.0},{"not_picked":["Acrobatics","Underhanded Strike","Deflect"],"picked":"SKIP","floor":7.0},{"not_picked":["Setup","Expertise"],"picked":"Terror","floor":10.0},{"not_picked":["Dagger Throw","Dodge and Roll"],"picked":"Flying Knee","floor":12.0},{"not_picked":["Masterful Stab","Slice"],"picked":"After Image","floor":14.0},{"not_picked":["Night Terror","Storm of Steel"],"picked":"Burst","floor":16.0},{"not_picked":["Flying Knee","Slice","Endless Agony"],"picked":"SKIP","floor":18.0},{"not_picked":["Underhanded Strike","Caltrops"],"picked":"Footwork+1","floor":20.0},{"not_picked":["Concentrate","Flying Knee","Sucker Punch"],"picked":"SKIP","floor":21.0},{"not_picked":["Blade Dance","Slice"],"picked":"Calculated Gamble+1","floor":24.0},{"not_picked":["Calculated Gamble","All Out Attack"],"picked":"Predator","floor":28.0},{"not_picked":["Flying Knee","Unload"],"picked":"Acrobatics","floor":30},{"not_picked":["Dodge and Roll","Bane","Predator"],"picked":"SKIP","floor":31}],"player_experience":625399,"relics_obtained":[{"floor":6.0,"key":"Gambling Chip"},{"floor":9.0,"key":"Anchor"},{"floor":9.0,"key":"Torii"},{"floor":14.0,"key":"Pear"},{"floor":22.0,"key":"Red Mask"},{"floor":24.0,"key":"Centennial Puzzle"},{"floor":26.0,"key":"Blood Vial"},{"floor":26.0,"key":"Orichalcum"},{"floor":30,"key":"Meat on the Bone"}],"event_choices":[{"damage_healed":0.0,"max_hp_gain":0.0,"max_hp_loss":0.0,"gold_gain":75.0,"event_name":"World of Goop","player_choice":"Gather Gold","floor":2.0,"gold_loss":0.0,"damage_taken":11.0},{"damage_healed":0.0,"max_hp_gain":0.0,"max_hp_loss":0.0,"gold_gain":0.0,"event_name":"Living Wall","player_choice":"Grow","floor":3.0,"gold_loss":0.0,"damage_taken":0.0,"cards_upgraded":["Neutralize"]},{"damage_healed":0.0,"max_hp_gain":0.0,"max_hp_loss":0.0,"gold_gain":0.0,"event_name":"Scrap Ooze","player_choice":"Success","floor":5.0,"gold_loss":0.0,"damage_taken":5.0,"relics_obtained":["Matryoshka"]},{"damage_healed":0.0,"max_hp_gain":0.0,"max_hp_loss":0.0,"gold_gain":0.0,"event_name":"The Mausoleum","player_choice":"Ignored","floor":19.0,"gold_loss":0.0,"damage_taken":0.0},{"damage_healed":0.0,"max_hp_gain":0.0,"max_hp_loss":0.0,"gold_gain":0.0,"event_name":"Masked Bandits","player_choice":"Fought Bandits","floor":22.0,"gold_loss":0.0,"damage_taken":0.0},{"damage_healed":0.0,"max_hp_gain":0.0,"max_hp_loss":38.0,"gold_gain":0.0,"event_name":"Ghosts","player_choice":"Became a Ghost","floor":25.0,"gold_loss":0.0,"damage_taken":0.0,"cards_obtained":["Ghostly","Ghostly","Ghostly"]}],"is_beta":false,"boss_relics":[{"not_picked":["Empty Cage","Orrery"],"picked":"Cursed Key"}],"items_purged_floors":[],"is_endless":false,"potions_floor_spawned":[1,14,16,18,21,28,30,31],"killed_by":"Collector","ascension_level":19}