{"gold_per_floor":[20,20,40,52,127,160,177,208,208,226,226,29,40,50,50,150,150,167,179,179,194,55,55,88,5,5,24,51,51,51,67,67,165,165,182,230,26,0,14,14,45,345,415,429,441,441,460,470,470,470],"floor_reached":50,"playtime":6664,"items_purged":["Defend_G","Defend_G","Strike_G"],"score":680,"play_id":"97a6167c-a572-47e4-b121-45a038eda295","local_time":"20190129211209","is_ascension_mode":true,"campfire_choices":[{"data":"Backstab","floor":11,"key":"SMITH"},{"data":"Finisher","floor":15,"key":"SMITH"},{"data":"Accuracy","floor":23,"key":"SMITH"},{"data":"Footwork","floor":29,"key":"SMITH"},{"data":"Survivor","floor":32,"key":"SMITH"},{"floor":40,"key":"REST"},{"floor":46,"key":"RECALL"},{"floor":49,"key":"REST"}],"neow_cost":"NO_GOLD","seed_source_timestamp":1415472175167739,"circlet_count":0,"master_deck":["Defend_G","Defend_G+1","Strike_G","Strike_G","Survivor+1","Neutralize","After Image","Expertise","Prepared","Finisher+1","Underhanded Strike","Cloak And Dagger+1","Backflip+1","Flying Knee","Backstab+1","Well Laid Plans","Infinite Blades","Blade Dance","Slice","Footwork+1","Adrenaline","Prepared","Slice","Outmaneuver","PiercingWail","Adrenaline","Underhanded Strike+1","Blade Dance","Underhanded Strike","Accuracy+1","Backflip+1","Panacea","Sucker Punch","Tactician+1","Cloak And Dagger+1","A Thousand Cuts+1","Dodge and Roll+1","Deflect+1","Distraction+1","Masterful Stab","Masterful Stab+1","Deflect+1","Expertise+1"],"relics":["Ring of the Snake","Ninja Scroll","War Paint","Mummified Hand","Orrery","Frozen Egg 2","Toxic Egg 2","Incense Burner","WristBlade","Mango","Red Mask","Juzu Bracelet"],"potions_floor_usage":[8,16,21,33,33,36,41,44,50],"damage_taken":[{"damage":1,"enemies":"Jaw Worm","floor":1,"turns":8},{"damage":0,"enemies":"Cultist","floor":3,"turns":5},{"damage":0,"enemies":"Small Slimes","floor":4,"turns":4},{"damage":18,"enemies":"3 Sentries","floor":6,"turns":15},{"damage":0,"enemies":"3 Louse","floor":7,"turns":7},{"damage":4,"enemies":"Gremlin Nob","floor":8,"turns":4},{"damage":0,"enemies":"Gremlin Gang","floor":10,"turns":1},{"damage":0,"enemies":"2 Fungi Beasts","floor":13,"turns":1},{"damage":0,"enemies":"Exordium Wildlife","floor":14,"turns":2},{"damage":4,"enemies":"Slime Boss","floor":16,"turns":8},{"damage":1,"enemies":"2 Thieves","floor":18,"turns":4},{"damage":0,"enemies":"Chosen","floor":19,"turns":3},{"damage":10,"enemies":"Snecko","floor":21,"turns":6},{"damage":0,"enemies":"Slavers","floor":24,"turns":5},{"damage":0,"enemies":"Snake Plant","floor":27,"turns":1},{"damage":4,"enemies":"Gremlin Leader","floor":28,"turns":6},{"damage":6,"enemies":"Cultist and Chosen","floor":31,"turns":3},{"damage":4,"enemies":"Champ","floor":33,"turns":8},{"damage":31,"enemies":"3 Darklings","floor":35,"turns":4},{"damage":0,"enemies":"2 Orb Walkers","floor":36,"turns":4},{"damage":19,"enemies":"3 Shapes","floor":39,"turns":3},{"damage":0,"enemies":"Giant Head","floor":41,"turns":5},{"damage":0,"enemies":"Writhing Mass","floor":44,"turns":4},{"damage":7,"enemies":"Maw","floor":45,"turns":5},{"damage":0,"enemies":"Sphere and 2 Shapes","floor":47,"turns":3},{"damage":0,"enemies":"Spire Growth","floor":48,"turns":3},{"damage":86,"enemies":"Donu and Deca","floor":50,"turns":7}],"seed_played":"-867787006641817274","potions_obtained":[{"floor":3,"key":"Strength Potion"},{"floor":7,"key":"GamblersBrew"},{"floor":8,"key":"GamblersBrew"},{"floor":16,"key":"Energy Potion"},{"floor":19,"key":"PowerPotion"},{"floor":27,"key":"SkillPotion"},{"floor":39,"key":"AttackPotion"},{"floor":41,"key":"PowerPotion"},{"floor":48,"key":"SpeedPotion"}],"is_trial":false,"path_per_floor":["M","?","M","M","?","E","M","E","T","M","R","$","M","M","R","B",null,"M","M","?","M","$","R","E","$","T","M","E","R","?","M","R","B",null,"M","?","$","?","M","R","E","?","T","M","M","R","M","M","R","B"],"character_chosen":"THE_SILENT","items_purchased":["Infinite Blades","Blade Dance","Accuracy","Panacea","Distraction+1"],"campfire_rested":2,"item_purchase_floors":[12,12,22,25,37],"current_hp_per_floor":[69,69,69,69,62,44,44,40,40,40,40,40,40,40,40,36,70,69,69,69,59,59,59,59,59,59,59,55,55,42,36,36,32,75,44,58,58,58,39,65,65,65,65,65,58,58,58,58,84,0],"gold":470,"neow_bonus":"TRANSFORM_TWO_CARDS","is_prod":false,"is_daily":false,"chose_seed":false,"campfire_upgraded":5,"win_rate":0,"timestamp":1548792729,"path_taken":["M","?","M","?","?","E","M","E","T","?","R","$","M","M","R","BOSS","M","M","?","M","?","R","E","$","T","M","E","R","?","M","R","BOSS","M","?","$","?","M","R","E","?","T","M","M","R","M","M","R","BOSS"],"build_version":"2019-01-23","purchased_purges":3,"victory":false,"max_hp_per_floor":[70,70,70,70,70,70,70,70,70,70,70,70,70,70,70,70,70,70,70,70,70,70,70,70,70,70,70,70,70,75,75,75,75,75,75,89,89,89,89,89,89,89,89,89,89,89,89,89,89,89],"card_choices":[{"not_picked":["Sucker Punch","Acrobatics"],"picked":"Prepared","floor":1},{"not_picked":["Prepared","Calculated Gamble"],"picked":"Underhanded Strike","floor":3},{"not_picked":["Calculated Gamble","PiercingWail"],"picked":"Cloak And Dagger","floor":4},{"not_picked":["Dash","Prepared"],"picked":"Backflip","floor":6},{"not_picked":["Choke","Prepared"],"picked":"Flying Knee","floor":7},{"not_picked":["Noxious Fumes","Catalyst"],"picked":"Backstab","floor":8},{"not_picked":["Quick Slash","Sucker Punch"],"picked":"Well Laid Plans","floor":10},{"not_picked":["Underhanded Strike","Flechettes"],"picked":"Slice","floor":13},{"not_picked":["Cloak And Dagger","Caltrops"],"picked":"Footwork","floor":14},{"not_picked":["Die Die Die","Bullet Time"],"picked":"Adrenaline","floor":16},{"not_picked":["Caltrops","Eviscerate"],"picked":"Prepared","floor":17},{"not_picked":["Dagger Spray","Prepared"],"picked":"Slice","floor":17},{"not_picked":["PiercingWail","Sucker Punch"],"picked":"Outmaneuver","floor":17},{"not_picked":["Outmaneuver","Poisoned Stab"],"picked":"PiercingWail","floor":17},{"not_picked":["Caltrops","Underhanded Strike"],"picked":"Adrenaline","floor":17},{"not_picked":["Reflex","Prepared"],"picked":"Underhanded Strike+1","floor":18},{"not_picked":["PiercingWail","Leg Sweep"],"picked":"Blade Dance","floor":19},{"not_picked":["Escape Plan+1","Distraction"],"picked":"Underhanded Strike","floor":21},{"not_picked":["Adrenaline","Flying Knee"],"picked":"Backflip+1","floor":24},{"not_picked":["Backflip+1","Poisoned Stab+1"],"picked":"Sucker Punch","floor":27},{"not_picked":["Backflip+1","Catalyst+1"],"picked":"Tactician+1","floor":28},{"not_picked":["Quick Slash","Choke"],"picked":"Cloak And Dagger+1","floor":31},{"not_picked":["After Image+1","Venomology+1"],"picked":"A Thousand Cuts+1","floor":33},{"not_picked":["Dagger Spray","Outmaneuver+1"],"picked":"Dodge and Roll+1","floor":35},{"not_picked":["Slice","Dagger Spray+1"],"picked":"Deflect+1","floor":36},{"not_picked":["Deadly Poison+1","Sucker Punch"],"picked":"Masterful Stab","floor":39},{"not_picked":["Well Laid Plans+1","Tactician+1"],"picked":"Masterful Stab+1","floor":41},{"not_picked":["Sucker Punch+1","Dodge and Roll+1"],"picked":"Deflect+1","floor":44},{"not_picked":["Deflect+1","Poisoned Stab+1","Outmaneuver+1"],"picked":"SKIP","floor":45},{"not_picked":["Masterful Stab+1","Sucker Punch+1","Bane"],"picked":"SKIP","floor":47},{"not_picked":["Leg Sweep+1","Dagger Throw"],"picked":"Expertise+1","floor":48}],"player_experience":78243,"relics_obtained":[{"floor":6,"key":"Ninja Scroll"},{"floor":8,"key":"War Paint"},{"floor":9,"key":"Mummified Hand"},{"floor":24,"key":"Frozen Egg 2"},{"floor":26,"key":"Toxic Egg 2"},{"floor":28,"key":"Incense Burner"},{"floor":36,"key":"Mango"},{"floor":41,"key":"Juzu Bracelet"}],"event_choices":[{"damage_healed":0,"gold_gain":0,"cards_transformed":["Strike_G"],"player_choice":"Transformed","damage_taken":0,"max_hp_gain":0,"max_hp_loss":0,"event_name":"Transmorgrifier","floor":2,"gold_loss":0,"cards_obtained":["Finisher"]},{"damage_healed":0,"gold_gain":75,"player_choice":"Touch","damage_taken":7,"max_hp_gain":0,"max_hp_loss":0,"event_name":"FaceTrader","floor":5,"gold_loss":0},{"damage_healed":0,"gold_gain":0,"player_choice":"Upgraded","damage_taken":0,"max_hp_gain":0,"max_hp_loss":0,"event_name":"Upgrade Shrine","floor":20,"gold_loss":0,"cards_upgraded":["Backflip"]},{"damage_healed":0,"gold_gain":0,"player_choice":"Shed Blood","damage_taken":18,"max_hp_gain":5,"max_hp_loss":0,"event_name":"Forgotten Altar","floor":30,"gold_loss":0},{"damage_healed":0,"gold_gain":0,"player_choice":"Fight","damage_taken":0,"max_hp_gain":0,"max_hp_loss":0,"event_name":"Mysterious Sphere","floor":36,"gold_loss":0},{"damage_healed":0,"gold_gain":0,"player_choice":"Paid","damage_taken":0,"relics_obtained":["Red Mask"],"max_hp_gain":0,"max_hp_loss":0,"event_name":"Tomb of Lord Red Mask","floor":38,"gold_loss":26},{"damage_healed":0,"gold_gain":300,"player_choice":"Gold","damage_taken":0,"max_hp_gain":0,"max_hp_loss":0,"event_name":"Wheel of Change","floor":42,"gold_loss":0}],"is_beta":false,"boss_relics":[{"not_picked":["Ectoplasm","Coffee Dripper"],"picked":"Orrery"},{"not_picked":["Sozu","Ring of the Serpent"],"picked":"WristBlade"}],"items_purged_floors":[12,22,37],"is_endless":false,"potions_floor_spawned":[3,7,8,16,19,27,28,39,41,48],"killed_by":"Donu and Deca","ascension_level":1}