{"gold_per_floor":[217,232,232,40,80,80,95,45,45,83,83,60,60,60,60,188,188,202,202,202,202,202,202,229,242,242,273,273,283,316,343,343,447,447,460,477,194,205,480,480,498,498,522,522,541,551,566,13,13,13],"floor_reached":51,"playtime":5249,"items_purged":["Regret","Regret"],"score":821,"play_id":"91f9b1bf-c836-4859-912e-6322c02e008c","local_time":"20190309112015","is_ascension_mode":true,"campfire_choices":[{"data":"Bash","floor":6.0,"key":"SMITH"},{"floor":11.0,"key":"REST"},{"data":"Pummel","floor":13.0,"key":"SMITH"},{"floor":15.0,"key":"REST"},{"data":"Armaments","floor":23.0,"key":"SMITH"},{"data":"Shockwave","floor":28.0,"key":"SMITH"},{"data":"Immolate","floor":32.0,"key":"SMITH"},{"floor":40,"key":"REST"},{"data":"Limit Break","floor":49,"key":"SMITH"}],"neow_cost":"NONE","seed_source_timestamp":0,"circlet_count":0,"master_deck":["Strike_R","Strike_R","Strike_R","Strike_R","Defend_R","Defend_R","Defend_R","Defend_R","Bash+1","Disarm","Wild Strike","Inflame","Sword Boomerang","Pummel+1","Pommel Strike","Immolate+1","Armaments+1","Warcry","Perfected Strike","Shockwave+1","Feel No Pain+1","Iron Wave+1","Limit Break+1","Heavy Blade","Rampage","Headbutt","Shrug It Off","Iron Wave","Warcry+1","Reckless Charge+1","Thunderclap","Clothesline"],"special_seed":0,"relics":["Burning Blood","Bloody Idol","Toolbox","Strawberry","Paper Frog","Bag of Marbles","Busted Crown","Enchiridion","Bottled Flame","Blood Vial","Magic Flower","Ornamental Fan","Red Mask","Mercury Hourglass","Orrery","ClockworkSouvenir","Boot","Mango","Red Skull"],"potions_floor_usage":[50,50,50],"damage_taken":[{"damage":5.0,"enemies":"2 Louse","floor":1.0,"turns":3.0},{"damage":0.0,"enemies":"Small Slimes","floor":2.0,"turns":3.0},{"damage":2.0,"enemies":"Jaw Worm","floor":5.0,"turns":3.0},{"damage":14.0,"enemies":"2 Fungi Beasts","floor":7.0,"turns":4.0},{"damage":36.0,"enemies":"3 Sentries","floor":10.0,"turns":9.0},{"damage":50.0,"enemies":"Hexaghost","floor":16.0,"turns":10.0},{"damage":6.0,"enemies":"3 Byrds","floor":18.0,"turns":3.0},{"damage":23.0,"enemies":"Slavers","floor":24.0,"turns":5.0},{"damage":11.0,"enemies":"2 Thieves","floor":25.0,"turns":2.0},{"damage":18.0,"enemies":"Book of Stabbing","floor":27.0,"turns":3.0},{"damage":5.0,"enemies":"Snecko","floor":29.0,"turns":3.0},{"damage":0.0,"enemies":"Masked Bandits","floor":30.0,"turns":2.0},{"damage":27.0,"enemies":"Slavers","floor":31.0,"turns":5.0},{"damage":30.0,"enemies":"Collector","floor":33.0,"turns":6.0},{"damage":15.0,"enemies":"3 Shapes","floor":35.0,"turns":3.0},{"damage":44.0,"enemies":"3 Darklings","floor":36.0,"turns":4.0},{"damage":27.0,"enemies":"Sphere and 2 Shapes","floor":38.0,"turns":4.0},{"damage":5,"enemies":"Spire Growth","floor":41,"turns":4},{"damage":12,"enemies":"4 Shapes","floor":45,"turns":2},{"damage":8,"enemies":"Sphere and 2 Shapes","floor":46,"turns":4},{"damage":0,"enemies":"Maw","floor":47,"turns":6},{"damage":54,"enemies":"Time Eater","floor":50,"turns":7}],"seed_played":"4518099866053156866","potions_obtained":[{"floor":7.0,"key":"SpeedPotion"},{"floor":16.0,"key":"Strength Potion"},{"floor":18.0,"key":"Ancient Potion"},{"floor":30.0,"key":"Fruit Juice"},{"floor":31.0,"key":"Strength Potion"},{"floor":33.0,"key":"Strength Potion"},{"floor":35.0,"key":"BloodPotion"}],"is_trial":false,"path_per_floor":["M","M","?","$","M","R","M","?","T","E","R","$","R","?","R","B",null,"M","?","?","?","T","R","E","M","T","E","R","M","?","E","R","B",null,"M","M","$","M","?","R","M","?","T","?","M","M","M","$","R","B",null],"character_chosen":"IRONCLAD","items_purchased":["Toolbox","Pommel Strike","ClockworkSouvenir","Mango","Red Skull"],"campfire_rested":3,"item_purchase_floors":[4,12,37,48,48],"current_hp_per_floor":[80,80,60,60,64,64,56,56,63,33,59,59,59,59,85,41,87,87,87,71,71,71,71,59,66,66,65,65,77,87,79,79,66,92,91,62,62,52,57,84,92,92,92,92,92,92,92,106,106,76],"gold":13,"neow_bonus":"HUNDRED_GOLD","is_prod":false,"is_daily":false,"chose_seed":false,"campfire_upgraded":6,"win_rate":0,"timestamp":1552126815,"path_taken":["M","M","?","$","M","R","M","?","T","E","R","?","R","?","R","BOSS","M","?","?","?","?","R","E","?","T","E","R","M","?","E","R","BOSS","M","M","$","M","?","R","?","?","T","?","?","M","M","$","R","BOSS"],"build_version":"2019-01-23","purchased_purges":2,"victory":true,"max_hp_per_floor":[80,80,80,80,80,80,80,80,87,87,87,87,87,87,87,87,87,87,87,87,87,87,87,87,87,87,87,87,87,87,92,92,92,92,92,92,92,92,92,92,92,92,92,92,92,92,92,106,106,106],"card_choices":[{"not_picked":["Havoc","Warcry"],"picked":"Disarm","floor":1.0},{"not_picked":["Searing Blow","Havoc"],"picked":"Wild Strike","floor":2.0},{"not_picked":["Clash","True Grit"],"picked":"Inflame","floor":5.0},{"not_picked":["Thunderclap","Clothesline"],"picked":"Sword Boomerang","floor":7.0},{"not_picked":["Limit Break","Rupture"],"picked":"Pummel","floor":10.0},{"not_picked":["Brutality","Juggernaut"],"picked":"Immolate","floor":16.0},{"not_picked":[],"picked":"Armaments","floor":18.0},{"not_picked":[],"picked":"Warcry","floor":24.0},{"not_picked":[],"picked":"Perfected Strike","floor":25.0},{"not_picked":[],"picked":"Shockwave","floor":27.0},{"not_picked":[],"picked":"Cleave","floor":29.0},{"not_picked":[],"picked":"Feel No Pain+1","floor":30.0},{"not_picked":[],"picked":"Iron Wave+1","floor":31.0},{"not_picked":[],"picked":"Limit Break","floor":33.0},{"not_picked":[],"picked":"Heavy Blade","floor":34.0},{"not_picked":[],"picked":"Rampage","floor":34.0},{"not_picked":[],"picked":"Headbutt","floor":34.0},{"not_picked":[],"picked":"Shrug It Off","floor":34.0},{"not_picked":[],"picked":"Iron Wave","floor":34.0},{"not_picked":["Corruption+1"],"picked":"SKIP","floor":35.0},{"not_picked":[],"picked":"Warcry+1","floor":36.0},{"not_picked":["Sever Soul"],"picked":"SKIP","floor":38},{"not_picked":[],"picked":"Reckless Charge+1","floor":41},{"not_picked":["Havoc"],"picked":"SKIP","floor":45},{"not_picked":[],"picked":"Thunderclap","floor":46},{"not_picked":[],"picked":"Clothesline","floor":47}],"player_experience":109334,"relics_obtained":[{"floor":9.0,"key":"Strawberry"},{"floor":10.0,"key":"Paper Frog"},{"floor":20.0,"key":"Enchiridion"},{"floor":22.0,"key":"Bottled Flame"},{"floor":24.0,"key":"Blood Vial"},{"floor":26.0,"key":"Magic Flower"},{"floor":27.0,"key":"Ornamental Fan"},{"floor":30.0,"key":"Red Mask"},{"floor":31.0,"key":"Mercury Hourglass"},{"floor":43,"key":"Boot"}],"event_choices":[{"damage_healed":0.0,"max_hp_gain":0.0,"max_hp_loss":0.0,"gold_gain":0.0,"event_name":"Golden Idol","player_choice":"Take Damage","floor":3.0,"gold_loss":0.0,"damage_taken":20.0,"relics_obtained":["Golden Idol"]},{"cards_removed":["Strike_R"],"damage_healed":0.0,"max_hp_gain":0.0,"max_hp_loss":0.0,"gold_gain":0.0,"event_name":"The Cleric","player_choice":"Card Removal","floor":8.0,"gold_loss":50.0,"damage_taken":0.0},{"damage_healed":0.0,"max_hp_gain":0.0,"max_hp_loss":0.0,"gold_gain":0.0,"event_name":"Big Fish","player_choice":"Box","floor":14.0,"gold_loss":0.0,"damage_taken":0.0,"relics_obtained":["Bag of Marbles"],"cards_obtained":["Regret"]},{"damage_healed":0.0,"max_hp_gain":0.0,"max_hp_loss":0.0,"gold_gain":0.0,"event_name":"Forgotten Altar","player_choice":"Gave Idol","floor":19.0,"relics_lost":["Golden Idol"],"gold_loss":0.0,"damage_taken":0.0,"relics_obtained":["Bloody Idol"]},{"damage_healed":0.0,"max_hp_gain":0.0,"max_hp_loss":0.0,"gold_gain":0.0,"event_name":"Cursed Tome","player_choice":"Obtained Book","floor":20.0,"gold_loss":0.0,"damage_taken":16.0},{"damage_healed":0.0,"max_hp_gain":0.0,"max_hp_loss":0.0,"gold_gain":0.0,"event_name":"Vampires","player_choice":"Ignored","floor":21.0,"gold_loss":0.0,"damage_taken":0.0},{"damage_healed":0.0,"max_hp_gain":0.0,"max_hp_loss":0.0,"gold_gain":0.0,"event_name":"Masked Bandits","player_choice":"Fought Bandits","floor":30.0,"gold_loss":0.0,"damage_taken":0.0},{"damage_healed":0,"gold_gain":275,"player_choice":"Desecrate","damage_taken":0,"max_hp_gain":0,"max_hp_loss":0,"event_name":"Golden Shrine","floor":39,"gold_loss":0,"cards_obtained":["Regret"]},{"cards_removed":["Cleave"],"damage_healed":0,"gold_gain":0,"player_choice":"Removed Attack","damage_taken":0,"max_hp_gain":0,"max_hp_loss":0,"event_name":"Falling","floor":42,"gold_loss":0},{"damage_healed":0,"gold_gain":0,"player_choice":"Ignored","damage_taken":0,"max_hp_gain":0,"max_hp_loss":0,"event_name":"SecretPortal","floor":44,"gold_loss":0}],"is_beta":false,"boss_relics":[{"not_picked":["Black Blood","Calling Bell"],"picked":"Busted Crown"},{"not_picked":["Black Star","Fusion Hammer"],"picked":"Orrery"}],"items_purged_floors":[37,48],"is_endless":false,"potions_floor_spawned":[7,16,18,30,31,33,35,41,45,46],"ascension_level":2}