{"path_per_floor":["M","?","?","M","$","R","E","?","T","?","M","$","R","?","R","B",null,"M","?","?","$","?","E","R","?","T","M","?","M","M","M","R","B",null,"M","M","$","?","?","R","E","R","T","M","?","?","E","M","R"],"character_chosen":"THE_SILENT","items_purchased":["Apotheosis","Quick Slash","Master of Strategy"],"gold_per_floor":[110,285,285,303,39,39,66,141,141,141,158,8,8,64,64,167,167,182,107,22,22,22,48,48,48,74,92,92,104,117,129,129,226,226,237,247,53,53,101,101,134,134,134,148,148,148,173,185,185],"floor_reached":50,"campfire_rested":1,"playtime":7262,"current_hp_per_floor":[63,63,63,63,63,63,63,52,52,52,52,52,52,63,63,60,63,53,53,53,53,44,43,61,44,44,44,44,44,44,44,44,44,44,31,42,42,42,38,38,44,44,44,44,44,34,34,44,44],"items_purged":["Defend_G","Defend_G"],"gold":185,"play_id":"c25e1022-6988-4caf-82c4-ffc6c9b72f93","is_prod":false,"is_daily":false,"campfire_rituals":0,"campfire_upgraded":7,"is_hardmode":false,"path_taken":["M","?","?","M","?","R","E","?","T","?","?","$","R","?","R","BOSS","M","?","?","$","?","E","R","?","T","?","?","M","M","M","R","BOSS","M","M","$","?","?","R","E","R","T","M","?","?","E","M","R","BOSS"],"build_version":"2018-01-11-PROD2","purchased_purges":2,"victory":false,"master_deck":["Defend_G","Defend_G","Defend_G","Survivor","Neutralize","Well Laid Plans","Dagger Throw","Apotheosis","Dagger Throw","Well Laid Plans","Quick Slash","Doppelganger","Outmaneuver","Bite_G","Bite_G","Bite_G","Bite_G","Bite_G","Flying Knee","Escape Plan","Slice","Distraction","Infinite Blades","Envenom","Catalyst","Acrobatics","Master of Strategy","Doppelganger","Master of Strategy","Madness","Madness","Infinite Blades"],"max_hp_per_floor":[63,63,63,63,63,63,63,63,63,63,63,63,63,63,63,63,63,63,63,63,63,63,63,63,44,44,44,44,44,44,44,44,44,44,44,44,44,44,44,44,44,44,44,44,44,44,44,44,44],"relics":["Ring of the Snake","Thread and Needle","Spirit Poop","Meat on the Bone","Ornamental Fan","Centennial Puzzle","Sozu","Orichalcum","Whetstone","War Paint","Lizard Tail","Torii","Molten Egg","Frozen Eye","Blood Vial"],"campfire_meditates":0,"card_choices":[{"not_picked":["Deadly Poison","All Out Attack"],"picked":"Well Laid Plans"},{"not_picked":["Backstab","Escape Plan"],"picked":"Dagger Throw"},{"not_picked":["Calculated Gamble","Deflect"],"picked":"Dagger Throw"},{"not_picked":["PiercingWail","Outmaneuver"],"picked":"Venomology"},{"not_picked":["Die Die Die","Night Terror"],"picked":"Doppelganger"},{"not_picked":["Sucker Punch","PiercingWail"],"picked":"Bane"},{"not_picked":["Poisoned Stab","Doppelganger"],"picked":"Outmaneuver"},{"not_picked":["Catalyst","Deadly Poison"],"picked":"Flying Knee"},{"not_picked":["Sucker Punch","Outmaneuver"],"picked":"Slice"},{"not_picked":["Eviscerate","PiercingWail"],"picked":"Distraction"},{"not_picked":["Dagger Throw","Flying Knee"],"picked":"Infinite Blades"},{"not_picked":["A Thousand Cuts","Corpse Explosion"],"picked":"Envenom"},{"not_picked":["Flying Knee","Acrobatics"],"picked":"Catalyst"},{"not_picked":["Dagger Throw","Bane"],"picked":"Acrobatics"},{"not_picked":["Calculated Gamble","Dagger Spray"],"picked":"Doppelganger"},{"not_picked":["Deadly Poison","Dagger Spray"],"picked":"Infinite Blades"}],"player_experience":24219,"potions_floor_usage":[14],"damage_taken":[{"damage":0,"enemies":"2 Louse","floor":1,"turns":2},{"damage":0,"enemies":"Jaw Worm","floor":4,"turns":4},{"damage":0,"enemies":"Lagavulin","floor":7,"turns":6},{"damage":0,"enemies":"Small Slimes","floor":11,"turns":3},{"damage":0,"enemies":"3 Sentries","floor":14,"turns":5},{"damage":3,"enemies":"Hexaghost","floor":16,"turns":11},{"damage":10,"enemies":"3 Byrds","floor":18,"turns":4},{"damage":13,"enemies":"Slavers","floor":23,"turns":5},{"damage":3,"enemies":"2 Thieves","floor":27,"turns":4},{"damage":8,"enemies":"Slaver and Parasite","floor":29,"turns":6},{"damage":1,"enemies":"Centurion and Healer","floor":30,"turns":4},{"damage":0,"enemies":"3 Cultists","floor":31,"turns":4},{"damage":23,"enemies":"Collector","floor":33,"turns":14},{"damage":42,"enemies":"3 Shapes","floor":35,"turns":7},{"damage":4,"enemies":"Orb Walker","floor":36,"turns":3},{"damage":15,"enemies":"Mysterious Sphere","floor":39,"turns":5},{"damage":0,"enemies":"Giant Head","floor":41,"turns":6},{"damage":22,"enemies":"4 Shapes","floor":44,"turns":6},{"damage":60,"enemies":"2 Orb Walkers","floor":47,"turns":7},{"damage":0,"enemies":"Maw","floor":48,"turns":6},{"damage":83,"enemies":"Donu and Deca","floor":50,"turns":7}],"event_choices":[{"event_name":"Liars Game","player_choice":"agreed","floor":2,"damage_taken":0},{"event_name":"Bonfire Elementals","player_choice":"CURSE","floor":3,"damage_taken":0},{"event_name":"World of Goop","player_choice":"Gather Gold","floor":8,"damage_taken":0},{"event_name":"Living Wall","player_choice":"Change","floor":10,"damage_taken":0},{"event_name":"Dead Adventurer","player_choice":"Searched \u00272\u0027 times","floor":14,"damage_taken":0},{"event_name":"Beggar","player_choice":"Gave Gold","floor":19,"damage_taken":0},{"event_name":"Addict","player_choice":"Obtained Relic","floor":20,"damage_taken":0},{"event_name":"Cursed Tome","player_choice":"Stopped","floor":22,"damage_taken":0},{"event_name":"Vampires","player_choice":"Became a vampire","floor":25,"damage_taken":0},{"event_name":"The Library","player_choice":"Read","floor":28,"damage_taken":0},{"event_name":"Mysterious Sphere","player_choice":"Fight","floor":39,"damage_taken":0},{"event_name":"Duplicator","player_choice":"One dupe","floor":45,"damage_taken":0},{"event_name":"Winding Halls","player_choice":"Embrace Madness","floor":46,"damage_taken":0}],"boss_relics":[{"not_picked":["Eternal Feather","Astrolabe"],"picked":"Sozu"},{"not_picked":["White Beast Statue","Snecko Eye"],"picked":"Lizard Tail"}],"potions_floor_spawned":[4,7,16,27,30,33,39,47,48],"seed_played":"-8149537922828620160","killed_by":"Donu and Deca","is_trial":false}