{"path_per_floor":["M","M","?","?","?","R","M","R","T","M","R","M","M","E","R","B",null,"M","?","M","?","$","R","$","R","T","M","R","?","E","M","R","B",null,"M","?","M","?","M","R","$","E","T","M","R","M","M","M","R"],"character_chosen":"THE_SILENT","items_purchased":["Thinking Ahead","Backflip","Flash of Steel"],"gold_per_floor":[110,124,124,124,199,199,215,215,215,232,232,246,265,300,300,403,403,420,345,358,281,74,74,49,49,126,137,137,137,166,184,184,279,279,297,297,310,310,323,323,149,183,183,202,202,216,236,253,253,253],"floor_reached":50,"campfire_rested":0,"playtime":27788,"current_hp_per_floor":[69,69,69,55,44,44,59,59,59,59,59,58,58,70,70,16,57,57,57,57,57,57,57,57,57,57,60,60,49,44,47,47,44,48,49,49,47,47,49,49,49,37,37,49,49,49,49,49,49,0],"items_purged":["Masterful Stab"],"gold":253,"score":705,"play_id":"8c7fbf81-a1e7-47ba-bfd7-cbdcc804c474","local_time":"20180503201203","is_prod":false,"is_daily":false,"chose_seed":false,"is_ascension_mode":true,"campfire_upgraded":11,"timestamp":1525392723,"path_taken":["M","M","?","?","?","R","M","R","T","M","R","M","M","E","R","BOSS","M","?","?","?","$","R","?","R","T","M","R","?","E","M","R","BOSS","M","?","?","?","M","R","$","E","T","?","R","M","M","M","R","BOSS"],"build_version":"2018-04-28v2","seed_source_timestamp":137781645042147,"purchased_purges":1,"victory":false,"master_deck":["Survivor+1","Neutralize+1","Escape Plan+1","Venomology+1","Blur","Expertise+1","Acrobatics+1","Deflect+1","Venomology","A Thousand Cuts+1","Setup+1","J.A.X.","Thinking Ahead+1","Backflip","Flying Knee+1","Bite+1","Bite+1","Bite+1","Bite+1","Footwork+1","A Thousand Cuts+1","Expertise+1","PiercingWail","Quick Slash+1","Flying Knee+1","Concentrate+1","Quick Slash+1","Flash of Steel+1","Choke+1","Concentrate"],"max_hp_per_floor":[70,70,70,70,70,70,70,70,70,70,70,70,70,70,70,70,70,70,70,70,70,70,70,70,70,70,70,70,49,49,49,49,49,49,49,49,49,49,49,49,49,49,49,49,49,49,49,49,49,49],"relics":["Ring of the Snake","Bronze Scales","Regal Pillow","Philosopher\u0027s Stone","Molten Egg 2","Happy Flower","Pandora\u0027s Box","Bird Faced Urn","Unceasing Top"],"card_choices":[{"not_picked":["Quick Slash","Acrobatics"],"picked":"Escape Plan","floor":1},{"not_picked":["Deadly Poison","Sucker Punch"],"picked":"Venomology","floor":2},{"not_picked":["Slice","Outmaneuver"],"picked":"Blur","floor":7},{"not_picked":["Heel Hook","Deflect"],"picked":"Expertise","floor":10},{"not_picked":["Backflip","Prepared"],"picked":"Acrobatics","floor":12},{"not_picked":["PiercingWail","Dodge and Roll"],"picked":"Deflect","floor":13},{"not_picked":["Sucker Punch","Deadly Poison"],"picked":"Venomology","floor":14},{"not_picked":["Bullet Time","Adrenaline"],"picked":"A Thousand Cuts","floor":16},{"not_picked":["Sucker Punch","Distraction"],"picked":"Setup","floor":20},{"not_picked":["Underhanded Strike","Quick Slash"],"picked":"Flying Knee","floor":27},{"not_picked":["Deflect","All Out Attack"],"picked":"Footwork","floor":31},{"not_picked":["Envenom","Corpse Explosion"],"picked":"A Thousand Cuts","floor":33},{"not_picked":["Acrobatics","Riddle With Holes"],"picked":"Concentrate","floor":35},{"not_picked":["Deflect","PiercingWail"],"picked":"Quick Slash","floor":37},{"not_picked":["Quick Slash","Prepared"],"picked":"Choke","floor":42},{"not_picked":["Skewer","Flechettes"],"picked":"Concentrate","floor":46}],"player_experience":379813,"potions_floor_usage":[7,10,12,12,13,14,16,16,16,16,20,20,27,27,30,30,30,31,31,33,33,35,35,35,37,39,39,42,42,42,44,46,46,47,47,48,48,50,50,50,50],"damage_taken":[{"damage":1,"enemies":"Small Slimes","floor":1,"turns":4},{"damage":0,"enemies":"Cultist","floor":2,"turns":4},{"damage":0,"enemies":"Jaw Worm","floor":7,"turns":6},{"damage":0,"enemies":"Blue Slaver","floor":10,"turns":4},{"damage":1,"enemies":"Exordium Wildlife","floor":12,"turns":5},{"damage":0,"enemies":"Lots of Slimes","floor":13,"turns":2},{"damage":0,"enemies":"3 Sentries","floor":14,"turns":10},{"damage":54,"enemies":"Slime Boss","floor":16,"turns":22},{"damage":0,"enemies":"Shell Parasite","floor":18,"turns":8},{"damage":0,"enemies":"Spheric Guardian","floor":20,"turns":5},{"damage":12,"enemies":"Centurion and Healer","floor":27,"turns":7},{"damage":17,"enemies":"Book of Stabbing","floor":30,"turns":6},{"damage":15,"enemies":"Slaver and Parasite","floor":31,"turns":5},{"damage":20,"enemies":"Champ","floor":33,"turns":15},{"damage":0,"enemies":"Orb Walker","floor":35,"turns":3},{"damage":5,"enemies":"3 Darklings","floor":37,"turns":3},{"damage":6,"enemies":"Maw","floor":39,"turns":7},{"damage":21,"enemies":"2 Orb Walkers","floor":42,"turns":5},{"damage":3,"enemies":"Sphere and 2 Shapes","floor":44,"turns":3},{"damage":8,"enemies":"4 Shapes","floor":46,"turns":6},{"damage":3,"enemies":"3 Darklings","floor":47,"turns":2},{"damage":3,"enemies":"Maw","floor":48,"turns":3},{"damage":64,"enemies":"Time Eater","floor":50,"turns":4}],"event_choices":[{"event_name":"The Lab","player_choice":"Got Potions","floor":3,"damage_taken":0},{"event_name":"Shining Light","player_choice":"Entered Light","floor":4,"damage_taken":0},{"event_name":"World of Goop","player_choice":"Gather Gold","floor":5,"damage_taken":0},{"event_name":"Beggar","player_choice":"Gave Gold","floor":19,"damage_taken":0},{"event_name":"Drug Dealer","player_choice":"Got JAXXED","floor":21,"damage_taken":0},{"event_name":"Vampires","player_choice":"Became a vampire","floor":29,"damage_taken":0},{"event_name":"Tomb of Lord Red Mask","player_choice":"Ignored","floor":36,"damage_taken":0}],"boss_relics":[{"not_picked":["Black Star","Calling Bell"],"picked":"Philosopher\u0027s Stone"},{"not_picked":["Velvet Choker","White Beast Statue"],"picked":"Pandora\u0027s Box"}],"potions_floor_spawned":[1,10,16,20,27,30,33,42,46,47,48],"seed_played":"-5579588026273159025","killed_by":"Time Eater","ascension_level":5,"is_trial":false}