{"path_per_floor":["M","?","M","M","M","E","R","E","T","E","M","R","E","$","R"],"character_chosen":"THE_SILENT","items_purchased":["Kunai"],"gold_per_floor":[118,118,129,142,154,180,180,205,228,258,274,274,302,46,46,46],"floor_reached":16,"campfire_rested":0,"playtime":798,"item_purchase_floors":[14],"current_hp_per_floor":[70,63,62,62,62,44,44,44,44,32,32,32,32,32,32,0],"items_purged":[],"gold":46,"score":207,"play_id":"0e0ea523-28f1-472f-8378-fa9f7dc0d620","local_time":"20180528212743","is_prod":false,"is_daily":false,"chose_seed":false,"is_ascension_mode":true,"campfire_upgraded":3,"win_rate":0,"timestamp":1527557263,"campfire_choices":[{"data":"Skewer","floor":7,"key":"SMITH"},{"data":"Well Laid Plans","floor":12,"key":"SMITH"},{"data":"Tools of the Trade","floor":15,"key":"SMITH"}],"path_taken":["M","?","M","M","?","E","R","E","T","E","?","R","E","?","R","BOSS"],"build_version":"2018-05-25","seed_source_timestamp":719201707925497,"purchased_purges":0,"victory":false,"master_deck":["Defend_G","Defend_G","Defend_G","Defend_G","Defend_G","Strike_G+1","Strike_G","Strike_G","Strike_G+1","Strike_G","Survivor","Neutralize","Dagger Spray","Dash","Flying Knee","Night Terror","Skewer+1","Tools of the Trade+1","Backflip","Well Laid Plans+1","Deadly Poison"],"max_hp_per_floor":[70,70,70,70,70,70,70,70,70,70,70,70,70,70,70,70],"relics":["Ring of the Snake","Bottled Lightning","Dream Catcher","Anchor","Happy Flower","Whetstone","Kunai"],"card_choices":[{"not_picked":["Dodge and Roll","Finisher"],"picked":"Dagger Spray","floor":1},{"not_picked":["Endless Agony","Cloak And Dagger"],"picked":"Dash","floor":3},{"not_picked":["PiercingWail","Accuracy"],"picked":"Flying Knee","floor":4},{"not_picked":["Bane","Deadly Poison"],"picked":"Night Terror","floor":5},{"not_picked":["Catalyst","Deflect"],"picked":"Skewer","floor":6},{"not_picked":["Accuracy","Heel Hook"],"picked":"Tools of the Trade","floor":8},{"not_picked":["Bane","Dagger Throw"],"picked":"Backflip","floor":10},{"not_picked":["Bane","Endless Agony"],"picked":"Well Laid Plans","floor":11},{"not_picked":["Deflect","Dagger Throw"],"picked":"Deadly Poison","floor":13}],"player_experience":246311,"potions_floor_usage":[1,6,8,8,10],"damage_taken":[{"damage":0,"enemies":"Jaw Worm","floor":1,"turns":5},{"damage":1,"enemies":"Cultist","floor":3,"turns":4},{"damage":0,"enemies":"2 Louse","floor":4,"turns":2},{"damage":0,"enemies":"2 Fungi Beasts","floor":5,"turns":3},{"damage":18,"enemies":"Lagavulin","floor":6,"turns":9},{"damage":0,"enemies":"3 Sentries","floor":8,"turns":3},{"damage":12,"enemies":"Lagavulin","floor":10,"turns":8},{"damage":0,"enemies":"Red Slaver","floor":11,"turns":4},{"damage":0,"enemies":"3 Sentries","floor":13,"turns":6},{"damage":34,"enemies":"The Guardian","floor":16,"turns":8}],"relics_obtained":[{"floor":6,"key":"Bottled Lightning"},{"floor":8,"key":"Dream Catcher"},{"floor":9,"key":"Anchor"},{"floor":10,"key":"Happy Flower"},{"floor":13,"key":"Whetstone"}],"event_choices":[{"event_name":"Wheel of Change","player_choice":"Damage","floor":2,"damage_taken":0}],"boss_relics":[],"items_purged_floors":[],"potions_floor_spawned":[5,6,11],"seed_played":"-7446883659639175539","killed_by":"The Guardian","ascension_level":3,"potions_obtained":[{"floor":5,"key":"Explosive Potion"},{"floor":6,"key":"AttackPotion"},{"floor":11,"key":"Block Potion"}],"is_trial":false}