{"path_per_floor":["M","M","M","M","?","R","M","R","T","M","$","E","$","?","R"],"character_chosen":"THE_SILENT","items_purchased":["Panacea","Footwork","Dexterity Potion"],"gold_per_floor":[113,129,143,157,157,157,176,176,245,257,49,77,29,99,99,99],"floor_reached":16,"campfire_rested":1,"playtime":1016,"current_hp_per_floor":[63,63,63,61,58,58,26,26,26,25,25,20,20,20,53,0],"items_purged":["Strike_G"],"gold":99,"score":128,"play_id":"6e2e126d-4974-4f8e-aa42-381371a4a9ec","local_time":"20180503233958","is_prod":false,"is_daily":false,"chose_seed":false,"is_ascension_mode":true,"campfire_upgraded":0,"timestamp":1525405198,"path_taken":["M","M","M","M","?","R","M","R","T","?","$","E","?","?","R","BOSS"],"build_version":"2018-04-28v2","seed_source_timestamp":177014888708608,"purchased_purges":1,"victory":false,"master_deck":["Defend_G","Defend_G","Defend_G","Defend_G","Defend_G","Strike_G","Strike_G","Strike_G","Strike_G","Survivor","Neutralize","Sucker Punch","Leg Sweep","Blur","Predator","Panacea","Footwork","Concentrate","Glass Knife"],"max_hp_per_floor":[63,63,63,63,63,63,63,63,63,63,63,63,63,63,63,63],"relics":["Ring of the Snake","Girya","Shovel","Blood Vial","Regal Pillow","Letter Opener","Dream Catcher"],"card_choices":[{"not_picked":["Prepared","PiercingWail"],"picked":"Sucker Punch","floor":1},{"not_picked":["Prepared","Quick Slash"],"picked":"Leg Sweep","floor":2},{"not_picked":["Dagger Throw","Poisoned Stab"],"picked":"Blur","floor":4},{"not_picked":["Backflip","Cloak And Dagger"],"picked":"Predator","floor":7},{"not_picked":["Blade Dance","Prepared"],"picked":"Concentrate","floor":12},{"not_picked":["Outmaneuver","Quick Slash"],"picked":"Glass Knife","floor":15}],"player_experience":418778,"potions_floor_usage":[3,4,12,12,16],"damage_taken":[{"damage":0,"enemies":"Small Slimes","floor":1,"turns":3},{"damage":0,"enemies":"Jaw Worm","floor":2,"turns":6},{"damage":0,"enemies":"Cultist","floor":3,"turns":3},{"damage":2,"enemies":"Lots of Slimes","floor":4,"turns":7},{"damage":34,"enemies":"Exordium Thugs","floor":7,"turns":10},{"damage":3,"enemies":"Looter","floor":10,"turns":4},{"damage":7,"enemies":"Lagavulin","floor":12,"turns":9},{"damage":56,"enemies":"Slime Boss","floor":16,"turns":18}],"event_choices":[{"event_name":"Scrap Ooze","player_choice":"success","floor":5,"damage_taken":3},{"event_name":"Golden Wing","player_choice":"Gained Gold","floor":14,"damage_taken":0}],"boss_relics":[],"potions_floor_spawned":[2,3,7,10],"seed_played":"4021873708166006379","killed_by":"Slime Boss","ascension_level":5,"is_trial":false}