{"gold_per_floor":[118,69,19,19,19,51,51,81,81,95,19,19,51,51,51,154,154,154,94,94,19,19,19,19,0,0,0,0],"floor_reached":28,"playtime":982,"items_purged":[],"score":451,"play_id":"4a0f1caf-c47d-48d6-af1a-179a9f0f77f8","local_time":"20190227232524","is_ascension_mode":true,"campfire_choices":[{"data":"Shrug It Off","floor":7,"key":"SMITH"},{"data":"Clothesline","floor":15,"key":"SMITH"},{"floor":23,"key":"REST"}],"neow_cost":"NONE","seed_source_timestamp":611058049400079,"circlet_count":0,"master_deck":["AscendersBane","Strike_R","Strike_R+1","Strike_R","Defend_R","Defend_R","Defend_R","Defend_R","Bash+1","Heavy Blade","Shrug It Off+1","Shrug It Off","Clothesline+1","Shrug It Off","Battle Trance+1","Barricade","Spot Weakness","Decay","Burning Pact+1"],"relics":["Burning Blood","NeowsBlessing","Whetstone","Bag of Preparation","Nunchaku","Blue Candle","Ectoplasm","Orichalcum"],"potions_floor_usage":[16,28,28],"damage_taken":[{"damage":0,"enemies":"Cultist","floor":1,"turns":1},{"damage":0,"enemies":"Gremlin Nob","floor":6,"turns":1},{"damage":0,"enemies":"Lagavulin","floor":8,"turns":1},{"damage":4,"enemies":"2 Louse","floor":10,"turns":3},{"damage":35,"enemies":"3 Sentries","floor":13,"turns":11},{"damage":31,"enemies":"The Guardian","floor":16,"turns":11},{"damage":9,"enemies":"Chosen","floor":18,"turns":5},{"damage":24,"enemies":"2 Thieves","floor":19,"turns":5},{"damage":33,"enemies":"3 Cultists","floor":20,"turns":7},{"damage":13,"enemies":"Cultist and Chosen","floor":27,"turns":6},{"damage":40,"enemies":"Gremlin Leader","floor":28,"turns":4}],"seed_played":"-6234948548791189344","potions_obtained":[{"floor":8,"key":"SpeedPotion"},{"floor":16,"key":"Swift Potion"},{"floor":27,"key":"LiquidBronze"}],"is_trial":false,"path_per_floor":["M","$","?","$","?","E","R","E","T","M","$","$","E","?","R","B",null,"M","M","M","?","$","R","?","?","T","M","E"],"character_chosen":"IRONCLAD","items_purchased":["Shrug It Off","LiquidBronze"],"campfire_rested":1,"item_purchase_floors":[2,11],"current_hp_per_floor":[78,78,78,78,78,80,80,80,80,80,80,80,51,51,51,26,67,64,46,19,19,19,43,43,43,43,36,0],"gold":0,"neow_bonus":"THREE_ENEMY_KILL","is_prod":false,"is_daily":false,"chose_seed":false,"campfire_upgraded":2,"win_rate":0,"timestamp":1551327924,"path_taken":["M","?","?","$","?","E","R","E","T","M","?","$","E","?","R","BOSS","M","M","M","?","$","R","?","?","T","M","E"],"build_version":"2019-01-23","purchased_purges":0,"victory":false,"max_hp_per_floor":[80,80,80,80,80,80,80,80,80,80,80,80,80,80,80,80,80,80,80,80,80,80,80,80,80,80,80,80],"card_choices":[{"not_picked":["Flex","Headbutt"],"picked":"Heavy Blade","floor":1},{"not_picked":["Perfected Strike","Sever Soul"],"picked":"Shrug It Off","floor":6},{"not_picked":["Wild Strike","Heavy Blade"],"picked":"Clothesline","floor":8},{"not_picked":["Bloodletting","Sword Boomerang"],"picked":"Shrug It Off","floor":10},{"not_picked":["Wild Strike","Searing Blow"],"picked":"Battle Trance","floor":13},{"not_picked":["Brutality","Fiend Fire"],"picked":"Barricade","floor":16},{"not_picked":["Sword Boomerang","Wild Strike","Iron Wave"],"picked":"SKIP","floor":18},{"not_picked":["Sever Soul","Warcry"],"picked":"Spot Weakness","floor":19},{"not_picked":["Heavy Blade","Armaments+1","Clash"],"picked":"SKIP","floor":20},{"not_picked":["Hemokinesis","Headbutt"],"picked":"Burning Pact+1","floor":27}],"player_experience":728768,"relics_obtained":[{"floor":6,"key":"Whetstone"},{"floor":8,"key":"Bag of Preparation"},{"floor":9,"key":"Nunchaku"},{"floor":13,"key":"Blue Candle"},{"floor":26,"key":"Orichalcum"}],"event_choices":[{"cards_removed":["Strike_R"],"damage_healed":0,"gold_gain":0,"player_choice":"Card Removal","damage_taken":0,"max_hp_gain":0,"max_hp_loss":0,"event_name":"The Cleric","floor":3,"gold_loss":50},{"damage_healed":0,"gold_gain":0,"player_choice":"Ignored","damage_taken":0,"max_hp_gain":0,"max_hp_loss":0,"event_name":"Liars Game","floor":5,"gold_loss":0},{"damage_healed":0,"gold_gain":0,"player_choice":"Grow","damage_taken":0,"max_hp_gain":0,"max_hp_loss":0,"event_name":"Living Wall","floor":14,"gold_loss":0,"cards_upgraded":["Battle Trance"]},{"cards_removed":["Strike_R"],"damage_healed":0,"gold_gain":0,"player_choice":"Gave Gold","damage_taken":0,"max_hp_gain":0,"max_hp_loss":0,"event_name":"Beggar","floor":21,"gold_loss":75},{"damage_healed":0,"gold_gain":0,"player_choice":"Smashed Altar","damage_taken":0,"max_hp_gain":0,"max_hp_loss":0,"event_name":"Forgotten Altar","floor":24,"gold_loss":0,"cards_obtained":["Decay"]},{"damage_healed":0,"gold_gain":0,"player_choice":"Paid Fearfully","damage_taken":0,"max_hp_gain":0,"max_hp_loss":0,"event_name":"Masked Bandits","floor":25,"gold_loss":19}],"is_beta":false,"boss_relics":[{"not_picked":["Pandora\u0027s Box","Astrolabe"],"picked":"Ectoplasm"}],"items_purged_floors":[],"is_endless":false,"potions_floor_spawned":[8,16,27],"killed_by":"Gremlin Leader","ascension_level":12}