{"gold_per_floor":[16,16,26,26,26,58,58,72,72,86,0,0,15,50,50,50],"floor_reached":16,"playtime":794,"items_purged":[],"score":157,"play_id":"fba6f944-6e78-4e8a-98d2-081a99e34dec","local_time":"20190123163448","is_ascension_mode":true,"campfire_choices":[{"data":"Juggernaut","floor":7,"key":"SMITH"},{"data":"Feel No Pain","floor":12,"key":"SMITH"},{"data":"Shrug It Off","floor":15,"key":"SMITH"}],"neow_cost":"NO_GOLD","seed_source_timestamp":45542960636171,"circlet_count":0,"master_deck":["Strike_R","Strike_R","Strike_R","Strike_R","Strike_R","Defend_R","Defend_R","Defend_R","Defend_R","Bash","Twin Strike+1","Iron Wave","Juggernaut+1","Sever Soul","Seeing Red","Shrug It Off+1","Feel No Pain+1","Twin Strike","Iron Wave"],"relics":["Burning Blood","Letter Opener","Bag of Preparation"],"potions_floor_usage":[14,16],"damage_taken":[{"damage":0,"enemies":"2 Louse","floor":1,"turns":3},{"damage":7,"enemies":"Small Slimes","floor":3,"turns":4},{"damage":32,"enemies":"Gremlin Nob","floor":6,"turns":4},{"damage":3,"enemies":"Jaw Worm","floor":8,"turns":4},{"damage":11,"enemies":"Blue Slaver","floor":10,"turns":4},{"damage":6,"enemies":"Gremlin Gang","floor":13,"turns":6},{"damage":26,"enemies":"Lagavulin","floor":14,"turns":8},{"damage":50,"enemies":"Slime Boss","floor":16,"turns":7}],"seed_played":"3449338763089421324","potions_obtained":[{"floor":1,"key":"Energy Potion"},{"floor":13,"key":"SmokeBomb"},{"floor":14,"key":"Fire Potion"}],"is_trial":false,"path_per_floor":["M","?","M","?","$","E","R","M","T","M","$","R","M","E","R","B"],"character_chosen":"IRONCLAD","items_purchased":["Shrug It Off","Feel No Pain"],"campfire_rested":0,"item_purchase_floors":[11,11],"current_hp_per_floor":[96,96,95,95,95,69,69,72,72,67,67,67,67,47,47,0],"gold":50,"neow_bonus":"TWENTY_PERCENT_HP_BONUS","is_prod":false,"is_daily":false,"chose_seed":false,"campfire_upgraded":3,"win_rate":0,"timestamp":1548279288,"path_taken":["M","?","M","?","?","E","R","M","T","?","$","R","M","E","R","BOSS"],"build_version":"2019-01-23","purchased_purges":0,"victory":false,"max_hp_per_floor":[96,96,96,96,96,96,96,96,96,96,96,96,96,96,96,96],"card_choices":[{"not_picked":["Perfected Strike","Bloodletting"],"picked":"Twin Strike","floor":1},{"not_picked":["Flex","Evolve"],"picked":"Iron Wave","floor":3},{"not_picked":["Flex","Havoc"],"picked":"Juggernaut","floor":6},{"not_picked":["Heavy Blade","Clothesline"],"picked":"Sever Soul","floor":8},{"not_picked":["Clash","Warcry"],"picked":"Seeing Red","floor":10},{"not_picked":["Flex","Heavy Blade"],"picked":"Twin Strike","floor":13},{"not_picked":["Twin Strike","Cleave"],"picked":"Iron Wave","floor":14}],"player_experience":1393399,"relics_obtained":[{"floor":6,"key":"Letter Opener"},{"floor":14,"key":"Bag of Preparation"}],"event_choices":[{"damage_healed":0,"gold_gain":0,"player_choice":"Leave","damage_taken":0,"max_hp_gain":0,"max_hp_loss":0,"event_name":"The Cleric","floor":2,"gold_loss":0},{"damage_healed":0,"gold_gain":0,"player_choice":"Grow","damage_taken":0,"max_hp_gain":0,"max_hp_loss":0,"event_name":"Living Wall","floor":4,"gold_loss":0,"cards_upgraded":["Twin Strike"]}],"is_beta":false,"boss_relics":[],"items_purged_floors":[],"is_endless":false,"potions_floor_spawned":[1,13,14],"killed_by":"Slime Boss","ascension_level":4}