{"gold_per_floor":[14,33,52,63,82,108,108,126,175,175,187,187,215,228,228,307,307,325,325,77,95,110,110,145,245,245,245,245,96,96,110,110,188,188,206,206,218,218,318,350,350,369,369,399,399,411,166,182,182,182],"floor_reached":51,"playtime":3489,"items_purged":["Strike_R","Defend_R"],"score":1336,"play_id":"5821f1ab-e0cd-4153-95a0-b1797b4f730f","local_time":"20190301184302","is_ascension_mode":true,"campfire_choices":[{"data":"Searing Blow","floor":7,"key":"SMITH"},{"data":"Searing Blow+1","floor":12,"key":"SMITH"},{"data":"Searing Blow+2","floor":15,"key":"SMITH"},{"data":"Searing Blow+3","floor":23,"key":"SMITH"},{"data":"Searing Blow+4","floor":28,"key":"SMITH"},{"data":"Apotheosis","floor":30,"key":"SMITH"},{"data":"Searing Blow+5","floor":32,"key":"SMITH"},{"floor":41,"key":"REST"},{"data":"Searing Blow+6","floor":45,"key":"SMITH"},{"floor":49,"key":"REST"}],"neow_cost":"NO_GOLD","seed_source_timestamp":764405544253809,"circlet_count":0,"master_deck":["AscendersBane","Strike_R","Strike_R","Strike_R","Strike_R","Defend_R","Defend_R","Defend_R","Bash","Shrug It Off","Searing Blow+7","Dual Wield","Immolate","Whirlwind","True Grit","Shrug It Off","Shockwave","Impervious","Apotheosis+1","Flame Barrier","Anger+1","Madness","Madness","Blind"],"relics":["Burning Blood","Unceasing Top","Girya","Happy Flower","Shuriken","Singing Bowl","Cursed Key","Boot","Incense Burner","Ornamental Fan","Anchor","Lizard Tail","Red Skull","Lantern"],"potions_floor_usage":[4,6,13,22,24,33,40,42,44,50,50],"damage_taken":[{"damage":6,"enemies":"Cultist","floor":1,"turns":4},{"damage":0,"enemies":"2 Louse","floor":2,"turns":2},{"damage":8,"enemies":"Small Slimes","floor":3,"turns":5},{"damage":14,"enemies":"Looter","floor":4,"turns":4},{"damage":1,"enemies":"Large Slime","floor":5,"turns":5},{"damage":8,"enemies":"Gremlin Nob","floor":6,"turns":3},{"damage":0,"enemies":"Exordium Wildlife","floor":8,"turns":3},{"damage":6,"enemies":"Red Slaver","floor":11,"turns":3},{"damage":32,"enemies":"Lagavulin","floor":13,"turns":5},{"damage":9,"enemies":"Blue Slaver","floor":14,"turns":3},{"damage":35,"enemies":"Slime Boss","floor":16,"turns":8},{"damage":3,"enemies":"Spheric Guardian","floor":18,"turns":4},{"damage":0,"enemies":"Shell Parasite","floor":21,"turns":4},{"damage":12,"enemies":"Cultist and Chosen","floor":22,"turns":5},{"damage":10,"enemies":"Gremlin Leader","floor":24,"turns":5},{"damage":9,"enemies":"Colosseum Slavers","floor":25,"turns":4},{"damage":20,"enemies":"Colosseum Nobs","floor":25,"turns":3},{"damage":1,"enemies":"Centurion and Healer","floor":31,"turns":4},{"damage":0,"enemies":"Collector","floor":33,"turns":6},{"damage":0,"enemies":"3 Darklings","floor":35,"turns":4},{"damage":7,"enemies":"3 Shapes","floor":37,"turns":6},{"damage":10,"enemies":"Mind Bloom Boss Battle","floor":39,"turns":6},{"damage":55,"enemies":"Giant Head","floor":40,"turns":9},{"damage":0,"enemies":"3 Darklings","floor":42,"turns":4},{"damage":26,"enemies":"Reptomancer","floor":44,"turns":3},{"damage":19,"enemies":"4 Shapes","floor":46,"turns":6},{"damage":9,"enemies":"Transient","floor":48,"turns":5},{"damage":34,"enemies":"Time Eater","floor":50,"turns":9}],"seed_played":"-4077967463242506923","potions_obtained":[{"floor":3,"key":"Regen Potion"},{"floor":4,"key":"Fire Potion"},{"floor":6,"key":"PowerPotion"},{"floor":13,"key":"SpeedPotion"},{"floor":16,"key":"Fire Potion"},{"floor":21,"key":"GamblersBrew"},{"floor":31,"key":"Dexterity Potion"},{"floor":35,"key":"SkillPotion"},{"floor":40,"key":"Block Potion"},{"floor":42,"key":"Energy Potion"},{"floor":44,"key":"Block Potion"}],"is_trial":false,"path_per_floor":["M","M","M","M","M","E","R","M","T","?","M","R","E","M","R","B",null,"M","?","$","M","M","R","E","?","T","$","R","$","R","M","R","B",null,"M","?","M","?","?","E","R","M","T","E","R","M","$","M","R","B",null],"character_chosen":"IRONCLAD","items_purchased":["Apotheosis","Anchor","Dexterity Potion","Blind"],"campfire_rested":2,"item_purchase_floors":[20,29,47,47],"current_hp_per_floor":[72,78,76,79,80,78,78,80,80,77,77,77,51,48,48,19,65,70,54,54,60,56,56,54,39,39,39,39,39,39,44,44,52,84,92,80,81,81,79,32,62,70,70,52,52,41,41,40,73,45],"gold":182,"neow_bonus":"ONE_RARE_RELIC","is_prod":false,"is_daily":false,"chose_seed":false,"campfire_upgraded":8,"win_rate":0,"timestamp":1551483782,"path_taken":["M","M","M","M","M","E","R","M","T","?","M","R","E","M","R","BOSS","M","?","$","M","M","R","E","?","T","$","R","$","R","M","R","BOSS","M","?","M","?","?","E","R","M","T","E","R","M","$","?","R","BOSS"],"build_version":"2019-01-23","purchased_purges":2,"victory":true,"max_hp_per_floor":[80,80,80,80,80,80,80,80,80,80,80,80,80,80,80,80,80,82,87,87,87,89,89,91,93,93,93,93,93,93,93,93,95,95,97,97,99,99,101,103,103,105,105,107,107,109,109,111,111,111],"card_choices":[{"not_picked":["Twin Strike","Reckless Charge"],"picked":"Shrug It Off","floor":1},{"not_picked":["Corruption","Armaments"],"picked":"Searing Blow","floor":2},{"not_picked":["Searing Blow","Clothesline"],"picked":"Dual Wield","floor":3},{"not_picked":["Heavy Blade","Wild Strike"],"picked":"Thunderclap","floor":4},{"not_picked":["Flex","Armaments"],"picked":"Immolate","floor":5},{"not_picked":["Sentinel","Feel No Pain"],"picked":"Whirlwind","floor":6},{"not_picked":["Carnage","Thunderclap","Infernal Blade"],"picked":"SKIP","floor":8},{"not_picked":["Whirlwind","Combust"],"picked":"True Grit","floor":11},{"not_picked":["Pummel","Dropkick"],"picked":"Shrug It Off","floor":13},{"not_picked":["Thunderclap","Havoc"],"picked":"Shockwave","floor":14},{"not_picked":["Berserk","Double Tap"],"picked":"Impervious","floor":16},{"not_picked":["Twin Strike","Rampage","Sentinel"],"picked":"Singing Bowl","floor":18},{"not_picked":["Body Slam","Havoc"],"picked":"Flame Barrier","floor":21},{"not_picked":["Shockwave","Cleave","Flex+1"],"picked":"Singing Bowl","floor":22},{"not_picked":["Twin Strike","True Grit","Bloodletting"],"picked":"Singing Bowl","floor":24},{"not_picked":["Evolve","Warcry","Body Slam"],"picked":"Singing Bowl","floor":25},{"not_picked":["Flex","Wild Strike"],"picked":"Anger+1","floor":31},{"not_picked":["Immolate","Exhume","Berserk"],"picked":"Singing Bowl","floor":33},{"not_picked":["Clothesline","Power Through","Thunderclap"],"picked":"Singing Bowl","floor":35},{"not_picked":["Whirlwind","Flex","Headbutt+1"],"picked":"Singing Bowl","floor":37},{"not_picked":["Cleave","Body Slam+1","Warcry"],"picked":"Singing Bowl","floor":39},{"not_picked":["Reaper","Blood for Blood","Entrench"],"picked":"Singing Bowl","floor":40},{"not_picked":["Metallicize+1","Sword Boomerang","Armaments+1"],"picked":"Singing Bowl","floor":42},{"not_picked":["Feed","Intimidate","Thunderclap+1"],"picked":"Singing Bowl","floor":44},{"not_picked":["Iron Wave+1","Warcry","Shrug It Off"],"picked":"Singing Bowl","floor":46},{"not_picked":["Evolve","Twin Strike+1","Flame Barrier"],"picked":"Singing Bowl","floor":48}],"player_experience":751004,"relics_obtained":[{"floor":6,"key":"Girya"},{"floor":9,"key":"Happy Flower"},{"floor":13,"key":"Singing Bowl"},{"floor":24,"key":"Boot"},{"floor":25,"key":"Incense Burner"},{"floor":25,"key":"Ornamental Fan"},{"floor":40,"key":"Red Skull"},{"floor":44,"key":"Lantern"}],"event_choices":[{"damage_healed":0,"gold_gain":0,"player_choice":"Success","damage_taken":3,"relics_obtained":["Shuriken"],"max_hp_gain":0,"max_hp_loss":0,"event_name":"Scrap Ooze","floor":10,"gold_loss":0},{"damage_healed":0,"gold_gain":0,"player_choice":"Shed Blood","damage_taken":21,"max_hp_gain":5,"max_hp_loss":0,"event_name":"Forgotten Altar","floor":19,"gold_loss":0},{"damage_healed":0,"gold_gain":0,"player_choice":"Fight","damage_taken":0,"max_hp_gain":0,"max_hp_loss":0,"event_name":"Colosseum","floor":25,"gold_loss":0},{"damage_healed":0,"gold_gain":0,"player_choice":"Fought Nobs","damage_taken":0,"max_hp_gain":0,"max_hp_loss":0,"event_name":"Colosseum","floor":25,"gold_loss":0},{"damage_healed":0,"gold_gain":0,"player_choice":"Embrace Madness","damage_taken":12,"max_hp_gain":0,"max_hp_loss":0,"event_name":"Winding Halls","floor":36,"gold_loss":0,"cards_obtained":["Madness","Madness"]},{"cards_removed":["Thunderclap"],"damage_healed":0,"gold_gain":0,"player_choice":"Removed Attack","damage_taken":0,"max_hp_gain":0,"max_hp_loss":0,"event_name":"Falling","floor":38,"gold_loss":0},{"damage_healed":0,"gold_gain":0,"player_choice":"Fight","damage_taken":0,"max_hp_gain":0,"max_hp_loss":0,"event_name":"MindBloom","floor":39,"gold_loss":0}],"is_beta":false,"boss_relics":[{"not_picked":["Astrolabe","Runic Pyramid"],"picked":"Cursed Key"},{"not_picked":["Coffee Dripper","Pandora\u0027s Box"],"picked":"Lizard Tail"}],"items_purged_floors":[20,47],"is_endless":false,"potions_floor_spawned":[3,4,6,13,16,21,31,35,40,42,44],"ascension_level":13}