{"gold_per_floor":[118,136,149,160,177,177,192,192,192,192,208,227,26,44,44,44],"floor_reached":16,"playtime":2182,"items_purged":["Injury"],"score":98,"play_id":"8d40961d-01b1-4bca-9796-935d5dd1fd82","local_time":"20180923023518","is_ascension_mode":false,"campfire_choices":[{"data":"Double Tap","floor":6,"key":"SMITH"},{"data":"Cleave","floor":8,"key":"SMITH"},{"data":"Spot Weakness","floor":15,"key":"SMITH"}],"neow_cost":"NONE","seed_source_timestamp":35394725174364,"circlet_count":0,"master_deck":["Strike_R","Strike_R","Strike_R","Strike_R","Strike_R","Defend_R","Defend_R","Defend_R","Defend_R+1","Bash","Twin Strike","Headbutt","Warcry","Double Tap+1","Cleave+1","Demon Form","Pummel","Spot Weakness+1","Enlightenment","Headbutt"],"relics":["Burning Blood","Ice Cream","Golden Idol"],"potions_floor_usage":[4,11,16,16],"damage_taken":[{"damage":7,"enemies":"Jaw Worm","floor":1,"turns":4},{"damage":1,"enemies":"2 Louse","floor":2,"turns":4},{"damage":0,"enemies":"Small Slimes","floor":3,"turns":3},{"damage":21,"enemies":"Exordium Thugs","floor":4,"turns":3},{"damage":13,"enemies":"Large Slime","floor":5,"turns":8},{"damage":10,"enemies":"3 Louse","floor":7,"turns":4},{"damage":2,"enemies":"Blue Slaver","floor":11,"turns":3},{"damage":12,"enemies":"Gremlin Gang","floor":12,"turns":6},{"damage":12,"enemies":"Exordium Thugs","floor":14,"turns":3},{"damage":48,"enemies":"The Guardian","floor":16,"turns":8}],"seed_played":"-4082322771081639235","potions_obtained":[{"floor":2,"key":"Explosive Potion"},{"floor":5,"key":"SpeedPotion"},{"floor":7,"key":"Fire Potion"},{"floor":14,"key":"SpeedPotion"}],"is_trial":false,"path_per_floor":["M","M","M","M","M","R","M","R","T","?","M","M","$","M","R"],"character_chosen":"IRONCLAD","items_purchased":["Spot Weakness","Enlightenment"],"campfire_rested":0,"item_purchase_floors":[13,13],"current_hp_per_floor":[79,80,80,65,58,58,54,54,54,54,58,52,52,46,46,0],"gold":44,"neow_bonus":"UPGRADE_CARD","is_prod":false,"is_daily":false,"chose_seed":false,"campfire_upgraded":3,"win_rate":0.0,"timestamp":1537659318,"path_taken":["M","M","M","M","M","R","M","R","T","?","M","M","$","M","R","BOSS"],"build_version":"2018-09-20","purchased_purges":1,"victory":false,"max_hp_per_floor":[80,80,80,80,80,80,80,80,80,80,80,80,80,80,80,80],"card_choices":[{"not_picked":["Armaments","Clash","Thunderclap"],"picked":"SKIP","floor":1},{"not_picked":["Intimidate","Clash"],"picked":"Twin Strike","floor":2},{"not_picked":["Anger","Clash"],"picked":"Headbutt","floor":3},{"not_picked":["Flame Barrier","Evolve"],"picked":"Warcry","floor":4},{"not_picked":["Wild Strike","Shrug It Off"],"picked":"Double Tap","floor":5},{"not_picked":["Shrug It Off","Entrench"],"picked":"Cleave","floor":7},{"not_picked":["True Grit","Flex"],"picked":"Demon Form","floor":11},{"not_picked":["Iron Wave","Warcry"],"picked":"Pummel","floor":12},{"not_picked":["Pommel Strike","Body Slam"],"picked":"Headbutt","floor":14}],"player_experience":39721,"relics_obtained":[{"floor":9,"key":"Ice Cream"}],"event_choices":[{"event_name":"Golden Idol","player_choice":"Take Wound","floor":10,"damage_taken":0}],"is_beta":false,"boss_relics":[],"items_purged_floors":[13],"is_endless":false,"potions_floor_spawned":[2,5,7,14],"killed_by":"The Guardian","ascension_level":0}