{"gold_per_floor":[16,26,26,44,104,104,138,138,185,185,49,80,100,128,128,128],"floor_reached":16,"playtime":655,"items_purged":[],"score":236,"play_id":"271ee7f2-0719-4534-9d7a-0d8c4187e334","local_time":"20190309153327","is_ascension_mode":true,"campfire_choices":[{"data":"All Out Attack","floor":6,"key":"SMITH"},{"floor":8,"key":"REST"},{"data":"Sucker Punch","floor":15,"key":"SMITH"}],"neow_cost":"NO_GOLD","seed_source_timestamp":211259171891788,"circlet_count":0,"master_deck":["AscendersBane","Defend_G","Defend_G","Defend_G","Defend_G","Strike_G","Strike_G","Strike_G","Strike_G","Survivor","Neutralize+1","Sucker Punch+1","Flying Knee","All Out Attack+1","Backflip","Die Die Die","Backflip","Cloak And Dagger"],"relics":["Ring of the Snake","Strawberry","Oddly Smooth Stone","Frozen Egg 2","Orichalcum"],"potions_floor_usage":[7,14,14,16],"damage_taken":[{"damage":4,"enemies":"Jaw Worm","floor":1,"turns":7},{"damage":1,"enemies":"2 Louse","floor":2,"turns":4},{"damage":1,"enemies":"Cultist","floor":4,"turns":3},{"damage":21,"enemies":"Gremlin Nob","floor":7,"turns":4},{"damage":12,"enemies":"3 Sentries","floor":12,"turns":6},{"damage":0,"enemies":"2 Fungi Beasts","floor":13,"turns":2},{"damage":15,"enemies":"Lagavulin","floor":14,"turns":6},{"damage":38,"enemies":"Hexaghost","floor":16,"turns":12}],"seed_played":"1337400557715720359","potions_obtained":[{"floor":4,"key":"SteroidPotion"},{"floor":12,"key":"Explosive Potion"},{"floor":13,"key":"Energy Potion"},{"floor":14,"key":"Fire Potion"}],"is_trial":false,"path_per_floor":["M","M","?","M","?","R","E","R","T","?","$","E","M","E","R","B"],"character_chosen":"THE_SILENT","items_purchased":["Backflip","Die Die Die"],"campfire_rested":1,"item_purchase_floors":[11,11],"current_hp_per_floor":[55,54,54,53,53,53,39,60,60,60,60,48,48,33,33,0],"gold":128,"neow_bonus":"REMOVE_TWO","is_prod":false,"is_daily":false,"chose_seed":false,"campfire_upgraded":2,"win_rate":0,"timestamp":1552113207,"path_taken":["M","M","?","M","?","R","E","R","T","?","$","E","?","E","R","BOSS"],"build_version":"2019-01-23","purchased_purges":0,"victory":false,"max_hp_per_floor":[66,66,66,66,66,66,73,73,73,73,73,73,73,73,73,73],"card_choices":[{"not_picked":["Bane","Endless Agony"],"picked":"Sucker Punch","floor":1},{"not_picked":["Riddle With Holes","Blade Dance"],"picked":"Flying Knee","floor":2},{"not_picked":["Backstab","Skewer"],"picked":"All Out Attack","floor":4},{"not_picked":["Deflect","Sucker Punch","Slice"],"picked":"SKIP","floor":7},{"not_picked":["Bouncing Flask","A Thousand Cuts"],"picked":"Backflip","floor":12},{"not_picked":["Poisoned Stab","Tactician","Dagger Throw"],"picked":"SKIP","floor":13},{"not_picked":["Flying Knee","Bane"],"picked":"Cloak And Dagger","floor":14}],"player_experience":658313,"relics_obtained":[{"floor":7,"key":"Strawberry"},{"floor":9,"key":"Oddly Smooth Stone"},{"floor":12,"key":"Frozen Egg 2"},{"floor":14,"key":"Orichalcum"}],"event_choices":[{"damage_healed":0,"gold_gain":0,"player_choice":"Leave","damage_taken":0,"max_hp_gain":0,"max_hp_loss":0,"event_name":"The Cleric","floor":3,"gold_loss":0},{"damage_healed":0,"gold_gain":60,"player_choice":"Gained Gold","damage_taken":0,"max_hp_gain":0,"max_hp_loss":0,"event_name":"Golden Wing","floor":5,"gold_loss":0},{"damage_healed":0,"gold_gain":0,"player_choice":"Upgraded","damage_taken":0,"max_hp_gain":0,"max_hp_loss":0,"event_name":"Upgrade Shrine","floor":10,"gold_loss":0,"cards_upgraded":["Neutralize"]}],"is_beta":false,"boss_relics":[],"items_purged_floors":[],"is_endless":false,"potions_floor_spawned":[4,12,13,14],"killed_by":"Hexaghost","ascension_level":20}