{"path_per_floor":["M","M","M","?","$","R","M","E","T","R","$","R","M","$","R","B",null,"M","M","?","M","M","R","E","M","T","E","R","M","M","M","R","B",null,"M","M","M","M","M","R","E","R","T","R","?","E","M","E","R","B"],"character_chosen":"THE_SILENT","items_purchased":["Noxious Fumes"],"gold_per_floor":[118,131,141,91,16,16,31,60,60,60,60,60,77,9,9,113,113,113,68,68,68,68,68,68,68,68,68,68,68,68,68,68,68,68,68,68,68,68,68,68,68,68,68,68,68,68,68,68,68,68],"floor_reached":51,"campfire_rested":2,"playtime":5209,"current_hp_per_floor":[54,54,54,54,54,54,53,53,53,53,53,53,53,53,53,45,64,64,64,64,64,49,49,38,38,38,37,37,32,32,36,36,24,59,59,59,59,57,36,70,54,54,54,54,54,52,52,37,76,76],"items_purged":["Deadly Poison"],"gold":68,"score":1208,"play_id":"011e5dda-bdfd-4475-94a0-7873791dc729","local_time":"20180415110805","is_prod":false,"is_daily":false,"chose_seed":false,"is_ascension_mode":true,"campfire_upgraded":9,"timestamp":1523783285,"path_taken":["M","M","M","?","$","R","M","E","T","R","$","R","?","?","R","BOSS","M","M","?","M","M","R","E","M","T","E","R","?","M","M","R","BOSS","M","M","M","?","?","R","E","R","T","R","?","E","M","E","R","BOSS"],"build_version":"2018-04-12","seed_source_timestamp":266776841384672,"purchased_purges":1,"victory":true,"master_deck":["Survivor","Neutralize+1","Dodge and Roll+1","Slice","Choke+1","PiercingWail","Riddle With Holes","Skewer+1","Blade Dance+1","Escape Plan+1","Prepared+1","Adrenaline","Backflip+1","Leg Sweep+1","Noxious Fumes+1","Doppelganger","Backflip+1","Noxious Fumes+1","Acrobatics+1","Infinite Blades","Adrenaline","Escape Plan+1","Infinite Blades","Prepared+1","Cloak And Dagger+1","Finisher","Footwork+1"],"max_hp_per_floor":[70,70,70,70,70,70,70,70,70,70,70,70,70,70,70,70,70,70,70,70,70,70,70,70,70,70,70,70,70,70,70,70,70,70,70,70,70,70,70,70,70,70,70,70,70,70,70,80,80,80],"relics":["Pandora\u0027s Box","War Paint","Regal Pillow","Ectoplasm","Blue Candle","Happy Flower","Anchor","Lizard Tail","Tough Bandages","Juzu Bracelet","Ice Cream","Pear"],"card_choices":[{"not_picked":["Deflect","Eviscerate"],"picked":"Prepared","floor":1},{"not_picked":["Prepared","Finisher"],"picked":"Backstab","floor":2},{"not_picked":["Terror","Cloak And Dagger"],"picked":"Adrenaline","floor":3},{"not_picked":["Dagger Throw","Skewer"],"picked":"Backflip","floor":8},{"not_picked":["Bane","Prepared"],"picked":"Leg Sweep","floor":13},{"not_picked":["Die Die Die","A Thousand Cuts"],"picked":"Doppelganger","floor":16},{"not_picked":["Dagger Spray","Dagger Throw"],"picked":"Backflip","floor":18},{"not_picked":["Slice","Outmaneuver"],"picked":"Noxious Fumes","floor":19},{"not_picked":["Deflect","Deadly Poison"],"picked":"Acrobatics","floor":27},{"not_picked":["Dagger Spray","Outmaneuver"],"picked":"Infinite Blades","floor":31},{"not_picked":["Bullet Time","Envenom"],"picked":"Adrenaline","floor":33},{"not_picked":["Terror","Backstab"],"picked":"Escape Plan","floor":36},{"not_picked":["Dagger Throw","Crippling Poison"],"picked":"Infinite Blades","floor":37},{"not_picked":["Dodge and Roll","Bouncing Flask"],"picked":"Prepared","floor":38},{"not_picked":["Glass Knife","Outmaneuver"],"picked":"Cloak And Dagger","floor":41},{"not_picked":["Outmaneuver","Well Laid Plans"],"picked":"Finisher","floor":47},{"not_picked":["Glass Knife","Sucker Punch"],"picked":"Footwork","floor":48}],"player_experience":298273,"potions_floor_usage":[13,22,25,31,33,33,39,50,50],"damage_taken":[{"damage":9,"enemies":"Jaw Worm","floor":1,"turns":2},{"damage":0,"enemies":"Small Slimes","floor":2,"turns":2},{"damage":0,"enemies":"Cultist","floor":3,"turns":2},{"damage":1,"enemies":"Gremlin Gang","floor":7,"turns":3},{"damage":0,"enemies":"Gremlin Nob","floor":8,"turns":2},{"damage":0,"enemies":"Red Slaver","floor":13,"turns":1},{"damage":8,"enemies":"The Guardian","floor":16,"turns":9},{"damage":0,"enemies":"Spheric Guardian","floor":18,"turns":3},{"damage":0,"enemies":"2 Thieves","floor":19,"turns":3},{"damage":0,"enemies":"Snake Plant","floor":21,"turns":4},{"damage":15,"enemies":"Chosen and Byrds","floor":22,"turns":5},{"damage":11,"enemies":"Book of Stabbing","floor":24,"turns":4},{"damage":0,"enemies":"3 Cultists","floor":25,"turns":5},{"damage":1,"enemies":"Gremlin Leader","floor":27,"turns":5},{"damage":5,"enemies":"Snecko","floor":29,"turns":4},{"damage":0,"enemies":"Snake Plant","floor":30,"turns":3},{"damage":5,"enemies":"Slaver and Parasite","floor":31,"turns":4},{"damage":12,"enemies":"Champ","floor":33,"turns":7},{"damage":0,"enemies":"Orb Walker","floor":35,"turns":2},{"damage":0,"enemies":"3 Shapes","floor":36,"turns":4},{"damage":0,"enemies":"3 Darklings","floor":37,"turns":4},{"damage":2,"enemies":"Maw","floor":38,"turns":6},{"damage":21,"enemies":"4 Shapes","floor":39,"turns":5},{"damage":16,"enemies":"2 Orb Walkers","floor":41,"turns":5},{"damage":2,"enemies":"Giant Head","floor":46,"turns":7},{"damage":0,"enemies":"Sphere and 2 Shapes","floor":47,"turns":4},{"damage":25,"enemies":"Nemesis","floor":48,"turns":7},{"damage":0,"enemies":"Awakened One","floor":50,"turns":14}],"event_choices":[{"event_name":"The Cleric","player_choice":"Card Removal","floor":4,"damage_taken":0},{"event_name":"Drug Dealer","player_choice":"Ignored","floor":20,"damage_taken":0}],"boss_relics":[{"not_picked":["White Beast Statue","Eternal Feather"],"picked":"Ectoplasm"},{"not_picked":["Philosopher\u0027s Stone","Velvet Choker"],"picked":"Lizard Tail"}],"potions_floor_spawned":[1,3,16,21,22,25,27,30,33,36,39,46],"seed_played":"-3020239084666856143","ascension_level":9,"is_trial":false}