{"gold_per_floor":[114,114,114,73,87,116,116,127,150,163,163,13,47,60,60,155,155,173,173,193,42,61,86,86,102,102,102,113,132,132,162,162,262,262,279,354,94,107,125,157,172,185,185,28,28,39,39,0,0,0],"floor_reached":51,"playtime":3578,"items_purged":["Regret","Strike_B","Pain"],"score":940,"play_id":"987cd6df-104a-4b0c-8208-13ae4850ca43","local_time":"20181105200952","is_ascension_mode":true,"campfire_choices":[{"data":"Sunder","floor":7.0,"key":"SMITH"},{"floor":15.0,"key":"REST"},{"floor":24.0,"key":"REST"},{"floor":27.0,"key":"REST"},{"floor":32.0,"key":"REST"},{"floor":45,"key":"REST"},{"floor":47,"key":"REST"},{"floor":49,"key":"REST"}],"neow_cost":"NONE","seed_source_timestamp":0,"circlet_count":0,"master_deck":["Strike_B","Strike_B","Strike_B+1","Defend_B","Defend_B","Defend_B","Defend_B+1","Zap","Dualcast","Glacier","Sunder+1","Genetic Algorithm+1","Cold Snap","Machine Learning","Reinforced Body","Coolheaded","Core Surge","Steam+1","RitualDagger","Blizzard","Defragment","Core Surge","Coolheaded+1","Core Surge","Electrodynamics","Self Repair+1","Sweeping Beam+1","Biased Cognition","Echo Form","Ball Lightning+1","Panache","Conserve Battery+1","Ball Lightning+1","Hologram"],"special_seed":0,"relics":["Cracked Core","NeowsBlessing","Centennial Puzzle","Bottled Lightning","Dream Catcher","DataDisk","Bottled Flame","Fusion Hammer","Blood Vial","Darkstone Periapt","Vajra","Cursed Key","Membership Card","Letter Opener","Kunai","Red Mask"],"potions_floor_usage":[40,46,50],"damage_taken":[{"damage":0.0,"enemies":"Small Slimes","floor":1.0,"turns":1.0},{"damage":0.0,"enemies":"Cultist","floor":5.0,"turns":1.0},{"damage":0.0,"enemies":"3 Sentries","floor":6.0,"turns":1.0},{"damage":1.0,"enemies":"Jaw Worm","floor":8.0,"turns":2.0},{"damage":15.0,"enemies":"3 Louse","floor":10.0,"turns":3.0},{"damage":25.0,"enemies":"Lagavulin","floor":13.0,"turns":5.0},{"damage":7.0,"enemies":"Lots of Slimes","floor":14.0,"turns":3.0},{"damage":21.0,"enemies":"Hexaghost","floor":16.0,"turns":14.0},{"damage":4.0,"enemies":"Shell Parasite","floor":18.0,"turns":6.0},{"damage":2.0,"enemies":"Chosen","floor":20.0,"turns":5.0},{"damage":6.0,"enemies":"Snake Plant","floor":22.0,"turns":9.0},{"damage":24.0,"enemies":"Book of Stabbing","floor":23.0,"turns":8.0},{"damage":3.0,"enemies":"Cultist and Chosen","floor":25.0,"turns":6.0},{"damage":12.0,"enemies":"Sentry and Sphere","floor":28.0,"turns":4.0},{"damage":19.0,"enemies":"Centurion and Healer","floor":29.0,"turns":4.0},{"damage":7.0,"enemies":"Slavers","floor":31.0,"turns":7.0},{"damage":37.0,"enemies":"Collector","floor":33.0,"turns":11.0},{"damage":6,"enemies":"3 Darklings","floor":35,"turns":5},{"damage":0,"enemies":"3 Shapes","floor":38,"turns":4},{"damage":0,"enemies":"Maw","floor":39,"turns":9},{"damage":25,"enemies":"Nemesis","floor":40,"turns":9},{"damage":0,"enemies":"4 Shapes","floor":41,"turns":5},{"damage":53,"enemies":"Writhing Mass","floor":42,"turns":5},{"damage":39,"enemies":"Spire Growth","floor":46,"turns":5},{"damage":41,"enemies":"Awakened One","floor":50,"turns":12}],"seed_played":"-8181316888699597215","potions_obtained":[{"floor":1.0,"key":"Explosive Potion"},{"floor":10.0,"key":"Energy Potion"},{"floor":22.0,"key":"Strength Potion"},{"floor":31.0,"key":"Swift Potion"},{"floor":33.0,"key":"EssenceOfSteel"},{"floor":46,"key":"PowerPotion"}],"is_trial":false,"path_per_floor":["M","?","?","$","M","E","R","M","T","M","?","$","E","M","R","B",null,"M","?","M","$","M","E","R","M","T","R","M","M","?","E","R","B",null,"M","?","$","M","M","E","M","M","T","$","R","M","R","?","R","B",null],"character_chosen":"DEFECT","items_purchased":["Sunder","DataDisk","Defragment","Membership Card","Panache"],"campfire_rested":7,"item_purchase_floors":[4,12,21,37,44],"current_hp_per_floor":[68,68,53,53,53,53,53,52,52,37,37,37,12,5,27,6,58,54,48,46,46,40,16,38,37,37,59,49,32,32,27,49,14,60,56,49,49,61,73,60,75,32,38,38,62,35,59,59,81,50],"gold":0,"neow_bonus":"THREE_ENEMY_KILL","is_prod":false,"is_daily":false,"chose_seed":false,"campfire_upgraded":1,"win_rate":0,"timestamp":1541470192,"path_taken":["M","?","?","$","M","E","R","M","T","M","?","$","E","M","R","BOSS","M","?","M","$","M","E","R","M","T","R","M","M","?","E","R","BOSS","M","?","$","M","M","E","M","?","T","$","R","M","R","?","R","BOSS"],"build_version":"2018-11-01","purchased_purges":3,"victory":true,"max_hp_per_floor":[75,75,75,75,75,75,75,75,75,75,75,75,75,75,75,75,75,75,75,75,75,75,75,75,75,75,75,75,75,75,75,75,75,75,75,75,75,75,75,75,75,75,81,81,81,81,81,81,81,81],"card_choices":[{"not_picked":["Steam","Lockon"],"picked":"Glacier","floor":1.0},{"not_picked":["Sweeping Beam","Darkness"],"picked":"Genetic Algorithm","floor":5.0},{"not_picked":["Barrage","Sweeping Beam","Steam"],"picked":"SKIP","floor":6.0},{"not_picked":["Barrage","Sweeping Beam","Steam"],"picked":"SKIP","floor":6.0},{"not_picked":["Coolheaded","Skim"],"picked":"Cold Snap","floor":8.0},{"not_picked":["Melter","Reprogram","Darkness"],"picked":"SKIP","floor":10.0},{"not_picked":["All For One","Rip and Tear"],"picked":"Machine Learning","floor":13.0},{"not_picked":["Sweeping Beam","Redo"],"picked":"Reinforced Body","floor":14.0},{"not_picked":["Undo","Aggregate"],"picked":"Coolheaded","floor":15.0},{"not_picked":["Amplify","Creative AI"],"picked":"Core Surge","floor":16.0},{"not_picked":["Gash","Leap"],"picked":"Steam+1","floor":18.0},{"not_picked":["Barrage","Tempest+1"],"picked":"Blizzard","floor":20.0},{"not_picked":["Sunder","Static Discharge","Fusion"],"picked":"SKIP","floor":22.0},{"not_picked":["Aggregate","Steam","Chaos"],"picked":"SKIP","floor":23.0},{"not_picked":["Redo","Hologram"],"picked":"Core Surge","floor":24.0},{"not_picked":["Chaos","Steam"],"picked":"Coolheaded+1","floor":25.0},{"not_picked":["Turbo","Hologram","Redo"],"picked":"SKIP","floor":28.0},{"not_picked":["Reprogram","Hologram"],"picked":"Core Surge","floor":29.0},{"not_picked":["Cold Snap","Recycle"],"picked":"Electrodynamics","floor":31.0},{"not_picked":["Ball Lightning+1","Fusion"],"picked":"Self Repair+1","floor":35},{"not_picked":["Stack+1","Hologram"],"picked":"Sweeping Beam+1","floor":38},{"not_picked":["Ball Lightning+1","Compile Driver+1"],"picked":"Biased Cognition","floor":39},{"not_picked":["Streamline+1","Self Repair+1"],"picked":"Echo Form","floor":40},{"not_picked":["Self Repair+1","Doom and Gloom","FTL+1"],"picked":"SKIP","floor":41},{"not_picked":["Self Repair+1","Doom and Gloom","FTL+1"],"picked":"SKIP","floor":41},{"not_picked":["Streamline","Reinforced Body"],"picked":"Ball Lightning+1","floor":42},{"not_picked":["Steam Power","Hyperbeam"],"picked":"Conserve Battery+1","floor":46},{"not_picked":["Streamline","Hello World"],"picked":"Ball Lightning+1","floor":47},{"not_picked":["BootSequence","Reprogram"],"picked":"Hologram","floor":49}],"player_experience":170525,"relics_obtained":[{"floor":6.0,"key":"Bottled Lightning"},{"floor":9.0,"key":"Dream Catcher"},{"floor":13.0,"key":"Bottled Flame"},{"floor":23.0,"key":"Blood Vial"},{"floor":26.0,"key":"Darkstone Periapt"},{"floor":31.0,"key":"Vajra"},{"floor":40,"key":"Letter Opener"},{"floor":43,"key":"Kunai"}],"event_choices":[{"damage_healed":0.0,"max_hp_gain":0.0,"max_hp_loss":0.0,"gold_gain":0.0,"event_name":"Big Fish","player_choice":"Box","floor":2.0,"gold_loss":0.0,"damage_taken":0.0,"relics_obtained":["Centennial Puzzle"],"cards_obtained":["Regret"]},{"damage_healed":0.0,"max_hp_gain":0.0,"max_hp_loss":0.0,"gold_gain":0.0,"event_name":"Shining Light","player_choice":"Entered Light","floor":3.0,"gold_loss":0.0,"damage_taken":15.0,"cards_upgraded":["Defend_B","Strike_B"]},{"damage_healed":0.0,"max_hp_gain":0.0,"max_hp_loss":0.0,"gold_gain":0.0,"event_name":"Upgrade Shrine","player_choice":"Upgraded","floor":11.0,"gold_loss":0.0,"damage_taken":0.0,"cards_upgraded":["Genetic Algorithm"]},{"damage_healed":0.0,"max_hp_gain":0.0,"max_hp_loss":0.0,"gold_gain":0.0,"event_name":"Nest","player_choice":"Joined the Cult","floor":19.0,"gold_loss":0.0,"damage_taken":6.0,"cards_obtained":["RitualDagger"]},{"damage_healed":0.0,"max_hp_gain":0.0,"max_hp_loss":0.0,"gold_gain":0.0,"event_name":"Ghosts","player_choice":"Ignored","floor":30.0,"gold_loss":0.0,"damage_taken":0.0},{"damage_healed":0,"gold_gain":75,"player_choice":"Touch","damage_taken":7,"max_hp_gain":0,"max_hp_loss":0,"event_name":"FaceTrader","floor":36,"gold_loss":0},{"damage_healed":0,"gold_gain":0,"player_choice":"Paid","damage_taken":0,"relics_obtained":["Red Mask"],"max_hp_gain":0,"max_hp_loss":0,"event_name":"Tomb of Lord Red Mask","floor":48,"gold_loss":39}],"is_beta":false,"boss_relics":[{"not_picked":["Runic Pyramid","Empty Cage"],"picked":"Fusion Hammer"},{"not_picked":["Inserter","White Beast Statue"],"picked":"Cursed Key"}],"items_purged_floors":[21,37,44],"is_endless":false,"potions_floor_spawned":[1,10,22,31,33,35,38,46],"ascension_level":6}