{"gold_per_floor":[114,114,30,46,57,57,70,70,70,80,80,93,93,125,125,125],"floor_reached":16,"playtime":512,"items_purged":[],"score":184,"play_id":"a8965e01-3da9-43dc-898a-0cd3f8d129db","local_time":"20190308171942","is_ascension_mode":true,"campfire_choices":[{"data":"Go for the Eyes","floor":6,"key":"SMITH"},{"data":"Seek","floor":8,"key":"SMITH"},{"data":"Turbo","floor":13,"key":"SMITH"},{"data":"Zap","floor":15,"key":"SMITH"}],"neow_cost":"NONE","seed_source_timestamp":408486447095703,"circlet_count":0,"master_deck":["AscendersBane","Strike_B","Strike_B","Strike_B","Defend_B","Defend_B","Defend_B","Defend_B","Zap+1","Dualcast","Biased Cognition","Rebound","Ball Lightning","Turbo+1","Compile Driver","Go for the Eyes+1","Seek+1","Coolheaded","BootSequence","Multi-Cast"],"relics":["Cracked Core","Letter Opener","SsserpentHead","Dead Branch"],"potions_floor_usage":[14,16],"damage_taken":[{"damage":0,"enemies":"2 Louse","floor":1,"turns":2},{"damage":2,"enemies":"Small Slimes","floor":4,"turns":3},{"damage":0,"enemies":"Cultist","floor":5,"turns":2},{"damage":10,"enemies":"Large Slime","floor":7,"turns":5},{"damage":0,"enemies":"3 Louse","floor":10,"turns":3},{"damage":0,"enemies":"Red Slaver","floor":12,"turns":1},{"damage":18,"enemies":"Lagavulin","floor":14,"turns":4},{"damage":27,"enemies":"Slime Boss","floor":16,"turns":5}],"seed_played":"6154415483892606979","potions_obtained":[{"floor":4,"key":"GamblersBrew"},{"floor":5,"key":"SpeedPotion"},{"floor":10,"key":"LiquidBronze"}],"is_trial":false,"path_per_floor":["M","?","$","M","M","R","M","R","T","M","?","M","R","E","R","B"],"character_chosen":"DEFECT","items_purchased":["Ball Lightning","Turbo"],"campfire_rested":0,"item_purchase_floors":[3,3],"current_hp_per_floor":[64,57,57,55,55,55,45,45,45,45,45,45,45,27,27,0],"gold":125,"neow_bonus":"ONE_RANDOM_RARE_CARD","is_prod":false,"is_daily":false,"chose_seed":false,"campfire_upgraded":4,"win_rate":0,"timestamp":1552083582,"path_taken":["M","?","$","M","M","R","M","R","T","M","?","M","R","E","R","BOSS"],"build_version":"2019-01-23","purchased_purges":0,"victory":false,"max_hp_per_floor":[71,71,71,71,71,71,71,71,71,71,71,71,71,71,71,71],"card_choices":[{"not_picked":["Gash","Double Energy"],"picked":"Rebound","floor":1},{"not_picked":["Hologram","Rebound"],"picked":"Compile Driver","floor":4},{"not_picked":["Stack","Beam Cell"],"picked":"Go for the Eyes","floor":5},{"not_picked":["Sunder","Gash"],"picked":"Seek","floor":7},{"not_picked":["Blizzard","Hologram"],"picked":"Coolheaded","floor":10},{"not_picked":["Steam","Streamline"],"picked":"BootSequence","floor":12},{"not_picked":["Static Discharge","Defragment"],"picked":"Multi-Cast","floor":14}],"player_experience":865902,"relics_obtained":[{"floor":9,"key":"Letter Opener"},{"floor":14,"key":"Dead Branch"}],"event_choices":[{"cards_removed":["Strike_B"],"damage_healed":0,"gold_gain":0,"player_choice":"Card Removal","damage_taken":7,"max_hp_gain":0,"max_hp_loss":0,"event_name":"Golden Wing","floor":2,"gold_loss":0},{"damage_healed":0,"gold_gain":0,"player_choice":"Trade","damage_taken":0,"relics_obtained":["SsserpentHead"],"max_hp_gain":0,"max_hp_loss":0,"event_name":"FaceTrader","floor":11,"gold_loss":0}],"is_beta":false,"boss_relics":[],"items_purged_floors":[],"is_endless":false,"potions_floor_spawned":[4,5,10],"killed_by":"Slime Boss","ascension_level":16}