{"path_per_floor":["M","M","M","M","M","R","?","R","T","M","R","M","$","?","R","B",null,"M","$","M","T","M","R","E","M","T","R","?","M","$","M","R","B",null,"M","$","M","?","M","R","M"],"character_chosen":"IRONCLAD","items_purchased":["Kunai","Pen Nib","Shrug It Off","Battle Trance","Flash of Steel"],"gold_per_floor":[209,226,238,257,267,267,297,297,345,358,358,372,45,120,120,216,216,227,29,48,96,116,116,145,155,155,155,155,167,27,38,38,134,134,153,48,64,64,83,83,101,101],"floor_reached":42,"campfire_rested":0,"playtime":3525,"current_hp_per_floor":[75,78,74,73,72,72,72,72,72,78,78,76,76,65,65,25,66,67,67,67,67,61,61,37,58,58,58,47,42,42,46,46,48,53,57,57,61,61,64,64,51,0],"items_purged":["Strike_R","Strike_R"],"gold":101,"score":574,"play_id":"2d7401c6-2587-4ef9-8a3a-69ba7f2f808b","local_time":"20180515124144","is_prod":false,"is_daily":false,"chose_seed":false,"is_ascension_mode":true,"campfire_upgraded":8,"timestamp":1526402504,"path_taken":["M","M","M","M","M","R","?","R","T","M","R","M","$","?","R","BOSS","M","$","M","?","M","R","E","M","T","R","?","?","?","M","R","BOSS","M","$","M","?","M","R","M","M"],"build_version":"2018-05-14v2","seed_source_timestamp":542261853617045,"purchased_purges":2,"victory":false,"master_deck":["Strike_R","Strike_R","Strike_R","Defend_R","Defend_R","Defend_R","Defend_R","Bash","Iron Wave","Searing Blow+7","Shrug It Off","Pommel Strike","Ghostly Armor","Headbutt","Armaments+1","Feed","Shrug It Off","Pommel Strike+1","Ghostly","Ghostly","Ghostly","Ghostly","True Grit+1","Battle Trance","Impervious","Flash of Steel","Sentinel+1","Iron Wave+1"],"max_hp_per_floor":[80,80,80,80,80,80,80,80,80,80,80,80,80,80,80,80,80,84,84,88,88,92,92,92,95,95,95,47,47,47,50,50,54,54,57,57,61,61,64,64,67,67],"relics":["Burning Blood","Orichalcum","Kunai","Snecko Eye","Pen Nib","Art of War","Meat on the Bone","Peace Pipe","Philosopher\u0027s Stone"],"card_choices":[{"not_picked":["Havoc","Perfected Strike"],"picked":"Iron Wave","floor":1},{"not_picked":["Pommel Strike","Sentinel"],"picked":"Searing Blow","floor":2},{"not_picked":["Reckless Charge","Hemokinesis"],"picked":"Shrug It Off","floor":3},{"not_picked":["Iron Wave","Berserk"],"picked":"Pommel Strike","floor":4},{"not_picked":["Headbutt","Corruption"],"picked":"Ghostly Armor","floor":5},{"not_picked":["Infernal Blade","Fire Breathing"],"picked":"Headbutt","floor":10},{"not_picked":["Dual Wield","Blood for Blood"],"picked":"Armaments","floor":12},{"not_picked":["Brutality","Bludgeon"],"picked":"Feed","floor":16},{"not_picked":["Havoc","Sword Boomerang+1","Clothesline+1"],"picked":"SKIP","floor":18},{"not_picked":["Sword Boomerang+1","Carnage","Sever Soul+1"],"picked":"SKIP","floor":20},{"not_picked":["Anger","Clothesline"],"picked":"Pommel Strike+1","floor":22},{"not_picked":["Dark Embrace","Hemokinesis+1","Dual Wield"],"picked":"SKIP","floor":24},{"not_picked":["Armaments","Sword Boomerang+1","Perfected Strike"],"picked":"SKIP","floor":25},{"not_picked":["Sever Soul+1","Entrench"],"picked":"True Grit+1","floor":29},{"not_picked":["Dual Wield","Headbutt","Disarm"],"picked":"SKIP","floor":31},{"not_picked":["Feed","Bludgeon"],"picked":"Impervious","floor":33},{"not_picked":["Fire Breathing+1","Warcry","Sword Boomerang"],"picked":"SKIP","floor":35},{"not_picked":["Twin Strike+1","Rampage+1","Perfected Strike+1"],"picked":"SKIP","floor":37},{"not_picked":["Pummel+1","Flame Barrier"],"picked":"Sentinel+1","floor":39},{"not_picked":["Evolve","Carnage+1"],"picked":"Iron Wave+1","floor":41}],"player_experience":138942,"potions_floor_usage":[5,16,18,22,24,25,29,33,33,33,42,42],"damage_taken":[{"damage":11,"enemies":"Jaw Worm","floor":1,"turns":4},{"damage":3,"enemies":"Small Slimes","floor":2,"turns":4},{"damage":10,"enemies":"2 Louse","floor":3,"turns":3},{"damage":7,"enemies":"Looter","floor":4,"turns":4},{"damage":7,"enemies":"Exordium Wildlife","floor":5,"turns":3},{"damage":0,"enemies":"Blue Slaver","floor":10,"turns":4},{"damage":8,"enemies":"Red Slaver","floor":12,"turns":3},{"damage":46,"enemies":"The Guardian","floor":16,"turns":10},{"damage":9,"enemies":"Shell Parasite","floor":18,"turns":3},{"damage":10,"enemies":"Chosen","floor":20,"turns":4},{"damage":16,"enemies":"Snecko","floor":22,"turns":6},{"damage":30,"enemies":"Gremlin Leader","floor":24,"turns":5},{"damage":0,"enemies":"Centurion and Healer","floor":25,"turns":4},{"damage":11,"enemies":"Chosen and Byrds","floor":29,"turns":6},{"damage":5,"enemies":"3 Cultists","floor":31,"turns":4},{"damage":8,"enemies":"Champ","floor":33,"turns":11},{"damage":0,"enemies":"Flame Bruiser 1 Orb","floor":35,"turns":4},{"damage":0,"enemies":"Orb Walker","floor":37,"turns":4},{"damage":1,"enemies":"Sphere and 2 Shapes","floor":39,"turns":4},{"damage":22,"enemies":"Spire Growth","floor":41,"turns":6},{"damage":54,"enemies":"Flame Bruiser 2 Orb","floor":42,"turns":4}],"relics_obtained":[{"floor":9,"key":"Orichalcum"},{"floor":21,"key":"Art of War"},{"floor":24,"key":"Meat on the Bone"},{"floor":26,"key":"Peace Pipe"}],"event_choices":[{"event_name":"Dead Adventurer","player_choice":"Searched \u00272\u0027 times","floor":7,"damage_taken":0},{"event_name":"World of Goop","player_choice":"Gather Gold","floor":14,"damage_taken":0},{"event_name":"Ghosts","player_choice":"Became a Ghost","floor":28,"damage_taken":0}],"boss_relics":[{"not_picked":["Orrery","Runic Dome"],"picked":"Snecko Eye"},{"not_picked":["Velvet Choker","Black Blood"],"picked":"Philosopher\u0027s Stone"}],"potions_floor_spawned":[2,3,4,20,22,24,29,31,35,37],"seed_played":"-942186850464705079","killed_by":"Flame Bruiser 2 Orb","ascension_level":5,"potions_obtained":[{"floor":2,"key":"EssenceOfSteel"},{"floor":3,"key":"SteroidPotion"},{"floor":4,"key":"FearPotion"},{"floor":20,"key":"Weak Potion"},{"floor":22,"key":"SkillPotion"},{"floor":24,"key":"EntropicBrew"},{"floor":29,"key":"Energy Potion"},{"floor":31,"key":"Strength Potion"},{"floor":35,"key":"Fire Potion"},{"floor":37,"key":"EssenceOfSteel"}],"is_trial":false}