{"gold_per_floor":[118,131,131,146,158,185,185,185,185,84,99,124,144,179,179,280,280,295,310,323,337,347,347],"floor_reached":23,"playtime":3554,"items_purged":["Strike_R"],"score":217,"play_id":"fee97446-026a-4aee-ae04-6a681f57ef6c","local_time":"20180925054736","is_ascension_mode":false,"campfire_choices":[{"data":"Inflame","floor":8,"key":"SMITH"},{"floor":15,"key":"REST"}],"neow_cost":"NONE","seed_source_timestamp":69062121120804,"circlet_count":0,"master_deck":["Strike_R","Strike_R","Strike_R","Defend_R","Defend_R","Defend_R","Defend_R","Bash","Dropkick","Shrug It Off","Inflame+1","Thunderclap","Headbutt","Battle Trance","Pain","Warcry","Whirlwind","Twin Strike","Rupture","Power Through","Twin Strike"],"relics":["Burning Blood","Self Forming Clay","WarpedTongs","Bottled Flame","Gremlin Horn","Dream Catcher","Mark of Pain"],"potions_floor_usage":[],"damage_taken":[{"damage":2,"enemies":"2 Louse","floor":1,"turns":5},{"damage":2,"enemies":"Cultist","floor":2,"turns":4},{"damage":2,"enemies":"Small Slimes","floor":4,"turns":5},{"damage":0,"enemies":"2 Fungi Beasts","floor":5,"turns":3},{"damage":6,"enemies":"Gremlin Nob","floor":6,"turns":3},{"damage":11,"enemies":"Exordium Wildlife","floor":11,"turns":5},{"damage":7,"enemies":"3 Sentries","floor":12,"turns":8},{"damage":4,"enemies":"3 Louse","floor":13,"turns":3},{"damage":11,"enemies":"Lagavulin","floor":14,"turns":5},{"damage":10,"enemies":"Slime Boss","floor":16,"turns":6},{"damage":17,"enemies":"Spheric Guardian","floor":18,"turns":4},{"damage":24,"enemies":"3 Byrds","floor":19,"turns":3},{"damage":13,"enemies":"Centurion and Healer","floor":20,"turns":4},{"damage":21,"enemies":"Snake Plant","floor":21,"turns":5},{"damage":7,"enemies":"Shelled Parasite and Fungi","floor":22,"turns":4},{"damage":28,"enemies":"Book of Stabbing","floor":23,"turns":4}],"seed_played":"-2652852890196721802","potions_obtained":[{"floor":5,"key":"SpeedPotion"},{"floor":12,"key":"Swift Potion"},{"floor":13,"key":"SteroidPotion"},{"floor":16,"key":"FearPotion"}],"is_trial":false,"path_per_floor":["M","M","?","M","M","E","?","R","T","$","M","E","M","E","R","B",null,"M","M","M","M","M"],"character_chosen":"IRONCLAD","items_purchased":["Warcry"],"campfire_rested":1,"item_purchase_floors":[10],"current_hp_per_floor":[80,80,80,80,80,80,80,80,80,80,75,74,76,71,80,76,80,69,51,44,29,28,0],"gold":347,"neow_bonus":"THREE_CARDS","is_prod":false,"is_daily":false,"chose_seed":false,"campfire_upgraded":1,"win_rate":0,"timestamp":1537843656,"path_taken":["M","M","?","M","M","E","?","R","T","$","M","E","M","E","R","BOSS","M","M","M","M","M","E"],"build_version":"2018-09-20","purchased_purges":1,"victory":false,"max_hp_per_floor":[80,80,80,80,80,80,80,80,80,80,80,80,80,80,80,80,80,80,80,80,80,80,80],"card_choices":[{"not_picked":["Clash","Thunderclap"],"picked":"Dropkick","floor":0},{"not_picked":["Pommel Strike","Anger"],"picked":"Shrug It Off","floor":1},{"not_picked":["Intimidate","Sever Soul"],"picked":"Inflame","floor":2},{"not_picked":["Rampage","Flex"],"picked":"Thunderclap","floor":4},{"not_picked":["Dual Wield","Rupture"],"picked":"Headbutt","floor":5},{"not_picked":["Juggernaut","Cleave"],"picked":"Battle Trance","floor":6},{"not_picked":["Corruption","Iron Wave","Clash"],"picked":"SKIP","floor":11},{"not_picked":["Dual Wield","Feed"],"picked":"Whirlwind","floor":12},{"not_picked":["Clothesline","Shrug It Off","Headbutt"],"picked":"SKIP","floor":13},{"not_picked":["Warcry","Exhume"],"picked":"Twin Strike","floor":14},{"not_picked":["Inflame","Sever Soul"],"picked":"Rupture","floor":15},{"not_picked":["Pommel Strike","Headbutt"],"picked":"Power Through","floor":18},{"not_picked":["Searing Blow","Body Slam","Headbutt"],"picked":"SKIP","floor":19},{"not_picked":["Dual Wield+1","Shrug It Off+1","Pommel Strike"],"picked":"SKIP","floor":20},{"not_picked":["Rage+1","Sword Boomerang","Havoc"],"picked":"SKIP","floor":21},{"not_picked":["Clash+1","Exhume"],"picked":"Twin Strike","floor":22}],"player_experience":81726,"relics_obtained":[{"floor":6,"key":"Self Forming Clay"},{"floor":9,"key":"Bottled Flame"},{"floor":12,"key":"Gremlin Horn"},{"floor":14,"key":"Dream Catcher"}],"event_choices":[{"event_name":"Purifier","player_choice":"One Purge","floor":3,"damage_taken":0},{"event_name":"Accursed Blacksmith","player_choice":"Rummage","floor":7,"damage_taken":0}],"is_beta":false,"boss_relics":[{"not_picked":["Philosopher\u0027s Stone","Coffee Dripper"],"picked":"Mark of Pain"}],"items_purged_floors":[10],"is_endless":false,"potions_floor_spawned":[5,12,13,14,16,19,21],"killed_by":"Book of Stabbing","ascension_level":0}