{"path_per_floor":["M","M","?","M","?","E","?","R","T","$","E","?","R","?","R","B",null,"M","?","M","?","$","E","R","M","T","E","$","M","R","?","R","B",null,"M","M","?","?","?","E","M","R","T","E","M","$","R","M","R","B"],"character_chosen":"THE_SILENT","items_purchased":["Anchor","After Image","Sundial"],"gold_per_floor":[118,137,87,97,97,127,127,127,127,52,86,86,86,147,147,249,249,265,265,279,279,179,211,211,221,247,281,133,146,146,146,146,245,275,288,300,300,300,300,325,335,335,335,398,413,34,34,48,48,48],"floor_reached":51,"campfire_rested":3,"playtime":5165,"current_hp_per_floor":[70,64,64,63,56,47,47,47,47,47,38,24,45,46,46,36,70,70,70,65,65,65,51,51,53,53,36,36,35,35,20,45,49,90,90,90,90,90,100,87,58,58,58,62,60,60,60,64,95,33],"items_purged":["Strike_G","Strike_G"],"gold":48,"score":846,"play_id":"be8f5223-c969-42bc-b0a4-083b9a692139","local_time":"20180410191707","is_prod":false,"is_daily":false,"is_ascension_mode":true,"campfire_upgraded":6,"timestamp":1523380627,"path_taken":["M","M","?","M","?","E","?","R","T","?","E","?","R","?","R","BOSS","M","?","M","?","$","E","R","M","T","E","$","M","R","?","R","BOSS","M","M","?","?","?","E","M","R","T","E","M","$","R","M","R","BOSS"],"build_version":"2018-04-05v2","purchased_purges":2,"victory":true,"master_deck":["Defend_G","Defend_G+1","Survivor+1","Neutralize+1","Footwork+1","Choke+1","Dodge and Roll+1","Flying Knee","Malaise+1","Blade Dance+1","Storm of Steel+1","Setup+1","Burst+1","Dagger Spray+1","Flying Knee","Backstab+1","Well Laid Plans","Cloak And Dagger+1","Dodge and Roll+1","Cloak And Dagger+1","Backflip","Infinite Blades","Escape Plan+1","Bouncing Flask+1","After Image"],"max_hp_per_floor":[70,70,70,70,70,70,70,70,70,70,70,70,70,70,70,70,70,70,70,70,70,70,80,80,80,80,80,80,80,80,85,85,85,90,90,90,90,90,100,100,100,100,100,102,104,104,104,106,106,106],"relics":["Black Star","Mercury Hourglass","Blood Vial","Juzu Bracelet","The Specimen","Unceasing Top","Thread and Needle","Letter Opener","Astrolabe","Toolbox","Pear","Vajra","Prayer Wheel","War Paint","Anchor","Tiny House","Snake Skull","Pen Nib","Lantern","Tiny Chest","Singing Bowl","Sundial"],"card_choices":[{"not_picked":["Deflect","Catalyst"],"picked":"Footwork","floor":1.0},{"not_picked":["Deflect","PiercingWail"],"picked":"Choke","floor":2.0},{"not_picked":["Skewer","Deadly Poison"],"picked":"Dodge and Roll","floor":4.0},{"not_picked":["Bane","Underhanded Strike"],"picked":"Flying Knee","floor":6.0},{"not_picked":["Die Die Die","Backflip"],"picked":"Malaise","floor":11.0},{"not_picked":["Endless Agony","PiercingWail"],"picked":"Blade Dance","floor":14.0},{"not_picked":["Night Terror","Envenom"],"picked":"Storm of Steel","floor":16.0},{"not_picked":["Outmaneuver","Bane"],"picked":"Dagger Spray","floor":18.0},{"not_picked":["Finisher","Sucker Punch"],"picked":"Flying Knee","floor":20.0},{"not_picked":["Masterful Stab","Sucker Punch"],"picked":"Backstab","floor":23.0},{"not_picked":["All Out Attack","Bouncing Flask"],"picked":"Well Laid Plans","floor":25.0},{"not_picked":["Prepared","Glass Knife"],"picked":"Cloak And Dagger","floor":27.0},{"not_picked":["Prepared","Masterful Stab"],"picked":"Dodge and Roll","floor":29.0},{"not_picked":["Backflip","Setup"],"picked":"Cloak And Dagger","floor":34.0},{"not_picked":["Dash","Flechettes"],"picked":"Backflip","floor":35.0},{"not_picked":["Blur","PiercingWail"],"picked":"Infinite Blades","floor":40.0},{"not_picked":["Blade Dance","Underhanded Strike"],"picked":"Escape Plan","floor":41.0},{"not_picked":["Backflip","PiercingWail"],"picked":"Bouncing Flask","floor":43}],"player_experience":167964,"potions_floor_usage":[50,50],"damage_taken":[{"damage":0.0,"enemies":"Small Slimes","floor":1.0,"turns":4.0},{"damage":6.0,"enemies":"Cultist","floor":2.0,"turns":6.0},{"damage":1.0,"enemies":"2 Louse","floor":4.0,"turns":2.0},{"damage":9.0,"enemies":"3 Sentries","floor":6.0,"turns":7.0},{"damage":11.0,"enemies":"Lagavulin","floor":11.0,"turns":9.0},{"damage":1.0,"enemies":"Lagavulin Event","floor":14.0,"turns":7.0},{"damage":12.0,"enemies":"Hexaghost","floor":16.0,"turns":13.0},{"damage":0.0,"enemies":"3 Byrds","floor":18.0,"turns":4.0},{"damage":5.0,"enemies":"2 Thieves","floor":20.0,"turns":4.0},{"damage":26.0,"enemies":"Slavers","floor":23.0,"turns":5.0},{"damage":0.0,"enemies":"3 Cultists","floor":25.0,"turns":4.0},{"damage":28.0,"enemies":"Gremlin Leader","floor":27.0,"turns":6.0},{"damage":3.0,"enemies":"Snake Plant","floor":29.0,"turns":4.0},{"damage":2.0,"enemies":"Champ","floor":33.0,"turns":10.0},{"damage":0.0,"enemies":"Orb Walker","floor":35.0,"turns":3.0},{"damage":0.0,"enemies":"3 Darklings","floor":36.0,"turns":3.0},{"damage":13.0,"enemies":"Giant Head","floor":40.0,"turns":11.0},{"damage":31.0,"enemies":"Maw","floor":41.0,"turns":7.0},{"damage":0,"enemies":"Nemesis","floor":44,"turns":7},{"damage":6,"enemies":"Sphere and 2 Shapes","floor":45,"turns":5},{"damage":0,"enemies":"4 Shapes","floor":48,"turns":2},{"damage":64,"enemies":"Awakened One","floor":50,"turns":15}],"event_choices":[{"event_name":"The Cleric","player_choice":"Card Removal","floor":3.0,"damage_taken":0.0},{"event_name":"Scrap Ooze","player_choice":"success","floor":5.0,"damage_taken":7.0},{"event_name":"Liars Game","player_choice":"disagreed","floor":7.0,"damage_taken":0.0},{"event_name":"Shining Light","player_choice":"Entered Light","floor":12.0,"damage_taken":0.0},{"event_name":"Dead Adventurer","player_choice":"Searched \u00271\u0027 times","floor":14.0,"damage_taken":0.0},{"event_name":"Back to Basics","player_choice":"Elegance","floor":19.0,"damage_taken":0.0},{"event_name":"The Lab","player_choice":"Got Potions","floor":21.0,"damage_taken":0.0},{"event_name":"Forgotten Altar","player_choice":"Shed Blood","floor":31.0,"damage_taken":0.0},{"event_name":"Tomb of Lord Red Mask","player_choice":"Ignored","floor":38.0,"damage_taken":0.0},{"event_name":"Bonfire Elementals","player_choice":"RARE","floor":39.0,"damage_taken":0.0}],"boss_relics":[],"potions_floor_spawned":[4,6,14,14,16,23,27,35,44,45],"seed_played":"-171970615460094506","ascension_level":2,"is_trial":false}