{"path_per_floor":["M","M","M","?","M","R","E","M","T","M","E","M","R","E","R","B",null,"M","?","$","?","$","R","M","?","T","E","R","M","M"],"character_chosen":"THE_SILENT","items_purchased":["Snake Skull","Malaise","Dagger Throw"],"gold_per_floor":[119,129,147,147,163,163,207,222,222,238,281,306,306,345,345,468,468,489,414,414,414,82,82,100,100,126,169,169,193,209,209],"floor_reached":31,"campfire_rested":0,"playtime":1912,"current_hp_per_floor":[70,68,64,64,61,61,32,32,32,43,44,44,44,44,44,44,65,47,47,47,47,47,47,51,51,51,39,39,32,28,0],"items_purged":["Strike_G"],"gold":209,"score":305,"play_id":"e9ba283c-5c64-48ca-8443-351b99c92041","local_time":"20180516002329","is_prod":false,"is_daily":false,"chose_seed":false,"is_ascension_mode":true,"campfire_upgraded":5,"timestamp":1526444609,"path_taken":["M","M","M","?","M","R","E","M","T","M","E","M","R","E","R","BOSS","M","?","$","?","$","R","M","?","T","E","R","M","M","M"],"build_version":"2018-05-14v2","seed_source_timestamp":585979956854930,"purchased_purges":1,"victory":false,"master_deck":["Defend_G","Defend_G","Defend_G","Defend_G","Defend_G","Strike_G","Strike_G","Strike_G","Survivor","Neutralize+1","Acrobatics","Blur","Backflip","Riddle With Holes","Dagger Spray","Doppelganger","Well Laid Plans+1","Backflip","Tools of the Trade+1","Phantasmal Killer+1","Dash","Malaise+1","Dagger Throw","Deadly Poison+1","Malaise+1","Riddle With Holes+1","Cloak And Dagger+1"],"max_hp_per_floor":[70,70,70,65,65,65,65,65,65,65,65,65,65,65,65,65,65,65,65,65,65,65,65,65,65,65,65,65,65,65,65],"relics":["Ring of the Snake","Bronze Scales","Golden Idol","Du-Vu Doll","Meat on the Bone","Regal Pillow","Centennial Puzzle","Runic Dome","Snake Skull","Bag of Marbles","Dodecahedron"],"card_choices":[{"not_picked":["Poisoned Stab","Heel Hook"],"picked":"Acrobatics","floor":1},{"not_picked":["Dodge and Roll","Outmaneuver"],"picked":"Blur","floor":2},{"not_picked":["Deflect","Dodge and Roll"],"picked":"Backflip","floor":3},{"not_picked":["Expertise","Setup","Masterful Stab"],"picked":"SKIP","floor":5},{"not_picked":["Expertise","Quick Slash"],"picked":"Riddle With Holes","floor":7},{"not_picked":["Slice","Eviscerate"],"picked":"Dagger Spray","floor":8},{"not_picked":["Outmaneuver","Catalyst"],"picked":"Doppelganger","floor":10},{"not_picked":["Dodge and Roll","Deadly Poison"],"picked":"Well Laid Plans","floor":11},{"not_picked":["Outmaneuver","Slice"],"picked":"Backflip","floor":12},{"not_picked":["Escape Plan","Bouncing Flask"],"picked":"Tools of the Trade","floor":14},{"not_picked":["Night Terror","Envenom"],"picked":"Phantasmal Killer","floor":16},{"not_picked":["Dagger Spray","Sucker Punch"],"picked":"Dash","floor":18},{"not_picked":["All Out Attack","Accuracy"],"picked":"Deadly Poison+1","floor":24},{"not_picked":["Slice+1","Calculated Gamble+1"],"picked":"Malaise","floor":27},{"not_picked":["Poisoned Stab+1","Dash"],"picked":"Riddle With Holes+1","floor":29},{"not_picked":["All Out Attack","Outmaneuver"],"picked":"Cloak And Dagger+1","floor":30}],"player_experience":169631,"potions_floor_usage":[7,8,11,14,14,24,27],"damage_taken":[{"damage":0,"enemies":"2 Louse","floor":1,"turns":2},{"damage":2,"enemies":"Jaw Worm","floor":2,"turns":5},{"damage":4,"enemies":"Small Slimes","floor":3,"turns":4},{"damage":3,"enemies":"Blue Slaver","floor":5,"turns":4},{"damage":29,"enemies":"Lagavulin","floor":7,"turns":7},{"damage":0,"enemies":"2 Fungi Beasts","floor":8,"turns":4},{"damage":1,"enemies":"Looter","floor":10,"turns":3},{"damage":11,"enemies":"3 Sentries","floor":11,"turns":6},{"damage":0,"enemies":"Red Slaver","floor":12,"turns":5},{"damage":12,"enemies":"Gremlin Nob","floor":14,"turns":3},{"damage":12,"enemies":"The Guardian","floor":16,"turns":18},{"damage":18,"enemies":"Spheric Guardian","floor":18,"turns":3},{"damage":10,"enemies":"Chosen","floor":24,"turns":5},{"damage":27,"enemies":"Slavers","floor":27,"turns":6},{"damage":19,"enemies":"Sentry and Sphere","floor":29,"turns":7},{"damage":16,"enemies":"Centurion and Healer","floor":30,"turns":7},{"damage":31,"enemies":"Cultist and Chosen","floor":31,"turns":4}],"relics_obtained":[{"floor":7,"key":"Du-Vu Doll"},{"floor":9,"key":"Meat on the Bone"},{"floor":11,"key":"Regal Pillow"},{"floor":14,"key":"Centennial Puzzle"},{"floor":26,"key":"Bag of Marbles"},{"floor":27,"key":"Dodecahedron"}],"event_choices":[{"event_name":"Golden Idol","player_choice":"Lose Max HP","floor":4,"damage_taken":0},{"event_name":"Beggar","player_choice":"Gave Gold","floor":19,"damage_taken":0},{"event_name":"Upgrade Shrine","player_choice":"Upgraded","floor":21,"damage_taken":0},{"event_name":"Ghosts","player_choice":"Ignored","floor":25,"damage_taken":0}],"boss_relics":[{"not_picked":["Philosopher\u0027s Stone","Runic Pyramid"],"picked":"Runic Dome"}],"potions_floor_spawned":[3,7,10,11,12,18,24],"seed_played":"7381074919497778110","killed_by":"Cultist and Chosen","ascension_level":2,"potions_obtained":[{"floor":3,"key":"FearPotion"},{"floor":7,"key":"GamblersBrew"},{"floor":10,"key":"LiquidBronze"},{"floor":11,"key":"Strength Potion"},{"floor":12,"key":"AttackPotion"},{"floor":18,"key":"Regen Potion"},{"floor":24,"key":"Regen Potion"}],"is_trial":false}