{"gold_per_floor":[113,124,124,138,156,197,297,310,385,410,410,450,464,489,489,619,619],"floor_reached":17,"playtime":1014,"items_purged":[],"score":197,"play_id":"7b56aa92-1123-4cab-9fd5-1bd5c0a7222d","local_time":"20190308065041","is_ascension_mode":true,"campfire_choices":[{"data":"White Noise","floor":11,"key":"SMITH"},{"floor":15,"key":"REST"}],"neow_cost":"NONE","seed_source_timestamp":76693415703442,"circlet_count":0,"master_deck":["Strike_B","Strike_B","Strike_B","Strike_B","Defend_B","Defend_B","Defend_B","Defend_B","Zap","Dualcast","Ball Lightning","Leap","Conserve Battery","Conserve Battery","Sweeping Beam","White Noise+1","Defragment","Core Surge","Biased Cognition"],"relics":["Cracked Core","Golden Idol","The Courier","Bottled Lightning","Du-Vu Doll","Orrery"],"potions_floor_usage":[],"damage_taken":[{"damage":0,"enemies":"Jaw Worm","floor":1,"turns":3},{"damage":0,"enemies":"Cultist","floor":2,"turns":3},{"damage":5,"enemies":"Small Slimes","floor":4,"turns":3},{"damage":0,"enemies":"Exordium Wildlife","floor":5,"turns":3},{"damage":24,"enemies":"Lagavulin","floor":6,"turns":8},{"damage":8,"enemies":"2 Fungi Beasts","floor":8,"turns":3},{"damage":4,"enemies":"Red Slaver","floor":10,"turns":4},{"damage":27,"enemies":"Gremlin Nob","floor":12,"turns":4},{"damage":4,"enemies":"3 Louse","floor":13,"turns":4},{"damage":0,"enemies":"Looter","floor":14,"turns":3},{"damage":11,"enemies":"The Guardian","floor":16,"turns":10}],"seed_played":"8683381468420158746","potions_obtained":[{"floor":2,"key":"Block Potion"},{"floor":8,"key":"FocusPotion"},{"floor":10,"key":"FearPotion"},{"floor":12,"key":"Ancient Potion"},{"floor":13,"key":"PowerPotion"}],"is_trial":false,"path_per_floor":["M","M","?","M","M","E","?","M","T","M","R","E","M","M","R","B",null],"character_chosen":"DEFECT","items_purchased":[],"campfire_rested":1,"item_purchase_floors":[],"current_hp_per_floor":[82,82,76,71,71,47,47,39,39,35,35,8,4,4,26,15,15],"gold":619,"neow_bonus":"TEN_PERCENT_HP_BONUS","is_prod":false,"is_daily":false,"chose_seed":false,"campfire_upgraded":1,"win_rate":0,"timestamp":1552020641,"path_taken":["M","M","?","M","M","E","?","M","T","M","R","E","?","M","R","BOSS"],"build_version":"2019-01-23","purchased_purges":0,"victory":false,"max_hp_per_floor":[82,82,76,76,76,76,76,76,76,76,76,76,76,76,76,76,76],"card_choices":[{"not_picked":["Coolheaded","Hologram"],"picked":"Ball Lightning","floor":1},{"not_picked":["Doom and Gloom","Double Energy"],"picked":"Leap","floor":2},{"not_picked":["Redo","Gash"],"picked":"Conserve Battery","floor":4},{"not_picked":["Barrage","Stack"],"picked":"Conserve Battery","floor":5},{"not_picked":["Glacier","Leap"],"picked":"Sweeping Beam","floor":6},{"not_picked":["Doom and Gloom","Rebound"],"picked":"White Noise","floor":8},{"not_picked":["Stack","Conserve Battery"],"picked":"Defragment","floor":10},{"not_picked":["Chill","Barrage","Turbo"],"picked":"SKIP","floor":12},{"not_picked":["Redo","Defragment"],"picked":"Core Surge","floor":13},{"not_picked":["Gash","Conserve Battery","Sweeping Beam"],"picked":"SKIP","floor":14},{"not_picked":["Multi-Cast","All For One"],"picked":"Biased Cognition","floor":16}],"player_experience":707212,"relics_obtained":[{"floor":6,"key":"The Courier"},{"floor":9,"key":"Bottled Lightning"},{"floor":12,"key":"Du-Vu Doll"}],"event_choices":[{"damage_healed":0,"gold_gain":0,"player_choice":"Lose Max HP","damage_taken":0,"relics_obtained":["Golden Idol"],"max_hp_gain":0,"max_hp_loss":6,"event_name":"Golden Idol","floor":3,"gold_loss":0},{"damage_healed":0,"gold_gain":100,"player_choice":"Pray","damage_taken":0,"max_hp_gain":0,"max_hp_loss":0,"event_name":"Golden Shrine","floor":7,"gold_loss":0}],"is_beta":false,"boss_relics":[{"not_picked":["Eternal Feather","White Beast Statue"],"picked":"Orrery"}],"items_purged_floors":[],"is_endless":false,"potions_floor_spawned":[2,8,10,12,13],"ascension_level":3}