{"path_per_floor":["M","?","?","M","?","R","M","M","T","M","$","M","E","M","R","B",null,"M","M","$","M","?","E","R","?","T","$","R","M","M","$","R","B",null,"M","?","$","?","?","R","E","R","T","M","?","$","R","M","R","B"],"character_chosen":"IRONCLAD","items_purchased":["Regen Potion","Regen Potion","Juzu Bracelet","Bandage Up","Block Potion","Toy Ornithopter"],"gold_per_floor":[119,119,119,134,134,134,152,168,194,204,204,219,245,256,256,357,357,370,381,128,143,143,177,177,177,232,54,54,71,87,37,37,141,141,158,208,2,0,0,0,27,27,27,44,44,44,44,60,60,60],"floor_reached":51,"campfire_rested":2,"playtime":2909,"current_hp_per_floor":[80,77,61,60,60,60,60,55,55,55,55,55,47,47,47,43,80,65,61,61,40,24,9,33,33,33,33,33,25,25,25,49,8,80,72,61,61,61,61,61,36,36,36,32,73,73,73,65,65,16],"items_purged":["Defend_R"],"gold":60,"play_id":"007ed4c2-6135-4c59-ba70-ad8266a3c5b3","is_prod":false,"is_daily":false,"campfire_rituals":0,"campfire_upgraded":6,"is_hardmode":false,"path_taken":["M","?","?","?","?","R","M","M","T","M","$","M","E","M","R","BOSS","M","M","$","M","?","E","R","?","T","$","R","M","M","?","R","BOSS","M","?","$","?","?","R","E","R","T","M","?","$","R","M","R","BOSS"],"build_version":"2018-01-18-PROD4","purchased_purges":1,"victory":true,"master_deck":["Strike_R","Strike_R","Strike_R","Strike_R","Strike_R","Defend_R","Defend_R","Bash","Perfected Strike","Pommel Strike","Evolve","Flex","Perfected Strike","Warcry","Wild Strike","Seeing Red","Demon Form","Perfected Strike","Wild Strike","Burning Pact","Whirlwind","Perfected Strike","Bandage Up","Seeing Red","Wild Strike","Feed","Pommel Strike","Perfected Strike"],"max_hp_per_floor":[80,80,80,80,80,80,80,80,80,80,80,80,80,80,80,80,80,80,80,80,80,80,80,80,80,80,80,80,80,80,80,80,80,80,83,83,83,83,83,83,83,83,83,83,73,73,73,73,73,73],"relics":["Velvet Choker","Magic Flower","War Paint","Peace Pipe","Orrery","Juzu Bracelet","Nilry\u0027s Codex","Mercury Hourglass","Toxic Egg","Cursed Key","Charon\u0027s Ashes","Toy Ornithopter","Red Mask","Bottled Tornado","Red Skull"],"campfire_meditates":0,"card_choices":[{"not_picked":["Clothesline","Wild Strike"],"picked":"Perfected Strike"},{"not_picked":["Iron Wave","Clothesline"],"picked":"Pommel Strike"},{"not_picked":["Sword Boomerang","True Grit"],"picked":"Flex"},{"not_picked":["Barricade","Heavy Blade"],"picked":"Perfected Strike"},{"not_picked":["Cleave","Thunderclap"],"picked":"Warcry"},{"not_picked":["Entrench","Pommel Strike"],"picked":"Wild Strike"},{"not_picked":["Uppercut","Havoc"],"picked":"Seeing Red"},{"not_picked":["Double Tap","Dark Embrace"],"picked":"Demon Form"},{"not_picked":["Shrug It Off","Cleave"],"picked":"Perfected Strike"},{"not_picked":["Headbutt","Entrench"],"picked":"Wild Strike"},{"not_picked":["Feel No Pain","Intimidate"],"picked":"Burning Pact"},{"not_picked":["Rage","Combust"],"picked":"Whirlwind"},{"not_picked":["Heavy Blade","Cleave"],"picked":"Seeing Red"},{"not_picked":["True Grit","Perfected Strike"],"picked":"Wild Strike"},{"not_picked":["Exhume","Limit Break"],"picked":"Feed"},{"not_picked":["Headbutt","Anger"],"picked":"Pommel Strike"},{"not_picked":["Hemokinesis","Headbutt"],"picked":"Perfected Strike"}],"player_experience":308046,"potions_floor_usage":[10,13,23,23,29,33,36,41,41,50],"damage_taken":[{"damage":0,"enemies":"Small Slimes","floor":1,"turns":3},{"damage":1,"enemies":"Jaw Worm","floor":4,"turns":2},{"damage":0,"enemies":"2 Louse","floor":7,"turns":2},{"damage":5,"enemies":"Looter","floor":8,"turns":2},{"damage":0,"enemies":"Red Slaver","floor":10,"turns":1},{"damage":0,"enemies":"Large Slime","floor":12,"turns":3},{"damage":18,"enemies":"Lagavulin","floor":13,"turns":3},{"damage":0,"enemies":"3 Louse","floor":14,"turns":3},{"damage":4,"enemies":"Slime Boss","floor":16,"turns":6},{"damage":15,"enemies":"2 Thieves","floor":18,"turns":3},{"damage":4,"enemies":"Shell Parasite","floor":19,"turns":2},{"damage":21,"enemies":"Snake Plant","floor":21,"turns":3},{"damage":25,"enemies":"Book of Stabbing","floor":23,"turns":3},{"damage":24,"enemies":"Centurion and Healer","floor":29,"turns":3},{"damage":0,"enemies":"Snecko","floor":30,"turns":2},{"damage":47,"enemies":"Automaton","floor":33,"turns":8},{"damage":17,"enemies":"3 Shapes","floor":35,"turns":4},{"damage":11,"enemies":"Mysterious Sphere","floor":36,"turns":3},{"damage":41,"enemies":"Nemesis","floor":41,"turns":7},{"damage":4,"enemies":"3 Darklings","floor":44,"turns":2},{"damage":8,"enemies":"4 Shapes","floor":48,"turns":2},{"damage":94,"enemies":"Donu and Deca","floor":50,"turns":7}],"event_choices":[{"event_name":"Scrap Ooze","player_choice":"success","floor":2,"damage_taken":3},{"event_name":"Shining Light","player_choice":"Entered Light","floor":3,"damage_taken":0},{"event_name":"Transmorgrifier","player_choice":"Transform","floor":5,"damage_taken":0},{"event_name":"Cursed Tome","player_choice":"Obtained Book","floor":22,"damage_taken":0},{"event_name":"The Library","player_choice":"Read","floor":25,"damage_taken":0},{"event_name":"Mysterious Sphere","player_choice":"Fight","floor":36,"damage_taken":0},{"event_name":"Tomb of Lord Red Mask","player_choice":"Paid","floor":38,"damage_taken":0},{"event_name":"Transmorgrifier","player_choice":"Skipped","floor":39,"damage_taken":0},{"event_name":"The Moai Head","player_choice":"Heal","floor":45,"damage_taken":0}],"boss_relics":[{"not_picked":["Runic Pyramid","Philosopher\u0027s Stone"],"picked":"Orrery"},{"not_picked":["Pandora\u0027s Box","Eternal Feather"],"picked":"Cursed Key"}],"potions_floor_spawned":[4,7,12,18,29,30,35,41],"seed_played":"-3433094260738930827","is_trial":false}