{"path_per_floor":["M","M","M","M","M","R","M","R","T","E","R","$","?","E","R","B",null,"M","?","M","?","M","R","E","M","T","R","E","?","R","M","R","B",null,"M","?","M","?","$","R","M","E","T","R","?","R","$","T","R","B"],"character_chosen":"THE_SILENT","items_purchased":["Well Laid Plans","Pen Nib","Vajra","Dodge and Roll"],"gold_per_floor":[114,134,144,163,180,180,190,190,190,224,224,75,75,110,110,189,189,206,206,223,146,165,165,199,217,217,217,248,248,248,258,258,335,335,355,355,372,372,225,225,242,272,298,298,298,298,127,127,127,127],"floor_reached":51,"campfire_rested":3,"playtime":4080,"current_hp_per_floor":[59,57,57,56,55,55,51,51,51,42,42,42,76,64,64,22,63,63,63,47,47,44,44,26,1,1,23,14,14,36,41,41,39,67,64,64,59,54,54,54,45,49,49,49,49,49,49,49,71,27],"items_purged":["Strike_G"],"gold":127,"score":1144,"play_id":"e2baf0dc-3344-4891-8c07-eb22cdb68cac","local_time":"20180422205906","is_prod":false,"is_daily":false,"chose_seed":false,"is_ascension_mode":true,"campfire_upgraded":9,"timestamp":1524423546,"path_taken":["M","M","?","M","M","R","M","R","T","E","R","$","?","E","R","BOSS","M","?","M","?","M","R","E","M","T","R","E","?","R","M","R","BOSS","M","?","M","?","$","R","?","E","T","R","?","R","$","?","R","BOSS"],"build_version":"2018-04-19","seed_source_timestamp":40225962315074,"purchased_purges":2,"victory":true,"master_deck":["Defend_G","Defend_G","Defend_G","Defend_G+1","Defend_G","Survivor+1","Neutralize+1","AscendersBane","Dash","Footwork+1","Endless Agony","Footwork+1","Skewer+1","Well Laid Plans","Envenom+1","Adrenaline+1","Dagger Spray+1","Quick Slash+1","Infinite Blades","Sucker Punch+1","J.A.X.","Cloak And Dagger+1","Leg Sweep","Dodge and Roll","Envenom+1","Jack Of All Trades","Mind Blast","Noxious Fumes+1","Catalyst+1","Regret","Dodge and Roll","Riddle With Holes"],"max_hp_per_floor":[66,66,66,66,66,66,66,66,66,66,66,66,76,76,76,76,76,76,76,76,76,76,76,76,76,76,76,76,76,76,76,76,76,76,76,76,76,76,76,76,76,76,76,76,76,76,76,76,76,76],"relics":["Ring of the Snake","Bag of Preparation","Bottled Flame","Matryoshka","Dream Catcher","Astrolabe","Thread and Needle","War Paint","Du-Vu Doll","Meat on the Bone","Cursed Key","Pen Nib","Torii","Mercury Hourglass","Bag of Marbles","Vajra"],"card_choices":[{"not_picked":["Caltrops","Sucker Punch"],"picked":"Dash","floor":1},{"not_picked":["Poisoned Stab","Dagger Throw"],"picked":"Footwork","floor":2},{"not_picked":["Dagger Spray","Predator"],"picked":"Endless Agony","floor":3},{"not_picked":["All Out Attack","Bane"],"picked":"Slice","floor":4},{"not_picked":["Acrobatics","Endless Agony"],"picked":"Unload","floor":5},{"not_picked":["Sucker Punch","Slice"],"picked":"Footwork","floor":7},{"not_picked":["Caltrops","Setup"],"picked":"Skewer","floor":10},{"not_picked":["Unload","Doppelganger"],"picked":"Envenom","floor":16},{"not_picked":["Accuracy","Slice"],"picked":"Infinite Blades","floor":18},{"not_picked":["Bane","Prepared"],"picked":"Sucker Punch","floor":20},{"not_picked":["Flechettes","Skewer"],"picked":"Cloak And Dagger","floor":28},{"not_picked":["Bouncing Flask","Poisoned Stab"],"picked":"Leg Sweep","floor":30},{"not_picked":["Flying Knee","Terror"],"picked":"Dodge and Roll","floor":31},{"not_picked":["Venomology","Tools of the Trade"],"picked":"Envenom","floor":33},{"not_picked":["Master of Strategy","Dark Shackles"],"picked":"Jack Of All Trades","floor":38},{"not_picked":["Secret Weapon","Jack Of All Trades"],"picked":"Mind Blast","floor":38},{"not_picked":["Cloak And Dagger","Leg Sweep"],"picked":"Noxious Fumes","floor":41},{"not_picked":["Infinite Blades","Prepared"],"picked":"Catalyst","floor":42},{"not_picked":["Sucker Punch","Masterful Stab"],"picked":"Riddle With Holes","floor":49}],"player_experience":409126,"potions_floor_usage":[10,10,16,24,25,28,42,50],"damage_taken":[{"damage":0,"enemies":"Cultist","floor":1,"turns":4},{"damage":2,"enemies":"2 Louse","floor":2,"turns":4},{"damage":0,"enemies":"Jaw Worm","floor":3,"turns":6},{"damage":1,"enemies":"Large Slime","floor":4,"turns":11},{"damage":1,"enemies":"Looter","floor":5,"turns":3},{"damage":4,"enemies":"2 Fungi Beasts","floor":7,"turns":3},{"damage":9,"enemies":"Lagavulin","floor":10,"turns":8},{"damage":12,"enemies":"Gremlin Nob","floor":14,"turns":5},{"damage":42,"enemies":"Slime Boss","floor":16,"turns":15},{"damage":0,"enemies":"Shell Parasite","floor":18,"turns":6},{"damage":16,"enemies":"Chosen","floor":20,"turns":6},{"damage":3,"enemies":"Centurion and Healer","floor":22,"turns":5},{"damage":18,"enemies":"Slavers","floor":24,"turns":6},{"damage":37,"enemies":"Slaver and Parasite","floor":25,"turns":8},{"damage":9,"enemies":"Book of Stabbing","floor":28,"turns":5},{"damage":7,"enemies":"Cultist and Chosen","floor":31,"turns":7},{"damage":14,"enemies":"Automaton","floor":33,"turns":11},{"damage":3,"enemies":"Orb Walker","floor":35,"turns":5},{"damage":5,"enemies":"3 Shapes","floor":37,"turns":8},{"damage":21,"enemies":"3 Darklings","floor":41,"turns":5},{"damage":8,"enemies":"Giant Head","floor":42,"turns":8},{"damage":56,"enemies":"Time Eater","floor":50,"turns":11}],"event_choices":[{"event_name":"Bonfire Elementals","player_choice":"RARE","floor":13,"damage_taken":0},{"event_name":"Vampires","player_choice":"Ignored","floor":19,"damage_taken":0},{"event_name":"Drug Dealer","player_choice":"Got JAXXED","floor":21,"damage_taken":0},{"event_name":"Ghosts","player_choice":"Ignored","floor":29,"damage_taken":0},{"event_name":"SensoryStone","player_choice":"Memory 2","floor":38,"damage_taken":0},{"event_name":"Purifier","player_choice":"One Purge","floor":45,"damage_taken":0}],"boss_relics":[{"not_picked":["Lizard Tail","Tiny House"],"picked":"Astrolabe"},{"not_picked":["Velvet Choker","Eternal Feather"],"picked":"Cursed Key"}],"potions_floor_spawned":[1,7,14,16,22,24,25,35,41,42],"seed_played":"-3995805252319569868","ascension_level":14,"is_trial":false}