{"gold_per_floor":[117,67,80,100,10,45,45,63,110,140,150,150],"floor_reached":12,"playtime":978,"items_purged":[],"score":90,"play_id":"3e7d4283-85b1-4e56-82af-98d5cb3c3914","local_time":"20180712230441","is_ascension_mode":false,"campfire_choices":[{"data":"Searing Blow","floor":7,"key":"SMITH"}],"neow_cost":"","seed_source_timestamp":12455398048997,"circlet_count":0,"master_deck":["Strike_R","Strike_R","Strike_R","Strike_R","Defend_R","Defend_R","Defend_R","Defend_R","Bash","Dropkick","Searing Blow+1"],"relics":["Burning Blood","Dodecahedron","Happy Flower","Pen Nib"],"potions_floor_usage":[6,6,6],"damage_taken":[{"damage":2,"enemies":"2 Louse","floor":1,"turns":4},{"damage":1,"enemies":"Cultist","floor":3,"turns":4},{"damage":0,"enemies":"Small Slimes","floor":4,"turns":3},{"damage":26,"enemies":"Lagavulin","floor":6,"turns":9},{"damage":9,"enemies":"3 Louse","floor":8,"turns":5},{"damage":28,"enemies":"3 Sentries","floor":10,"turns":10},{"damage":20,"enemies":"Exordium Thugs","floor":11,"turns":6},{"damage":34,"enemies":"Lagavulin","floor":12,"turns":6}],"seed_played":"-9014012011637667875","potions_obtained":[{"floor":1,"key":"Dexterity Potion"},{"floor":4,"key":"Poison Potion"}],"is_trial":false,"path_per_floor":["M","?","M","M","$","E","R","M","T","E","M"],"character_chosen":"IRONCLAD","items_purchased":["Searing Blow","Fire Potion"],"campfire_rested":0,"item_purchase_floors":[5,5],"current_hp_per_floor":[80,80,80,80,80,60,60,57,57,35,21,0],"gold":150,"neow_bonus":"","is_prod":false,"is_daily":false,"chose_seed":false,"campfire_upgraded":1,"win_rate":0,"timestamp":1531425881,"path_taken":["M","?","M","M","?","E","R","M","T","E","?","E"],"build_version":"2018-07-05","purchased_purges":0,"victory":false,"max_hp_per_floor":[80,80,80,80,80,80,80,80,80,80,80,80],"card_choices":[{"not_picked":["Warcry","Shrug It Off"],"picked":"Dropkick","floor":1},{"not_picked":["Rupture","Feel No Pain","True Grit"],"picked":"SKIP","floor":3},{"not_picked":["Clothesline","Thunderclap","Power Through"],"picked":"SKIP","floor":4},{"not_picked":["Iron Wave","Pommel Strike","Carnage"],"picked":"SKIP","floor":6},{"not_picked":["Carnage","Twin Strike","Wild Strike"],"picked":"SKIP","floor":8},{"not_picked":["Metallicize","Pummel","Reaper"],"picked":"SKIP","floor":10},{"not_picked":["Thunderclap","Fire Breathing","Sword Boomerang"],"picked":"SKIP","floor":11}],"player_experience":85020,"relics_obtained":[{"floor":6,"key":"Dodecahedron"},{"floor":9,"key":"Happy Flower"},{"floor":10,"key":"Pen Nib"}],"event_choices":[{"event_name":"The Cleric","player_choice":"Card Removal","floor":2,"damage_taken":0}],"boss_relics":[],"items_purged_floors":[],"is_endless":false,"potions_floor_spawned":[1,4],"killed_by":"Lagavulin","ascension_level":0}