{"gold_per_floor":[115,125,54,54,72,106,123,154,154,10,10,0,19,46,46,143,143,162,173,173,4,4],"floor_reached":22,"playtime":2141,"items_purged":["Defend_B"],"score":224,"play_id":"7af6aabd-74d0-423d-ae60-ae485baf6947","local_time":"20190208193450","is_ascension_mode":true,"campfire_choices":[{"floor":11,"key":"REST"},{"data":"Dualcast","floor":15,"key":"SMITH"}],"neow_cost":"NONE","seed_source_timestamp":428555397971248,"circlet_count":0,"master_deck":["Strike_B","Strike_B","Strike_B","Strike_B","Defend_B","Defend_B","Defend_B","Zap","Dualcast+1","Fission","Coolheaded","Rebound+1","Meteor Strike","Chill","Glacier","Skim","Blizzard+1","Hologram","Conserve Battery","Seek","Cold Snap","Coolheaded","Leap","Reinforced Body+1","Panacea"],"relics":["Cracked Core","Blood Vial","Potion Belt","Prayer Wheel","Cables","Whetstone","Turnip","Philosopher\u0027s Stone"],"potions_floor_usage":[8,16],"damage_taken":[{"damage":2,"enemies":"Jaw Worm","floor":1,"turns":3},{"damage":0,"enemies":"Cultist","floor":2,"turns":3},{"damage":13,"enemies":"2 Louse","floor":5,"turns":3},{"damage":18,"enemies":"3 Sentries","floor":6,"turns":10},{"damage":8,"enemies":"Blue Slaver","floor":7,"turns":5},{"damage":6,"enemies":"Lagavulin","floor":8,"turns":7},{"damage":0,"enemies":"Looter","floor":13,"turns":2},{"damage":5,"enemies":"3 Sentries","floor":14,"turns":5},{"damage":31,"enemies":"Hexaghost","floor":16,"turns":15},{"damage":34,"enemies":"3 Byrds","floor":18,"turns":5},{"damage":24,"enemies":"2 Thieves","floor":19,"turns":4},{"damage":94,"enemies":"Cultist and Chosen","floor":22,"turns":8}],"seed_played":"6780674158479637101","potions_obtained":[{"floor":6,"key":"SneckoOil"},{"floor":7,"key":"Regen Potion"},{"floor":13,"key":"Regen Potion"},{"floor":14,"key":"PowerPotion"}],"is_trial":false,"path_per_floor":["M","M","$","?","M","E","M","E","T","$","R","?","M","E","R","B",null,"M","M","?","$","M"],"character_chosen":"DEFECT","items_purchased":["Meteor Strike","Whetstone","Panacea"],"campfire_rested":1,"item_purchase_floors":[3,10,21],"current_hp_per_floor":[73,73,73,61,50,34,28,24,24,24,46,46,48,45,45,16,75,41,19,85,85,0],"gold":4,"neow_bonus":"ONE_RANDOM_RARE_CARD","is_prod":false,"is_daily":false,"chose_seed":false,"campfire_upgraded":1,"win_rate":0,"timestamp":1549650890,"path_taken":["M","M","$","?","M","E","M","E","T","?","R","?","M","E","R","BOSS","M","M","?","$","?"],"build_version":"2019-01-23","purchased_purges":1,"victory":false,"max_hp_per_floor":[75,75,75,75,75,75,75,75,75,75,75,75,75,75,75,75,75,75,75,85,85,85],"card_choices":[{"not_picked":["Steam","Streamline"],"picked":"Coolheaded","floor":1},{"not_picked":["Force Field","Sweeping Beam"],"picked":"Rebound","floor":2},{"not_picked":["Heatsinks","Streamline"],"picked":"Chill","floor":5},{"not_picked":["Scrape","Beam Cell"],"picked":"Glacier","floor":6},{"not_picked":["Glacier","Compile Driver"],"picked":"Skim","floor":7},{"not_picked":["Double Energy","Redo"],"picked":"Blizzard","floor":8},{"not_picked":["Auto Shields","Sweeping Beam"],"picked":"Hologram","floor":13},{"not_picked":["Multi-Cast","Beam Cell"],"picked":"Conserve Battery","floor":13},{"not_picked":["Double Energy","Darkness"],"picked":"Seek","floor":14},{"not_picked":["All For One","Thunder Strike"],"picked":"Biased Cognition","floor":16},{"not_picked":["Melter","Stack+1"],"picked":"Cold Snap","floor":18},{"not_picked":["Melter","Hologram"],"picked":"Coolheaded","floor":18},{"not_picked":["Echo Form","Fusion"],"picked":"Leap","floor":19},{"not_picked":["Redo","Ball Lightning"],"picked":"Reinforced Body+1","floor":19}],"player_experience":232702,"relics_obtained":[{"floor":6,"key":"Potion Belt"},{"floor":8,"key":"Prayer Wheel"},{"floor":9,"key":"Cables"},{"floor":14,"key":"Turnip"}],"event_choices":[{"damage_healed":0,"gold_gain":0,"player_choice":"Success","damage_taken":12,"relics_obtained":["Blood Vial"],"max_hp_gain":0,"max_hp_loss":0,"event_name":"Scrap Ooze","floor":4,"gold_loss":0},{"damage_healed":0,"gold_gain":0,"player_choice":"Left Gold","damage_taken":0,"max_hp_gain":0,"max_hp_loss":0,"event_name":"World of Goop","floor":12,"gold_loss":10},{"cards_removed":["Biased Cognition"],"damage_healed":56,"gold_gain":0,"player_choice":"Offered Rare","damage_taken":0,"max_hp_gain":10,"max_hp_loss":0,"event_name":"Bonfire Elementals","floor":20,"gold_loss":0}],"is_beta":false,"boss_relics":[{"not_picked":["Snecko Eye","Lizard Tail"],"picked":"Philosopher\u0027s Stone"}],"items_purged_floors":[21],"is_endless":false,"potions_floor_spawned":[6,7,13,14],"killed_by":"Cultist and Chosen","ascension_level":2}