{"gold_per_floor":[14,26,43,43,43,43,86,109,109,109,127,127,140,24,24,150,150,168,182,182,200,223,223,259,259,286,306,319,319],"floor_reached":29,"playtime":1801,"items_purged":["Strike_G"],"score":324,"play_id":"4ac14b91-71f0-4bf3-a84c-398ec0d9a3b8","local_time":"20181102234456","is_ascension_mode":true,"campfire_choices":[{"data":"Cloak And Dagger","floor":6,"key":"SMITH"},{"floor":12,"key":"REST"},{"data":"A Thousand Cuts","floor":15,"key":"SMITH"},{"floor":23,"key":"REST"}],"neow_cost":"NO_GOLD","seed_source_timestamp":1250461637333070,"circlet_count":0,"master_deck":["Defend_G","Defend_G","Defend_G","Defend_G","Defend_G","Strike_G","Strike_G","Strike_G","Survivor","Neutralize","Cloak And Dagger+1","Escape Plan","Dagger Spray","Dash","Dagger Throw","Dodge and Roll","Dodge and Roll","A Thousand Cuts+1","Corpse Explosion","Blade Dance","Backflip","Noxious Fumes","Cloak And Dagger","Dash","Sucker Punch","Infinite Blades"],"relics":["Ring of the Snake","Tough Bandages","Golden Idol","Lantern","The Courier","Fusion Hammer","Enchiridion","Pear","Strawberry"],"potions_floor_usage":[24,24,24,29,29],"damage_taken":[{"damage":7,"enemies":"Small Slimes","floor":1,"turns":4},{"damage":4,"enemies":"2 Louse","floor":2,"turns":3},{"damage":0,"enemies":"Jaw Worm","floor":3,"turns":5},{"damage":25,"enemies":"Gremlin Nob","floor":7,"turns":5},{"damage":0,"enemies":"Exordium Thugs","floor":8,"turns":5},{"damage":0,"enemies":"2 Fungi Beasts","floor":11,"turns":3},{"damage":0,"enemies":"Gremlin Gang","floor":13,"turns":2},{"damage":24,"enemies":"The Guardian","floor":16,"turns":16},{"damage":22,"enemies":"Spheric Guardian","floor":18,"turns":6},{"damage":4,"enemies":"3 Byrds","floor":19,"turns":3},{"damage":11,"enemies":"Snake Plant","floor":21,"turns":5},{"damage":4,"enemies":"Snecko","floor":22,"turns":5},{"damage":13,"enemies":"Book of Stabbing","floor":24,"turns":5},{"damage":16,"enemies":"Sentry and Sphere","floor":27,"turns":5},{"damage":14,"enemies":"Centurion and Healer","floor":28,"turns":5},{"damage":11,"enemies":"Snake Plant","floor":29,"turns":2}],"seed_played":"-7817284840924252513","potions_obtained":[{"floor":2,"key":"Dexterity Potion"},{"floor":3,"key":"Ancient Potion"},{"floor":7,"key":"GamblersBrew"},{"floor":11,"key":"SteroidPotion"},{"floor":13,"key":"LiquidBronze"},{"floor":19,"key":"Block Potion"},{"floor":24,"key":"LiquidBronze"},{"floor":27,"key":"Swift Potion"},{"floor":28,"key":"Explosive Potion"}],"is_trial":false,"path_per_floor":["M","M","M","?","?","R","E","M","T","?","M","R","M","$","R","B",null,"M","M","?","M","M","R","E","?","T","M","M","M"],"character_chosen":"THE_SILENT","items_purchased":["A Thousand Cuts"],"campfire_rested":2,"item_purchase_floors":[14],"current_hp_per_floor":[63,59,59,59,42,42,17,17,17,17,17,38,38,38,38,14,70,48,44,28,17,13,34,31,31,38,22,8,0],"gold":319,"neow_bonus":"ONE_RARE_RELIC","is_prod":false,"is_daily":false,"chose_seed":false,"campfire_upgraded":2,"win_rate":0,"timestamp":1541220296,"path_taken":["M","M","M","?","?","R","E","M","T","?","M","R","M","?","R","BOSS","M","M","?","M","M","R","E","?","T","M","M","?"],"build_version":"2018-11-01","purchased_purges":1,"victory":false,"max_hp_per_floor":[70,70,70,70,70,70,70,70,70,70,70,70,70,70,70,70,70,70,70,70,70,70,70,80,80,87,87,87,87],"card_choices":[{"not_picked":["Acrobatics","Heel Hook"],"picked":"Cloak And Dagger","floor":1},{"not_picked":["Distraction","All Out Attack"],"picked":"Escape Plan","floor":2},{"not_picked":["Skewer","Blur"],"picked":"Dagger Spray","floor":3},{"not_picked":["Terror","Deflect"],"picked":"Dash","floor":7},{"not_picked":["Skewer","PiercingWail"],"picked":"Dagger Throw","floor":8},{"not_picked":["Expertise","Deflect"],"picked":"Dodge and Roll","floor":11},{"not_picked":["Deadly Poison","Slice"],"picked":"Dodge and Roll","floor":13},{"not_picked":["Envenom","Venomology"],"picked":"Corpse Explosion","floor":16},{"not_picked":["Poisoned Stab","Outmaneuver+1"],"picked":"Blade Dance","floor":18},{"not_picked":["Slice","Dodge and Roll"],"picked":"Backflip","floor":19},{"not_picked":["Tactician+1","Leg Sweep"],"picked":"Noxious Fumes","floor":21},{"not_picked":["Dagger Spray","Deflect+1"],"picked":"Cloak And Dagger","floor":22},{"not_picked":["Acrobatics","Envenom"],"picked":"Dash","floor":24},{"not_picked":["Bane+1","Finisher"],"picked":"Infinite Blades","floor":27},{"not_picked":["Acrobatics","Deadly Poison","Poisoned Stab"],"picked":"SKIP","floor":28}],"player_experience":162447,"relics_obtained":[{"floor":7,"key":"Lantern"},{"floor":9,"key":"The Courier"},{"floor":20,"key":"Enchiridion"},{"floor":24,"key":"Pear"},{"floor":26,"key":"Strawberry"}],"event_choices":[{"damage_healed":0,"gold_gain":0,"player_choice":"Leave","damage_taken":0,"max_hp_gain":0,"max_hp_loss":0,"event_name":"The Cleric","floor":4,"gold_loss":0},{"damage_healed":0,"gold_gain":0,"player_choice":"Take Damage","damage_taken":17,"relics_obtained":["Golden Idol"],"max_hp_gain":0,"max_hp_loss":0,"event_name":"Golden Idol","floor":5,"gold_loss":0},{"damage_healed":0,"gold_gain":0,"player_choice":"Ignored","damage_taken":0,"max_hp_gain":0,"max_hp_loss":0,"event_name":"Liars Game","floor":10,"gold_loss":0},{"damage_healed":0,"gold_gain":0,"player_choice":"Obtained Book","damage_taken":16,"max_hp_gain":0,"max_hp_loss":0,"event_name":"Cursed Tome","floor":20,"gold_loss":0},{"damage_healed":0,"gold_gain":0,"cards_transformed":["Strike_G"],"player_choice":"Transformed","damage_taken":0,"max_hp_gain":0,"max_hp_loss":0,"event_name":"Transmorgrifier","floor":25,"gold_loss":0,"cards_obtained":["Sucker Punch"]}],"is_beta":false,"boss_relics":[{"not_picked":["Empty Cage","Snecko Eye"],"picked":"Fusion Hammer"}],"items_purged_floors":[14],"is_endless":false,"potions_floor_spawned":[2,3,7,11,13,19,24,27,28],"killed_by":"Snake Plant","ascension_level":4}