{"path_per_floor":["M","M","?","M","?","R","E","$","T","R","?","R","?","M","R","B",null,"M","?","M","$","M","E","R","E","T","M","R","M","R","?","R","B",null,"M","M","$","M","M","E","R","E","T","R","?","?","$","M","R","B"],"character_chosen":"THE_SILENT","items_purchased":["Noxious Fumes","Ornamental Fan","Happy Flower","Bronze Scales"],"gold_per_floor":[118,129,129,142,142,142,173,30,30,30,30,30,56,67,67,172,172,190,190,208,108,125,160,160,194,220,236,236,250,250,250,250,353,353,372,386,11,31,47,72,72,98,398,398,447,447,5,23,23,23],"floor_reached":51,"campfire_rested":2,"playtime":3794,"current_hp_per_floor":[68,63,68,65,65,65,56,56,56,56,75,75,62,51,51,55,75,51,51,51,51,39,15,45,13,13,11,56,56,66,66,75,67,75,75,75,75,75,75,43,53,53,53,65,62,52,52,52,64,10],"items_purged":["Strike_G","Strike_G","Strike_G","Strike_G"],"gold":23,"score":793,"play_id":"d130c62b-d20e-4784-8d48-feede3654c52","local_time":"20180414110249","is_prod":false,"is_daily":false,"chose_seed":false,"is_ascension_mode":false,"campfire_upgraded":6,"timestamp":1523696569,"path_taken":["M","M","?","M","?","R","E","$","T","R","?","R","?","M","R","BOSS","M","?","M","?","M","E","R","E","T","M","R","?","R","?","R","BOSS","M","M","$","M","M","E","R","E","T","R","?","?","$","M","R","BOSS"],"build_version":"2018-04-12","seed_source_timestamp":181474142287525,"purchased_purges":4,"victory":true,"master_deck":["Defend_G","Defend_G","Defend_G","Defend_G","Defend_G","Strike_G","Survivor","Neutralize","Cloak And Dagger+1","Poisoned Stab","Dagger Throw","Noxious Fumes+1","Cloak And Dagger+1","Slice","Storm of Steel+1","Catalyst+1","Cloak And Dagger+1","Outmaneuver+1","Endless Agony+1","Footwork","Slice","Outmaneuver+1","Die Die Die","Catalyst+1","Acrobatics+1","Cloak And Dagger+1","After Image+1","Well Laid Plans+1","Backflip","Sadistic Nature","Thinking Ahead","Apotheosis+1","Backflip+1"],"max_hp_per_floor":[70,70,75,75,75,75,75,75,75,75,75,75,75,75,75,75,75,75,75,75,75,75,75,75,75,75,75,75,75,75,75,75,75,75,75,75,75,75,75,75,75,75,75,75,75,75,75,75,75,75],"relics":["Ring of the Snake","Sundial","Dead Branch","Girya","Odd Mushroom","Eternal Feather","Unceasing Top","Regal Pillow","Prayer Wheel","Philosopher\u0027s Stone","Ornamental Fan","Ginger","Snake Skull","Old Coin","The Specimen","Happy Flower","Bronze Scales"],"card_choices":[{"not_picked":["Backflip","Quick Slash"],"picked":"Cloak And Dagger","floor":1},{"not_picked":["Sucker Punch","Outmaneuver"],"picked":"Poisoned Stab","floor":2},{"not_picked":["Dash","Leg Sweep"],"picked":"Dagger Throw","floor":4},{"not_picked":["Prepared","Glass Knife"],"picked":"Distraction","floor":7},{"not_picked":["PiercingWail","Terror"],"picked":"Cloak And Dagger","floor":13},{"not_picked":["Masterful Stab","Underhanded Strike"],"picked":"Slice","floor":14},{"not_picked":["Tools of the Trade","Phantasmal Killer"],"picked":"Storm of Steel","floor":16},{"not_picked":["Poisoned Stab","Flying Knee"],"picked":"Catalyst","floor":18},{"not_picked":["Dash","Bane"],"picked":"Outmaneuver","floor":20},{"not_picked":["Distraction","Footwork"],"picked":"Endless Agony","floor":22},{"not_picked":["Masterful Stab","Sucker Punch"],"picked":"Footwork","floor":23},{"not_picked":["Flying Knee","Cloak And Dagger"],"picked":"Slice","floor":25},{"not_picked":["Deadly Poison","Crippling Poison"],"picked":"Outmaneuver","floor":27},{"not_picked":["Dash","Quick Slash"],"picked":"Die Die Die","floor":29},{"not_picked":["Outmaneuver","Bane"],"picked":"Catalyst","floor":35},{"not_picked":["Cloak And Dagger","Riddle With Holes"],"picked":"Acrobatics","floor":36},{"not_picked":["Quick Slash","Endless Agony"],"picked":"Cloak And Dagger","floor":38},{"not_picked":["Skewer","Riddle With Holes"],"picked":"After Image","floor":39},{"not_picked":["Skewer","Footwork"],"picked":"Well Laid Plans","floor":40},{"not_picked":["Finisher","Dagger Throw"],"picked":"Backflip","floor":42},{"not_picked":["Dark Shackles","Trip"],"picked":"Sadistic Nature","floor":46},{"not_picked":["Bandage Up","Sadistic Nature"],"picked":"Thinking Ahead","floor":46},{"not_picked":["Purity","Mind Blast"],"picked":"Apotheosis","floor":46},{"not_picked":["Dagger Spray","Noxious Fumes"],"picked":"Backflip","floor":48}],"player_experience":259493,"potions_floor_usage":[7,16,16,23,25,25,33,36,36,50,50,50],"damage_taken":[{"damage":2,"enemies":"Small Slimes","floor":1,"turns":3},{"damage":5,"enemies":"2 Louse","floor":2,"turns":3},{"damage":3,"enemies":"Cultist","floor":4,"turns":4},{"damage":9,"enemies":"3 Sentries","floor":7,"turns":9},{"damage":13,"enemies":"The Mushroom Lair","floor":13,"turns":3},{"damage":11,"enemies":"Looter","floor":14,"turns":3},{"damage":8,"enemies":"Hexaghost","floor":16,"turns":6},{"damage":24,"enemies":"2 Thieves","floor":18,"turns":4},{"damage":0,"enemies":"3 Byrds","floor":20,"turns":5},{"damage":12,"enemies":"Snecko","floor":22,"turns":6},{"damage":24,"enemies":"Book of Stabbing","floor":23,"turns":6},{"damage":32,"enemies":"Gremlin Leader","floor":25,"turns":6},{"damage":2,"enemies":"Sentry and Sphere","floor":27,"turns":3},{"damage":0,"enemies":"Centurion and Healer","floor":29,"turns":2},{"damage":8,"enemies":"Collector","floor":33,"turns":8},{"damage":0,"enemies":"3 Shapes","floor":35,"turns":4},{"damage":0,"enemies":"3 Darklings","floor":36,"turns":4},{"damage":0,"enemies":"Sphere and 2 Shapes","floor":38,"turns":3},{"damage":0,"enemies":"4 Shapes","floor":39,"turns":4},{"damage":32,"enemies":"2 Orb Walkers","floor":40,"turns":4},{"damage":0,"enemies":"Giant Head","floor":42,"turns":5},{"damage":3,"enemies":"Mysterious Sphere","floor":45,"turns":5},{"damage":0,"enemies":"Maw","floor":48,"turns":4},{"damage":54,"enemies":"Time Eater","floor":50,"turns":12}],"event_choices":[{"event_name":"Big Fish","player_choice":"Donut","floor":3,"damage_taken":0},{"event_name":"Fountain of Cleansing","player_choice":"Removed Curse","floor":5,"damage_taken":0},{"event_name":"Bonfire Elementals","player_choice":"UNCOMMON","floor":11,"damage_taken":0},{"event_name":"Mushrooms","player_choice":"Fought Mushrooms","floor":13,"damage_taken":0},{"event_name":"The Library","player_choice":"Read","floor":19,"damage_taken":0},{"event_name":"Accursed Blacksmith","player_choice":"Forge","floor":31,"damage_taken":0},{"event_name":"Mysterious Sphere","player_choice":"Fight","floor":45,"damage_taken":0},{"event_name":"SensoryStone","player_choice":"Memory 3","floor":46,"damage_taken":0}],"boss_relics":[{"not_picked":["Snecko Eye","Lizard Tail"],"picked":"Eternal Feather"},{"not_picked":["Velvet Choker","Black Star"],"picked":"Philosopher\u0027s Stone"}],"potions_floor_spawned":[4,14,22,25,27,29,33,35,36,42,48],"seed_played":"-9067470694687923906","ascension_level":0,"is_trial":false}