{"gold_per_floor":[110,110,120,52,1,1,12,12,12,12,12,31,31,49,49,122,122,137,137,153,164,47,47,64,64,134,134,152,178,193,193,193,193],"floor_reached":33,"playtime":1206,"items_purged":[],"score":415,"play_id":"a4940c8c-fe82-4cd0-90e9-0c4103f24ff1","local_time":"20190301180306","is_ascension_mode":true,"campfire_choices":[{"data":"Anger","floor":6,"key":"SMITH"},{"data":"Shockwave","floor":8,"key":"SMITH"},{"data":"Flame Barrier","floor":13,"key":"SMITH"},{"data":"Armaments","floor":15,"key":"SMITH"},{"data":"Searing Blow","floor":23,"key":"SMITH"},{"data":"Uppercut","floor":25,"key":"SMITH"},{"data":"Searing Blow+1","floor":27,"key":"SMITH"},{"floor":32,"key":"REST"}],"neow_cost":"NONE","seed_source_timestamp":217090120405533,"circlet_count":0,"master_deck":["AscendersBane","Strike_R","Strike_R","Defend_R+1","Defend_R","Defend_R+1","Defend_R","Bash+1","Anger+1","Armaments+1","Flame Barrier+1","Shrug It Off","Shockwave+1","Double Tap","Searing Blow+2","Spot Weakness","Seeing Red","Uppercut+1","Whirlwind","Havoc","Dropkick"],"relics":["Burning Blood","CultistMask","Bottled Flame","Singing Bowl","White Beast Statue","Darkstone Periapt","Centennial Puzzle"],"potions_floor_usage":[18,21,21,28,33],"damage_taken":[{"damage":7,"enemies":"Jaw Worm","floor":1,"turns":4},{"damage":0,"enemies":"Cultist","floor":3,"turns":2},{"damage":0,"enemies":"2 Louse","floor":7,"turns":5},{"damage":0,"enemies":"Blue Slaver","floor":12,"turns":3},{"damage":2,"enemies":"Gremlin Gang","floor":14,"turns":6},{"damage":19,"enemies":"Slime Boss","floor":16,"turns":13},{"damage":28,"enemies":"3 Byrds","floor":18,"turns":5},{"damage":17,"enemies":"Chosen","floor":20,"turns":6},{"damage":13,"enemies":"Centurion and Healer","floor":21,"turns":8},{"damage":7,"enemies":"Snake Plant","floor":24,"turns":5},{"damage":11,"enemies":"Shelled Parasite and Fungi","floor":28,"turns":8},{"damage":14,"enemies":"Centurion and Healer","floor":30,"turns":8},{"damage":63,"enemies":"Collector","floor":33,"turns":8}],"seed_played":"-5297615703439138242","potions_obtained":[{"floor":12,"key":"Swift Potion"},{"floor":16,"key":"Explosive Potion"},{"floor":18,"key":"SkillPotion"},{"floor":20,"key":"FearPotion"},{"floor":21,"key":"Weak Potion"},{"floor":24,"key":"PowerPotion"},{"floor":28,"key":"Fire Potion"}],"is_trial":false,"path_per_floor":["M","?","M","$","$","R","M","R","T","?","?","M","R","M","R","B",null,"M","?","M","M","$","R","M","R","T","R","M","T","M","?","R","B"],"character_chosen":"IRONCLAD","items_purchased":["Flame Barrier","Shrug It Off","Spot Weakness","Seeing Red"],"campfire_rested":1,"item_purchase_floors":[4,5,22,22],"current_hp_per_floor":[67,67,73,73,73,73,75,75,75,49,26,34,34,40,40,27,66,44,44,35,30,30,30,29,29,29,29,24,24,18,18,43,0],"gold":193,"neow_bonus":"UPGRADE_CARD","is_prod":false,"is_daily":false,"chose_seed":false,"campfire_upgraded":7,"win_rate":0,"timestamp":1551430986,"path_taken":["M","?","M","?","$","R","?","R","T","?","?","M","R","M","R","BOSS","M","?","M","M","$","R","?","R","T","R","M","?","M","?","R","BOSS"],"build_version":"2019-01-23","purchased_purges":0,"victory":false,"max_hp_per_floor":[75,75,75,75,75,75,75,75,75,75,75,77,77,79,79,79,79,79,79,81,83,83,83,83,83,83,83,83,83,85,85,85,85],"card_choices":[{"not_picked":["Body Slam","Heavy Blade"],"picked":"Anger","floor":1},{"not_picked":["Twin Strike","Pommel Strike"],"picked":"Armaments","floor":3},{"not_picked":["Reaper","Thunderclap"],"picked":"Shockwave","floor":7},{"not_picked":["Sword Boomerang","Pommel Strike","Entrench"],"picked":"Singing Bowl","floor":12},{"not_picked":["Second Wind","Sword Boomerang","Flex"],"picked":"Singing Bowl","floor":14},{"not_picked":["Juggernaut","Reaper"],"picked":"Double Tap","floor":16},{"not_picked":["Fire Breathing","Infernal Blade"],"picked":"Searing Blow","floor":18},{"not_picked":["Power Through","Armaments","Havoc"],"picked":"Singing Bowl","floor":20},{"not_picked":["Pommel Strike","Anger","Havoc"],"picked":"Singing Bowl","floor":21},{"not_picked":["Clash","Twin Strike"],"picked":"Uppercut","floor":24},{"not_picked":["Body Slam","Clash"],"picked":"Whirlwind","floor":28},{"not_picked":["Pommel Strike","Body Slam","Armaments+1"],"picked":"Singing Bowl","floor":30}],"player_experience":601243,"relics_obtained":[{"floor":9,"key":"Bottled Flame"},{"floor":26,"key":"Darkstone Periapt"},{"floor":29,"key":"Centennial Puzzle"}],"event_choices":[{"damage_healed":0,"gold_gain":0,"player_choice":"Trade","damage_taken":0,"relics_obtained":["CultistMask"],"max_hp_gain":0,"max_hp_loss":0,"event_name":"FaceTrader","floor":2,"gold_loss":0},{"damage_healed":0,"gold_gain":0,"player_choice":"Success","damage_taken":26,"relics_obtained":["Singing Bowl"],"max_hp_gain":0,"max_hp_loss":0,"event_name":"Scrap Ooze","floor":10,"gold_loss":0},{"damage_healed":0,"gold_gain":0,"player_choice":"Entered Light","damage_taken":23,"max_hp_gain":0,"max_hp_loss":0,"event_name":"Shining Light","floor":11,"gold_loss":0,"cards_upgraded":["Defend_R","Defend_R"]},{"cards_removed":["Strike_R"],"damage_healed":0,"gold_gain":0,"player_choice":"Purged","damage_taken":0,"max_hp_gain":0,"max_hp_loss":0,"event_name":"Purifier","floor":19,"gold_loss":0},{"damage_healed":0,"gold_gain":0,"cards_transformed":["Strike_R","Strike_R"],"player_choice":"Became Test Subject","damage_taken":0,"max_hp_gain":0,"max_hp_loss":0,"event_name":"Drug Dealer","floor":31,"gold_loss":0,"cards_obtained":["Havoc","Dropkick"]}],"is_beta":false,"boss_relics":[{"not_picked":["Orrery","Busted Crown"],"picked":"White Beast Statue"}],"items_purged_floors":[],"is_endless":false,"potions_floor_spawned":[12,16,18,20,21,24,28,30],"killed_by":"Collector","ascension_level":15}