{"gold_per_floor":[361,361,377,389,389,389,401,381,434,135,148,167,167,184,184,259,259,274,249,249,27,27,27,47,47,47,57,0,17,67,67],"floor_reached":31,"playtime":1111,"items_purged":["Decay"],"score":447,"play_id":"f0de5c00-2407-4b20-8b2d-11de1d8cbbc5","local_time":"20190216135455","is_ascension_mode":true,"campfire_choices":[{"data":"Zap","floor":6,"key":"SMITH"},{"data":"Chill","floor":13,"key":"SMITH"},{"data":"Doom and Gloom","floor":15,"key":"SMITH"},{"floor":23,"key":"REST"},{"floor":25,"key":"REST"}],"neow_cost":"PERCENT_DAMAGE","seed_source_timestamp":2088167392441866,"circlet_count":0,"master_deck":["AscendersBane","Strike_B","Strike_B","Strike_B","Strike_B","Defend_B","Defend_B","Defend_B","Zap+1","Dualcast","Leap","Self Repair","Capacitor","Doom and Gloom+1","Chill+1","FTL","Seek","Biased Cognition","Conserve Battery+1","Tempest","Tempest","Barrage"],"relics":["Cracked Core","Orichalcum","ClockworkSouvenir","Cursed Key"],"potions_floor_usage":[11,16],"damage_taken":[{"damage":7,"enemies":"Small Slimes","floor":1,"turns":3},{"damage":7,"enemies":"Cultist","floor":3,"turns":4},{"damage":0,"enemies":"2 Louse","floor":4,"turns":2},{"damage":9,"enemies":"2 Fungi Beasts","floor":7,"turns":4},{"damage":9,"enemies":"Gremlin Gang","floor":11,"turns":4},{"damage":6,"enemies":"Looter","floor":12,"turns":3},{"damage":4,"enemies":"3 Louse","floor":14,"turns":2},{"damage":52,"enemies":"Hexaghost","floor":16,"turns":10},{"damage":26,"enemies":"Shell Parasite","floor":18,"turns":5},{"damage":13,"enemies":"2 Thieves","floor":19,"turns":4},{"damage":24,"enemies":"Snake Plant","floor":24,"turns":4},{"damage":15,"enemies":"Cultist and Chosen","floor":27,"turns":5},{"damage":34,"enemies":"Shelled Parasite and Fungi","floor":29,"turns":6},{"damage":17,"enemies":"Centurion and Healer","floor":31,"turns":2}],"seed_played":"6243886742680064367","potions_obtained":[{"floor":1,"key":"LiquidBronze"},{"floor":3,"key":"PowerPotion"},{"floor":8,"key":"PowerPotion"},{"floor":11,"key":"SneckoOil"},{"floor":18,"key":"FearPotion"}],"is_trial":false,"path_per_floor":["M","?","M","M","?","R","M","?","T","$","M","M","R","M","R","B",null,"M","M","?","$","?","R","M","R","T","M","$","M","?","M"],"character_chosen":"DEFECT","items_purchased":["ClockworkSouvenir","Chill","Tempest","Dexterity Potion","Explosive Potion"],"campfire_rested":2,"item_purchase_floors":[10,10,21,21,28],"current_hp_per_floor":[39,39,32,39,62,62,60,60,60,60,58,59,59,55,55,10,56,30,24,24,24,24,45,28,49,49,41,41,14,14,0],"gold":67,"neow_bonus":"TWO_FIFTY_GOLD","is_prod":false,"is_daily":false,"chose_seed":false,"campfire_upgraded":3,"win_rate":0,"timestamp":1550292895,"path_taken":["M","?","?","M","?","R","M","?","T","$","?","M","R","M","R","BOSS","M","M","?","$","?","R","M","R","T","M","$","M","?","M"],"build_version":"2019-01-23","purchased_purges":1,"victory":false,"max_hp_per_floor":[71,71,71,71,71,71,71,71,71,71,71,71,71,71,71,71,71,71,71,71,71,71,71,71,71,71,71,71,71,71,71],"card_choices":[{"not_picked":["Steam Power","Stack"],"picked":"Leap","floor":1},{"not_picked":["Cold Snap","Gash"],"picked":"Self Repair","floor":3},{"not_picked":["Chill","Cold Snap"],"picked":"Capacitor","floor":4},{"not_picked":["Compile Driver","Barrage"],"picked":"Doom and Gloom","floor":7},{"not_picked":["Ball Lightning","Streamline"],"picked":"FTL","floor":11},{"not_picked":["Steam","Force Field","Compile Driver"],"picked":"SKIP","floor":12},{"not_picked":["Gash","Beam Cell"],"picked":"Seek","floor":14},{"not_picked":["Buffer","Echo Form"],"picked":"Biased Cognition","floor":16},{"not_picked":["Compile Driver","Force Field"],"picked":"Conserve Battery+1","floor":18},{"not_picked":["Double Energy","Go for the Eyes","Streamline"],"picked":"SKIP","floor":19},{"not_picked":["Double Energy","Amplify"],"picked":"Tempest","floor":24},{"not_picked":["Sweeping Beam","Cold Snap"],"picked":"Barrage","floor":27},{"not_picked":["Beam Cell","Barrage","Turbo"],"picked":"SKIP","floor":29}],"player_experience":549798,"relics_obtained":[{"floor":9,"key":"Orichalcum"}],"event_choices":[{"cards_removed":["Defend_B"],"damage_healed":0,"gold_gain":0,"player_choice":"Purged","damage_taken":0,"max_hp_gain":0,"max_hp_loss":0,"event_name":"Purifier","floor":2,"gold_loss":0},{"damage_healed":23,"gold_gain":0,"player_choice":"Banana","damage_taken":0,"max_hp_gain":0,"max_hp_loss":0,"event_name":"Big Fish","floor":5,"gold_loss":0},{"damage_healed":0,"gold_gain":0,"player_choice":"Bought 1 Potion","damage_taken":0,"max_hp_gain":0,"max_hp_loss":0,"event_name":"The Woman in Blue","floor":8,"gold_loss":0},{"damage_healed":0,"gold_gain":0,"player_choice":"Smashed Altar","damage_taken":0,"max_hp_gain":0,"max_hp_loss":0,"event_name":"Forgotten Altar","floor":20,"gold_loss":0,"cards_obtained":["Decay"]},{"damage_healed":0,"gold_gain":0,"player_choice":"Ignored","damage_taken":0,"max_hp_gain":0,"max_hp_loss":0,"event_name":"Ghosts","floor":22,"gold_loss":0},{"damage_healed":0,"gold_gain":50,"player_choice":"Stole From Cult","damage_taken":0,"max_hp_gain":0,"max_hp_loss":0,"event_name":"Nest","floor":30,"gold_loss":0}],"is_beta":false,"boss_relics":[{"not_picked":["Orrery","Black Star"],"picked":"Cursed Key"}],"items_purged_floors":[21],"is_endless":false,"potions_floor_spawned":[1,3,11,18,29],"killed_by":"Centurion and Healer","ascension_level":19}