{"gold_per_floor":[117,131,81,96,107,107,107,9,34,53,65,32,66,80,80,176,176,191,31,49,4,0,31,31,46,46,46,46,46],"floor_reached":29,"playtime":2747,"items_purged":["Defend_R"],"score":245,"play_id":"b48070db-b21f-45e2-a61c-f74fa045d6ae","local_time":"20190128203911","is_ascension_mode":false,"campfire_choices":[{"data":"Dramatic Entrance","floor":6,"key":"SMITH"},{"data":"Berserk","floor":15,"key":"SMITH"},{"floor":24,"key":"REST"},{"data":"Dark Embrace","floor":27,"key":"SMITH"}],"neow_cost":"NONE","seed_source_timestamp":1331008427219407,"circlet_count":0,"master_deck":["Strike_R","Strike_R","Strike_R","Strike_R","Defend_R","Defend_R","Defend_R","Bash","Dramatic Entrance+1","Reckless Charge","Headbutt","Shrug It Off+1","Feel No Pain","Armaments","Perfected Strike","Berserk+1","Bloodletting","Anger","Hemokinesis","Dark Embrace+1","Flex","Panacea","Infernal Blade","Iron Wave","True Grit","Sword Boomerang","Cleave","Necronomicurse"],"relics":["Burning Blood","Boot","Bag of Marbles","Runic Cube","Strawberry","Meat on the Bone","Necronomicon"],"potions_floor_usage":[13,16,16,18,18,23],"damage_taken":[{"damage":6,"enemies":"Jaw Worm","floor":1,"turns":3},{"damage":1,"enemies":"Cultist","floor":2,"turns":3},{"damage":0,"enemies":"2 Louse","floor":4,"turns":2},{"damage":2,"enemies":"Looter","floor":5,"turns":2},{"damage":27,"enemies":"Exordium Thugs","floor":10,"turns":6},{"damage":0,"enemies":"3 Louse","floor":11,"turns":3},{"damage":8,"enemies":"3 Sentries","floor":13,"turns":8},{"damage":0,"enemies":"2 Fungi Beasts","floor":14,"turns":3},{"damage":56,"enemies":"Hexaghost","floor":16,"turns":11},{"damage":3,"enemies":"3 Byrds","floor":18,"turns":3},{"damage":8,"enemies":"Chosen","floor":20,"turns":5},{"damage":51,"enemies":"Slavers","floor":23,"turns":6},{"damage":33,"enemies":"Snake Plant","floor":25,"turns":5},{"damage":25,"enemies":"Sentry and Sphere","floor":29,"turns":5}],"seed_played":"7595601072731779345","potions_obtained":[{"floor":1,"key":"Dexterity Potion"},{"floor":4,"key":"Dexterity Potion"},{"floor":11,"key":"Poison Potion"},{"floor":14,"key":"Explosive Potion"},{"floor":16,"key":"Fire Potion"},{"floor":20,"key":"PowerPotion"}],"is_trial":false,"path_per_floor":["M","M","?","M","M","R","?","$","T","M","M","$","E","M","R","B",null,"M","$","M","$","?","E","R","M","T","R","?","M"],"character_chosen":"IRONCLAD","items_purchased":["Armaments","Bloodletting","Panacea","Infernal Blade","True Grit"],"campfire_rested":1,"item_purchase_floors":[8,12,19,19,21],"current_hp_per_floor":[80,80,80,80,80,80,80,80,80,59,65,65,63,69,69,19,80,80,80,78,78,78,40,66,39,39,39,23,0],"gold":46,"neow_bonus":"RANDOM_COLORLESS","is_prod":false,"is_daily":false,"chose_seed":false,"campfire_upgraded":3,"win_rate":0.0,"timestamp":1548704351,"path_taken":["M","M","?","M","M","R","?","$","T","?","M","?","E","?","R","BOSS","M","$","M","?","?","E","R","M","T","R","?","M"],"build_version":"2019-01-23","purchased_purges":1,"victory":false,"max_hp_per_floor":[80,80,80,80,80,80,80,80,80,80,80,80,80,80,80,80,80,80,80,80,80,80,87,87,87,87,87,87,87],"card_choices":[{"not_picked":["Body Slam","Uppercut"],"picked":"Reckless Charge","floor":1},{"not_picked":["Body Slam","Wild Strike"],"picked":"Headbutt","floor":2},{"not_picked":["Clothesline","Battle Trance"],"picked":"Shrug It Off","floor":4},{"not_picked":["Heavy Blade","Body Slam"],"picked":"Feel No Pain","floor":5},{"not_picked":["Dropkick","Body Slam"],"picked":"Perfected Strike","floor":10},{"not_picked":["Iron Wave","Flex"],"picked":"Berserk","floor":11},{"not_picked":["Clothesline","Armaments"],"picked":"Anger","floor":13},{"not_picked":["Sever Soul","Body Slam"],"picked":"Hemokinesis","floor":14},{"not_picked":["Bludgeon","Juggernaut"],"picked":"Dark Embrace","floor":16},{"not_picked":["Thunderclap","Entrench"],"picked":"Flex","floor":18},{"not_picked":["Uppercut+1","Flex"],"picked":"Iron Wave","floor":20},{"not_picked":["Clothesline+1","Heavy Blade+1"],"picked":"Sword Boomerang","floor":23},{"not_picked":["Armaments","Uppercut"],"picked":"Cleave","floor":25}],"player_experience":66065,"relics_obtained":[{"floor":9,"key":"Boot"},{"floor":13,"key":"Bag of Marbles"},{"floor":23,"key":"Strawberry"},{"floor":26,"key":"Meat on the Bone"},{"floor":28,"key":"Necronomicon"}],"event_choices":[{"cards_removed":["Strike_R"],"damage_healed":0,"gold_gain":0,"player_choice":"Card Removal","damage_taken":0,"max_hp_gain":0,"max_hp_loss":0,"event_name":"The Cleric","floor":3,"gold_loss":50},{"damage_healed":0,"gold_gain":0,"player_choice":"Upgraded","damage_taken":0,"max_hp_gain":0,"max_hp_loss":0,"event_name":"Upgrade Shrine","floor":7,"gold_loss":0,"cards_upgraded":["Shrug It Off"]},{"damage_healed":0,"gold_gain":0,"player_choice":"Paid Fearfully","damage_taken":0,"max_hp_gain":0,"max_hp_loss":0,"event_name":"Masked Bandits","floor":22,"gold_loss":4},{"damage_healed":0,"gold_gain":0,"player_choice":"Obtained Book","damage_taken":16,"max_hp_gain":0,"max_hp_loss":0,"event_name":"Cursed Tome","floor":28,"gold_loss":0}],"is_beta":false,"boss_relics":[{"not_picked":["Ectoplasm","Cursed Key"],"picked":"Runic Cube"}],"items_purged_floors":[8],"is_endless":false,"potions_floor_spawned":[1,4,11,14,16,20],"killed_by":"Sentry and Sphere","ascension_level":0}