{"path_per_floor":["M","?","M","M","M","E","M","R","T","$","M","?","R","M","R","B",null,"M","$","?","M","$","R","M","M","T","R","T","M","E","?","R","B",null,"M","$","M","?","$","R","M","R","T","M","M","M","T","M","R","B"],"character_chosen":"IRONCLAD","items_purchased":["Secret Technique","Inflame","Headbutt","Omamori"],"gold_per_floor":[366,366,384,398,412,442,455,455,507,153,164,164,164,180,180,276,276,289,43,43,54,54,54,64,83,83,83,83,99,131,131,131,229,229,239,114,132,132,132,132,152,152,200,214,224,239,239,259,259,259],"floor_reached":51,"campfire_rested":2,"playtime":3780,"current_hp_per_floor":[72,77,77,77,74,52,53,53,53,53,59,59,59,65,65,51,84,75,75,59,58,58,58,60,66,66,66,66,48,26,56,83,31,90,92,92,86,86,86,86,85,85,85,96,65,50,50,54,84,45],"items_purged":["Strike_R","Doubt","Strike_R"],"gold":259,"play_id":"13860936-17bf-43ec-9924-9175737e8035","is_prod":false,"is_daily":false,"campfire_rituals":0,"campfire_upgraded":7,"is_hardmode":false,"path_taken":["M","?","M","M","M","E","M","R","T","$","M","?","R","M","R","BOSS","M","$","?","?","$","R","M","M","T","R","?","M","E","?","R","BOSS","M","$","?","?","$","R","M","R","T","M","M","M","?","M","R","BOSS"],"build_version":"2018-01-18-PROD4","purchased_purges":3,"victory":true,"master_deck":["Strike_R","Strike_R","Defend_R","Defend_R","Defend_R","Defend_R","Bash","Pummel","Shrug It Off","Cleave","Spot Weakness","Heavy Blade","Flame Barrier","Secret Technique","Inflame","Headbutt","Bloodletting","Offering","Doubt","Injury","Pummel","Seeing Red","Dual Wield","Reaper","Headbutt"],"max_hp_per_floor":[72,77,77,77,77,77,77,77,77,77,77,77,77,77,77,77,84,86,86,86,86,86,86,88,88,88,88,88,88,90,90,90,90,90,92,92,94,94,94,94,96,96,96,96,98,100,100,102,102,102],"relics":["Burning Blood","Blue Candle","Art of War","Calling Bell","Kunai","Strawberry","Singing Bowl","Omamori","Necronomicon","Ancient Tea Set","Ice Cream","Snecko Eye","Happy Flower","Girya"],"campfire_meditates":0,"card_choices":[{"not_picked":["Sword Boomerang","Iron Wave"],"picked":"Pummel"},{"not_picked":["Wild Strike","Twin Strike"],"picked":"Shrug It Off"},{"not_picked":["Reckless Charge","Hemokinesis"],"picked":"Cleave"},{"not_picked":["Battle Trance","Sword Boomerang"],"picked":"Spot Weakness"},{"not_picked":["Second Wind","Flex"],"picked":"Heavy Blade"},{"not_picked":["Perfected Strike","Reckless Charge"],"picked":"Flame Barrier"},{"not_picked":["Second Wind","Corruption"],"picked":"Bloodletting"},{"not_picked":["Impervious","Demon Form"],"picked":"Offering"},{"not_picked":["Wild Strike","Shrug It Off"],"picked":"Pummel"},{"not_picked":["Rage","Iron Wave"],"picked":"Seeing Red"},{"not_picked":["Sever Soul","Clash"],"picked":"Dual Wield"},{"not_picked":["Impervious","Barricade"],"picked":"Reaper"},{"not_picked":["Body Slam","Sword Boomerang"],"picked":"Headbutt"}],"player_experience":223334,"potions_floor_usage":[7,25,30,33,33,37,48,50,50],"damage_taken":[{"damage":5,"enemies":"2 Louse","floor":1,"turns":3},{"damage":0,"enemies":"Small Slimes","floor":3,"turns":3},{"damage":3,"enemies":"Jaw Worm","floor":4,"turns":6},{"damage":9,"enemies":"Looter","floor":5,"turns":4},{"damage":28,"enemies":"Lagavulin","floor":6,"turns":7},{"damage":5,"enemies":"Lots of Slimes","floor":7,"turns":3},{"damage":0,"enemies":"2 Fungi Beasts","floor":11,"turns":3},{"damage":0,"enemies":"Exordium Thugs","floor":14,"turns":4},{"damage":20,"enemies":"Slime Boss","floor":16,"turns":7},{"damage":17,"enemies":"3 Byrds","floor":18,"turns":5},{"damage":7,"enemies":"Chosen","floor":21,"turns":2},{"damage":6,"enemies":"Snecko","floor":24,"turns":4},{"damage":0,"enemies":"Snake Plant","floor":25,"turns":2},{"damage":24,"enemies":"3 Cultists","floor":29,"turns":4},{"damage":30,"enemies":"Gremlin Leader","floor":30,"turns":5},{"damage":58,"enemies":"Collector","floor":33,"turns":10},{"damage":0,"enemies":"Orb Walker","floor":35,"turns":2},{"damage":14,"enemies":"3 Shapes","floor":37,"turns":4},{"damage":22,"enemies":"3 Darklings","floor":41,"turns":5},{"damage":17,"enemies":"Sphere and 2 Shapes","floor":44,"turns":3},{"damage":46,"enemies":"4 Shapes","floor":45,"turns":5},{"damage":23,"enemies":"Maw","floor":46,"turns":6},{"damage":57,"enemies":"Sphere and 2 Shapes","floor":48,"turns":5},{"damage":94,"enemies":"Donu and Deca","floor":50,"turns":8}],"event_choices":[{"event_name":"Big Fish","player_choice":"Donut","floor":2,"damage_taken":0},{"event_name":"The Lab","player_choice":"Got Potions","floor":12,"damage_taken":0},{"event_name":"Cursed Tome","player_choice":"Obtained Book","floor":20,"damage_taken":0},{"event_name":"The Library","player_choice":"Heal","floor":31,"damage_taken":0}],"boss_relics":[{"not_picked":["Ectoplasm","Orrery"],"picked":"Calling Bell"},{"not_picked":["Astrolabe","Question Card"],"picked":"Snecko Eye"}],"potions_floor_spawned":[3,5,7,21,25,29,33,37,41,45],"seed_played":"-3701854241958844575","is_trial":false}