{"path_per_floor":["M","M","?","?","?","M","E","?","T","R","M","?","E","M","R","B",null,"M","$","M","?","$","R","M","M","T","R","$","R","E","?","R"],"character_chosen":"IRONCLAD","items_purchased":["Madness"],"gold_per_floor":[111,131,81,81,81,97,123,123,123,123,134,134,178,196,196,315,315,305,126,140,140,40,40,61,76,76,76,76,76,117,42,42],"floor_reached":33,"campfire_rested":3,"playtime":4156,"current_hp_per_floor":[68,73,73,73,57,60,30,23,23,23,22,22,14,10,49,10,80,70,70,71,71,71,71,29,15,15,54,54,54,21,21,60],"items_purged":["Strike_R","Strike_R"],"gold":42,"play_id":"84c353a9-e6eb-4167-a983-6b156a563989","is_prod":false,"is_daily":false,"campfire_rituals":0,"campfire_upgraded":3,"is_hardmode":false,"path_taken":["M","?","?","?","?","M","E","?","T","R","M","?","E","M","R","BOSS","M","$","M","?","?","R","?","M","T","R","$","R","E","?","R","BOSS"],"build_version":"2018-01-11-PROD2","purchased_purges":2,"victory":false,"master_deck":["Strike_R","Defend_R","Defend_R","Defend_R","Bash","Headbutt","True Grit","Wild Strike","Pummel","Dual Wield","Injury","Evolve","Dual Wield","Dark Embrace","Havoc","Madness","Metallicize","Flex","Armaments","Warcry","Battle Trance"],"max_hp_per_floor":[80,80,80,80,80,80,80,80,80,80,80,80,80,80,80,80,80,80,80,80,80,80,80,80,80,80,80,80,80,80,80,80],"relics":["Burning Blood","Regal Pillow","Charon\u0027s Ashes","Gambling Chip","Golden Idol","Bag of Preparation","Velvet Choker","Magic Flower","Lantern"],"campfire_meditates":0,"card_choices":[{"not_picked":["Havoc","Rupture"],"picked":"Headbutt"},{"not_picked":["Burning Pact","Perfected Strike"],"picked":"True Grit"},{"not_picked":["Clothesline","Anger"],"picked":"Wild Strike"},{"not_picked":["Body Slam","Dual Wield"],"picked":"Pummel"},{"not_picked":["Perfected Strike","Iron Wave"],"picked":"Dual Wield"},{"not_picked":["Armaments","Sentinel"],"picked":"Evolve"},{"not_picked":["Body Slam","Fiend Fire"],"picked":"Dual Wield"},{"not_picked":["Fiend Fire","Exhume"],"picked":"Dark Embrace"},{"not_picked":["Rupture","Iron Wave"],"picked":"Havoc"},{"not_picked":["Blood for Blood","Sever Soul"],"picked":"Metallicize"},{"not_picked":["Intimidate","Cleave"],"picked":"Armaments"},{"not_picked":["Heavy Blade","Searing Blow"],"picked":"Warcry"},{"not_picked":["Shrug It Off","Warcry"],"picked":"Battle Trance"}],"player_experience":66269,"potions_floor_usage":[16,16,18,33],"damage_taken":[{"damage":18,"enemies":"Blue Slaver","floor":1,"turns":6},{"damage":1,"enemies":"2 Louse","floor":2,"turns":3},{"damage":3,"enemies":"Small Slimes","floor":6,"turns":4},{"damage":36,"enemies":"Lagavulin","floor":7,"turns":5},{"damage":7,"enemies":"3 Louse","floor":11,"turns":3},{"damage":14,"enemies":"Gremlin Nob","floor":13,"turns":3},{"damage":10,"enemies":"Large Slime","floor":14,"turns":6},{"damage":45,"enemies":"Slime Boss","floor":16,"turns":10},{"damage":16,"enemies":"2 Thieves","floor":18,"turns":4},{"damage":5,"enemies":"Spheric Guardian","floor":20,"turns":3},{"damage":48,"enemies":"Centurion and Healer","floor":24,"turns":8},{"damage":20,"enemies":"Snake Plant","floor":25,"turns":4},{"damage":42,"enemies":"Book of Stabbing","floor":30,"turns":5},{"damage":68,"enemies":"Champ","floor":33,"turns":11}],"event_choices":[{"event_name":"The Cleric","player_choice":"Card Removal","floor":3,"damage_taken":0},{"event_name":"Liars Game","player_choice":"disagreed","floor":4,"damage_taken":0},{"event_name":"Shining Light","player_choice":"Entered Light","floor":5,"damage_taken":0},{"event_name":"Golden Wing","player_choice":"Card Removal","floor":8,"damage_taken":0},{"event_name":"Golden Idol","player_choice":"Take Wound","floor":12,"damage_taken":0},{"event_name":"The Library","player_choice":"Read","floor":21,"damage_taken":0},{"event_name":"Beggar","player_choice":"Gave Gold","floor":31,"damage_taken":0}],"boss_relics":[{"not_picked":["Snecko Eye","Eternal Feather"],"picked":"Velvet Choker"}],"potions_floor_spawned":[11,13,14,16,30],"seed_played":"9066953902009817693","killed_by":"Champ","is_trial":false}