{"gold_per_floor":[213,226,236,186,201,201,236,311,336,348,348,348,348,360,360,457,457,426,426,426,17,35,35,62,62,62,72,72],"floor_reached":28,"playtime":2058,"items_purged":[],"score":238,"play_id":"a9427317-b6a7-467f-bb72-7965c13781dd","local_time":"20180710212712","is_ascension_mode":false,"campfire_choices":[{"data":"Leap","floor":6,"key":"SMITH"},{"floor":13,"key":"REST"},{"data":"Redo","floor":15,"key":"SMITH"},{"data":"Echo Form","floor":23,"key":"SMITH"},{"floor":25,"key":"REST"}],"neow_cost":"NONE","seed_source_timestamp":297729524675281,"circlet_count":0,"master_deck":["Strike_B+1","Strike_B","Strike_B","Strike_B+1","Defend_B","Defend_B","Defend_B","Zap","Dualcast","Cold Snap","Leap+1","Amplify","Self Repair+1","Redo+1","Echo Form+1","Cold Snap","Blizzard","Defragment","Electrodynamics","Tempest","Rebound"],"relics":["Cracked Core","Happy Flower","Whetstone","Inserter","Nloth\u0027s Gift","Potion Belt","Strawberry","Pen Nib","Kunai"],"potions_floor_usage":[18,27,28,28],"damage_taken":[{"damage":7,"enemies":"2 Louse","floor":1,"turns":3},{"damage":0,"enemies":"Small Slimes","floor":2,"turns":3},{"damage":1,"enemies":"Jaw Worm","floor":3,"turns":3},{"damage":5,"enemies":"Looter","floor":5,"turns":3},{"damage":14,"enemies":"3 Sentries","floor":7,"turns":9},{"damage":10,"enemies":"Blue Slaver","floor":10,"turns":3},{"damage":3,"enemies":"Large Slime","floor":14,"turns":6},{"damage":34,"enemies":"Slime Boss","floor":16,"turns":8},{"damage":28,"enemies":"2 Thieves","floor":18,"turns":5},{"damage":40,"enemies":"3 Byrds","floor":22,"turns":6},{"damage":49,"enemies":"Slavers","floor":24,"turns":4},{"damage":28,"enemies":"Snake Plant","floor":27,"turns":5},{"damage":28,"enemies":"Sentry and Sphere","floor":28,"turns":3}],"seed_played":"5474512525210509163","potions_obtained":[{"floor":3,"key":"Fire Potion"},{"floor":5,"key":"Energy Potion"},{"floor":7,"key":"Block Potion"},{"floor":18,"key":"Ancient Potion"},{"floor":22,"key":"Ancient Potion"}],"is_trial":false,"path_per_floor":["M","M","M","?","M","R","E","?","T","M","?","?","R","M","R","B",null,"M","?","?","$","M","R","E","R","T","M"],"character_chosen":"DEFECT","items_purchased":["Blizzard","Defragment","Potion Belt","Strawberry"],"campfire_rested":2,"item_purchase_floors":[21,21,21,21],"current_hp_per_floor":[68,68,67,67,62,62,48,37,37,27,27,27,49,46,46,22,75,67,67,67,74,54,54,5,29,29,21,0],"gold":72,"neow_bonus":"HUNDRED_GOLD","is_prod":false,"is_daily":false,"chose_seed":false,"campfire_upgraded":3,"win_rate":0.0,"timestamp":1531247232,"path_taken":["M","M","M","?","M","R","E","?","T","M","?","?","R","M","R","BOSS","M","?","?","$","M","R","E","R","T","M","M"],"build_version":"2018-07-05","purchased_purges":0,"victory":false,"max_hp_per_floor":[75,75,75,75,75,75,75,75,75,75,75,75,75,75,75,75,75,75,75,75,82,82,82,82,82,82,82,82],"card_choices":[{"not_picked":["Steam","Aggregate","Stack"],"picked":"SKIP","floor":1},{"not_picked":["BootSequence","Chaos"],"picked":"Cold Snap","floor":2},{"not_picked":["Auto Shields","Doom and Gloom"],"picked":"Leap","floor":3},{"not_picked":["Rip and Tear","Static Discharge","Barrage"],"picked":"SKIP","floor":5},{"not_picked":["Hologram","Reprogram"],"picked":"Amplify","floor":7},{"not_picked":["Gash","Sweeping Beam"],"picked":"Self Repair","floor":10},{"not_picked":["Rebound","Stack"],"picked":"Redo","floor":14},{"not_picked":["Biased Cognition","Rainbow"],"picked":"Echo Form","floor":16},{"not_picked":["Streamline+1","Beam Cell"],"picked":"Cold Snap","floor":18},{"not_picked":["Force Field","Scrape"],"picked":"Electrodynamics","floor":22},{"not_picked":["All For One","Lockon+1"],"picked":"Tempest","floor":24},{"not_picked":["Tempest","Barrage"],"picked":"Rebound","floor":27}],"player_experience":65847,"relics_obtained":[{"floor":7,"key":"Happy Flower"},{"floor":9,"key":"Whetstone"},{"floor":24,"key":"Pen Nib"},{"floor":26,"key":"Kunai"}],"event_choices":[{"event_name":"The Cleric","player_choice":"Card Removal","floor":4,"damage_taken":0},{"event_name":"World of Goop","player_choice":"Gather Gold","floor":8,"damage_taken":0},{"event_name":"Living Wall","player_choice":"Grow","floor":11,"damage_taken":0},{"event_name":"FaceTrader","player_choice":"Trade","floor":12,"damage_taken":0},{"event_name":"Ghosts","player_choice":"Ignored","floor":19,"damage_taken":0},{"event_name":"N\u0027loth","player_choice":"Traded a NlothsMask","floor":20,"damage_taken":0}],"boss_relics":[{"not_picked":["Tiny House","Lizard Tail"],"picked":"Inserter"}],"items_purged_floors":[],"is_endless":false,"potions_floor_spawned":[3,5,7,18,22],"killed_by":"Sentry and Sphere","ascension_level":0}