{"gold_per_floor":[119,132,146,156,171,171,197,217,217,251,251,251,251,277,277,277],"floor_reached":16,"playtime":976,"items_purged":[],"score":226,"play_id":"a89a7fcb-8603-4cd7-a574-01bee6ec3821","local_time":"20190309021924","is_ascension_mode":true,"campfire_choices":[{"data":"Iron Wave","floor":6,"key":"SMITH"},{"data":"Brutality","floor":15,"key":"SMITH"}],"neow_cost":"NONE","seed_source_timestamp":440405105526518,"circlet_count":0,"master_deck":["AscendersBane","Strike_R","Strike_R","Strike_R+1","Strike_R","Defend_R","Defend_R","Defend_R","Defend_R","Bash","Rampage+1","Shockwave","Iron Wave+1","Reckless Charge","Flame Barrier","Rage","Offering","Brutality+1","Shrug It Off"],"relics":["Burning Blood","Juzu Bracelet","Bottled Flame","Whetstone","Shovel"],"potions_floor_usage":[4,7,7,7,8,10],"damage_taken":[{"damage":14,"enemies":"Jaw Worm","floor":1,"turns":4},{"damage":6,"enemies":"Cultist","floor":2,"turns":3},{"damage":4,"enemies":"Small Slimes","floor":3,"turns":4},{"damage":17,"enemies":"3 Louse","floor":4,"turns":3},{"damage":15,"enemies":"Lots of Slimes","floor":5,"turns":5},{"damage":26,"enemies":"Gremlin Nob","floor":7,"turns":4},{"damage":8,"enemies":"Exordium Thugs","floor":8,"turns":6},{"damage":13,"enemies":"3 Sentries","floor":10,"turns":12},{"damage":18,"enemies":"Lagavulin","floor":14,"turns":7},{"damage":50,"enemies":"Slime Boss","floor":16,"turns":10}],"seed_played":"-8240110834232825478","potions_obtained":[{"floor":3,"key":"SkillPotion"},{"floor":4,"key":"Swift Potion"},{"floor":5,"key":"EntropicBrew"},{"floor":7,"key":"PowerPotion"},{"floor":10,"key":"Ancient Potion"}],"is_trial":false,"path_per_floor":["M","M","M","M","M","R","E","M","T","E","?","?","?","E","R","B"],"character_chosen":"IRONCLAD","items_purchased":[],"campfire_rested":0,"item_purchase_floors":[],"current_hp_per_floor":[67,67,69,58,49,49,29,42,42,35,35,62,62,50,50,0],"gold":277,"neow_bonus":"TEN_PERCENT_HP_BONUS","is_prod":false,"is_daily":false,"chose_seed":false,"campfire_upgraded":2,"win_rate":0,"timestamp":1552115964,"path_taken":["M","M","M","M","M","R","E","M","T","E","?","?","?","E","R","BOSS"],"build_version":"2019-01-23","purchased_purges":0,"victory":false,"max_hp_per_floor":[82,82,82,82,82,82,82,82,82,82,82,82,82,82,82,82],"card_choices":[{"not_picked":["Havoc","Blood for Blood"],"picked":"Rampage","floor":1},{"not_picked":["Headbutt","Twin Strike"],"picked":"Shockwave","floor":2},{"not_picked":["Shockwave","Spot Weakness"],"picked":"Iron Wave","floor":3},{"not_picked":["Ghostly Armor","Heavy Blade"],"picked":"Reckless Charge","floor":4},{"not_picked":["Pommel Strike","Rupture"],"picked":"Flame Barrier","floor":5},{"not_picked":["Sword Boomerang","Body Slam"],"picked":"Rage","floor":7},{"not_picked":["Perfected Strike","Evolve"],"picked":"Offering","floor":8},{"not_picked":["Heavy Blade","Sword Boomerang"],"picked":"Brutality","floor":10},{"not_picked":["Rampage","Ghostly Armor"],"picked":"Shrug It Off","floor":14}],"player_experience":892662,"relics_obtained":[{"floor":7,"key":"Juzu Bracelet"},{"floor":9,"key":"Bottled Flame"},{"floor":10,"key":"Whetstone"},{"floor":14,"key":"Shovel"}],"event_choices":[{"cards_removed":["Strike_R"],"damage_healed":0,"gold_gain":0,"player_choice":"Purged","damage_taken":0,"max_hp_gain":0,"max_hp_loss":0,"event_name":"Purifier","floor":11,"gold_loss":0},{"damage_healed":27,"gold_gain":0,"player_choice":"Banana","damage_taken":0,"max_hp_gain":0,"max_hp_loss":0,"event_name":"Big Fish","floor":12,"gold_loss":0},{"damage_healed":0,"gold_gain":0,"player_choice":"Searched \u00271\u0027 times","damage_taken":0,"max_hp_gain":0,"max_hp_loss":0,"event_name":"Dead Adventurer","floor":13,"gold_loss":0}],"is_beta":false,"boss_relics":[],"items_purged_floors":[],"is_endless":false,"potions_floor_spawned":[3,4,5,7,10],"killed_by":"Slime Boss","ascension_level":17}