{"gold_per_floor":[359,377,28,28,28,28,28,40,63,79,79,79,79,113,113,214,214,225,275,185],"floor_reached":20,"playtime":720,"items_purged":[],"score":272,"play_id":"83ed49e5-4678-444f-b2f1-769658b1e1b9","local_time":"20190309084617","is_ascension_mode":true,"campfire_choices":[{"data":"Hologram","floor":6,"key":"SMITH"},{"data":"Creative AI","floor":11,"key":"SMITH"},{"data":"Dualcast","floor":13,"key":"SMITH"},{"data":"Storm","floor":15,"key":"SMITH"}],"neow_cost":"PERCENT_DAMAGE","seed_source_timestamp":149317074086971,"circlet_count":0,"master_deck":["AscendersBane","Strike_B","Strike_B","Strike_B","Strike_B","Defend_B","Defend_B","Defend_B","Defend_B","Zap+1","Dualcast+1","Hologram+1","Creative AI+1","Coolheaded","Parasite","Storm+1","Seek"],"relics":["Cracked Core","Turnip","Bag of Marbles","Bird Faced Urn","White Beast Statue"],"potions_floor_usage":[10,14,14,16,16,20,20],"damage_taken":[{"damage":7,"enemies":"Jaw Worm","floor":1,"turns":3},{"damage":0,"enemies":"Small Slimes","floor":2,"turns":3},{"damage":0,"enemies":"Cultist","floor":8,"turns":3},{"damage":17,"enemies":"Exordium Thugs","floor":10,"turns":6},{"damage":8,"enemies":"Lagavulin","floor":14,"turns":7},{"damage":36,"enemies":"Slime Boss","floor":16,"turns":9},{"damage":18,"enemies":"Spheric Guardian","floor":18,"turns":4},{"damage":59,"enemies":"2 Thieves","floor":20,"turns":3}],"seed_played":"5214453393058801919","potions_obtained":[{"floor":2,"key":"EntropicBrew"},{"floor":10,"key":"Explosive Potion"},{"floor":16,"key":"SpeedPotion"},{"floor":18,"key":"Fire Potion"}],"is_trial":false,"path_per_floor":["M","M","$","?","?","R","?","M","T","M","R","?","R","E","R","B",null,"M","?","M"],"character_chosen":"DEFECT","items_purchased":["Turnip","SkillPotion"],"campfire_rested":0,"item_purchase_floors":[3,3],"current_hp_per_floor":[43,43,43,43,43,43,43,43,43,26,26,44,44,36,36,18,61,51,51,0],"gold":185,"neow_bonus":"TWO_FIFTY_GOLD","is_prod":false,"is_daily":false,"chose_seed":false,"campfire_upgraded":4,"win_rate":0,"timestamp":1552142777,"path_taken":["M","M","$","?","?","R","?","M","T","M","R","?","R","E","R","BOSS","M","?","M"],"build_version":"2019-01-23","purchased_purges":0,"victory":false,"max_hp_per_floor":[75,75,75,75,75,75,75,75,75,75,75,75,75,75,75,75,75,75,75,75],"card_choices":[{"not_picked":["Turbo","Genetic Algorithm"],"picked":"Hologram","floor":1},{"not_picked":["Gash","Barrage","Compile Driver"],"picked":"SKIP","floor":2},{"not_picked":["Lockon","Rebound"],"picked":"Creative AI","floor":8},{"not_picked":["Double Energy","Barrage"],"picked":"Coolheaded","floor":10},{"not_picked":["Recycle","Barrage"],"picked":"Storm","floor":14},{"not_picked":["Fission","Multi-Cast"],"picked":"Seek","floor":16},{"not_picked":["Go for the Eyes","Skim","Gash"],"picked":"SKIP","floor":18}],"player_experience":331162,"relics_obtained":[{"floor":9,"key":"Bag of Marbles"},{"floor":14,"key":"Bird Faced Urn"}],"event_choices":[{"damage_healed":0,"gold_gain":0,"player_choice":"Leave","damage_taken":0,"max_hp_gain":0,"max_hp_loss":0,"event_name":"The Cleric","floor":4,"gold_loss":0},{"damage_healed":0,"gold_gain":0,"player_choice":"Ignored","damage_taken":0,"max_hp_gain":0,"max_hp_loss":0,"event_name":"Golden Wing","floor":5,"gold_loss":0},{"damage_healed":0,"gold_gain":0,"player_choice":"Grow","damage_taken":0,"max_hp_gain":0,"max_hp_loss":0,"event_name":"Living Wall","floor":7,"gold_loss":0,"cards_upgraded":["Zap"]},{"damage_healed":18,"gold_gain":0,"player_choice":"Healed and dodged fight","damage_taken":0,"max_hp_gain":0,"max_hp_loss":0,"event_name":"Mushrooms","floor":12,"gold_loss":0,"cards_obtained":["Parasite"]},{"damage_healed":0,"gold_gain":100,"player_choice":"Bet on Murderer","damage_taken":0,"max_hp_gain":0,"max_hp_loss":0,"event_name":"The Joust","floor":19,"gold_loss":50}],"is_beta":false,"boss_relics":[{"not_picked":["Coffee Dripper","Runic Dome"],"picked":"White Beast Statue"}],"items_purged_floors":[],"is_endless":false,"potions_floor_spawned":[2,10,14,16,18],"killed_by":"2 Thieves","ascension_level":12}