{"gold_per_floor":[115,35,52,65,80,80,109,109,109,135,135,210,229,264,264,264],"floor_reached":16,"playtime":1759,"items_purged":[],"score":169,"play_id":"e34fea83-5cd2-4144-91d2-c4e5cd7fa5f5","local_time":"20190123125726","is_ascension_mode":true,"campfire_choices":[{"data":"True Grit","floor":6,"key":"SMITH"},{"floor":8,"key":"REST"},{"data":"Rampage","floor":11,"key":"SMITH"},{"data":"Feel No Pain","floor":15,"key":"SMITH"}],"neow_cost":"PERCENT_DAMAGE","seed_source_timestamp":31535034058574,"circlet_count":0,"master_deck":["Strike_R","Strike_R","Strike_R","Strike_R","Strike_R","Defend_R","Defend_R","Defend_R","Defend_R","Bash","Pommel Strike","Fire Breathing","Pommel Strike","True Grit+1","Whirlwind","Rampage+1","Corruption","Feel No Pain+1","Armaments"],"relics":["Burning Blood","Blue Candle","Letter Opener","Ornamental Fan","Orichalcum"],"potions_floor_usage":[7,10,10,14],"damage_taken":[{"damage":0,"enemies":"Cultist","floor":1,"turns":4},{"damage":16,"enemies":"Small Slimes","floor":3,"turns":5},{"damage":4,"enemies":"Jaw Worm","floor":4,"turns":4},{"damage":3,"enemies":"2 Fungi Beasts","floor":5,"turns":4},{"damage":24,"enemies":"Gremlin Nob","floor":7,"turns":4},{"damage":14,"enemies":"Lagavulin","floor":10,"turns":8},{"damage":13,"enemies":"3 Louse","floor":13,"turns":3},{"damage":13,"enemies":"3 Sentries","floor":14,"turns":6},{"damage":64,"enemies":"The Guardian","floor":16,"turns":12}],"seed_played":"4757467341270431881","potions_obtained":[{"floor":1,"key":"Block Potion"},{"floor":3,"key":"Poison Potion"},{"floor":7,"key":"SkillPotion"},{"floor":13,"key":"BloodPotion"}],"is_trial":false,"path_per_floor":["M","?"],"character_chosen":"IRONCLAD","items_purchased":["Fire Breathing"],"campfire_rested":1,"item_purchase_floors":[2],"current_hp_per_floor":[78,78,68,70,73,73,55,83,83,75,75,64,57,59,59,0],"gold":264,"neow_bonus":"TWENTY_PERCENT_HP_BONUS","is_prod":false,"is_daily":false,"chose_seed":false,"campfire_upgraded":3,"win_rate":0,"timestamp":1548266246,"path_taken":["M","$","?","M","M","R","E","R","T","E","R","?","M","E","R","BOSS"],"build_version":"2019-01-23","purchased_purges":0,"victory":false,"max_hp_per_floor":[96,96,96,96,96,96,96,96,96,96,96,96,96,96,96,96],"card_choices":[{"not_picked":["Inflame","Rupture"],"picked":"Pommel Strike","floor":1},{"not_picked":["Twin Strike","Perfected Strike"],"picked":"Pommel Strike","floor":3},{"not_picked":["Pommel Strike","Anger"],"picked":"True Grit","floor":4},{"not_picked":["Iron Wave","True Grit"],"picked":"Whirlwind","floor":5},{"not_picked":["Body Slam","Sword Boomerang"],"picked":"Rampage","floor":7},{"not_picked":["Perfected Strike","Reaper"],"picked":"Corruption","floor":10},{"not_picked":["Anger","Rupture"],"picked":"Feel No Pain","floor":13},{"not_picked":["Twin Strike","Heavy Blade"],"picked":"Armaments","floor":14}],"player_experience":1385524,"relics_obtained":[{"floor":7,"key":"Blue Candle"},{"floor":9,"key":"Letter Opener"},{"floor":10,"key":"Ornamental Fan"},{"floor":14,"key":"Orichalcum"}],"event_choices":[{"damage_healed":0,"gold_gain":75,"player_choice":"Gather Gold","damage_taken":11,"max_hp_gain":0,"max_hp_loss":0,"event_name":"World of Goop","floor":12,"gold_loss":0}],"is_beta":false,"boss_relics":[],"items_purged_floors":[],"is_endless":false,"potions_floor_spawned":[1,3,7,13],"killed_by":"The Guardian","ascension_level":4}