{"gold_per_floor":[119,131,145,145,145,184,184,284,284,298,337,356,375,389,389,515,515,540,553,573,573],"floor_reached":21,"playtime":3309,"items_purged":[],"score":195,"play_id":"de9946d3-ba46-4b83-b601-df34a9f24a7c","local_time":"20190118215726","is_ascension_mode":false,"campfire_choices":[{"data":"Juggernaut","floor":7,"key":"SMITH"},{"floor":15,"key":"REST"}],"neow_cost":"NONE","seed_source_timestamp":93433832911445,"circlet_count":0,"master_deck":["Strike_R","Strike_R","Strike_R","Defend_R","Defend_R","Defend_R","Bash","Whirlwind","Combust","Intimidate","Juggernaut+1","Clash","Blood for Blood","Feed","True Grit","Second Wind","Limit Break","Berserk+1","Clothesline+1","Dropkick+1","Second Wind+1","Body Slam"],"relics":["Burning Blood","Golden Idol","StoneCalendar","Charon\u0027s Ashes","Dodecahedron","Astrolabe"],"potions_floor_usage":[6,6,14,16,16],"damage_taken":[{"damage":0,"enemies":"2 Louse","floor":1,"turns":4},{"damage":10,"enemies":"Small Slimes","floor":2,"turns":2},{"damage":1,"enemies":"Cultist","floor":3,"turns":3},{"damage":27,"enemies":"3 Sentries","floor":6,"turns":5},{"damage":5,"enemies":"Looter","floor":10,"turns":3},{"damage":21,"enemies":"Lagavulin","floor":11,"turns":6},{"damage":5,"enemies":"3 Louse","floor":12,"turns":2},{"damage":9,"enemies":"2 Fungi Beasts","floor":13,"turns":2},{"damage":2,"enemies":"Large Slime","floor":14,"turns":7},{"damage":34,"enemies":"The Guardian","floor":16,"turns":8},{"damage":24,"enemies":"Spheric Guardian","floor":18,"turns":4},{"damage":10,"enemies":"Chosen","floor":19,"turns":5},{"damage":65,"enemies":"3 Cultists","floor":20,"turns":6},{"damage":13,"enemies":"Cultist and Chosen","floor":21,"turns":3}],"seed_played":"-2272660843702110846","potions_obtained":[{"floor":1,"key":"Poison Potion"},{"floor":2,"key":"Strength Potion"},{"floor":3,"key":"PowerPotion"},{"floor":10,"key":"Energy Potion"},{"floor":14,"key":"EssenceOfSteel"},{"floor":20,"key":"SteroidPotion"}],"is_trial":false,"path_per_floor":["M","M","M","?","?","E","R","?","T","M","E","M","M","M","R","B",null,"M","M","M","M"],"character_chosen":"IRONCLAD","items_purchased":[],"campfire_rested":1,"item_purchase_floors":[],"current_hp_per_floor":[88,84,88,88,66,45,45,45,45,46,31,32,29,33,59,31,88,70,69,10,0],"gold":573,"neow_bonus":"TEN_PERCENT_HP_BONUS","is_prod":false,"is_daily":false,"chose_seed":false,"campfire_upgraded":1,"win_rate":0.0,"timestamp":1547877446,"path_taken":["M","M","M","?","?","E","R","?","T","M","E","M","M","?","R","BOSS","M","M","M","M"],"build_version":"2019-01-17v2","purchased_purges":0,"victory":false,"max_hp_per_floor":[88,88,88,88,88,88,88,88,88,88,88,88,88,88,88,88,88,88,91,91,91],"card_choices":[{"not_picked":["Hemokinesis","Twin Strike"],"picked":"Whirlwind","floor":1},{"not_picked":["Clothesline","Carnage"],"picked":"Combust","floor":2},{"not_picked":["Clash","Uppercut"],"picked":"Intimidate","floor":3},{"not_picked":["Wild Strike","Thunderclap"],"picked":"Juggernaut","floor":6},{"not_picked":["Clothesline","Flex"],"picked":"Clash","floor":10},{"not_picked":["Perfected Strike","Heavy Blade"],"picked":"Blood for Blood","floor":11},{"not_picked":["Perfected Strike","Warcry"],"picked":"Feed","floor":12},{"not_picked":["Flex","Clothesline"],"picked":"True Grit","floor":13},{"not_picked":["Pummel","Clothesline"],"picked":"Second Wind","floor":14},{"not_picked":["Brutality","Bludgeon"],"picked":"Limit Break","floor":16},{"not_picked":["Thunderclap","Whirlwind","Clothesline"],"picked":"SKIP","floor":18},{"not_picked":["Pommel Strike","Flex"],"picked":"Second Wind+1","floor":19},{"not_picked":["Searing Blow+1","Flex"],"picked":"Body Slam","floor":20}],"player_experience":51123,"relics_obtained":[{"floor":6,"key":"StoneCalendar"},{"floor":9,"key":"Charon\u0027s Ashes"},{"floor":11,"key":"Dodecahedron"}],"event_choices":[{"damage_healed":0,"gold_gain":0,"player_choice":"Ignored","damage_taken":0,"max_hp_gain":0,"max_hp_loss":0,"event_name":"Liars Game","floor":4,"gold_loss":0},{"damage_healed":0,"gold_gain":0,"player_choice":"Take Damage","damage_taken":22,"relics_obtained":["Golden Idol"],"max_hp_gain":0,"max_hp_loss":0,"event_name":"Golden Idol","floor":5,"gold_loss":0},{"damage_healed":0,"gold_gain":100,"player_choice":"Gold","damage_taken":0,"max_hp_gain":0,"max_hp_loss":0,"event_name":"Wheel of Change","floor":8,"gold_loss":0}],"is_beta":false,"boss_relics":[{"not_picked":["Calling Bell","Empty Cage"],"picked":"Astrolabe"}],"items_purged_floors":[],"is_endless":false,"potions_floor_spawned":[1,2,3,10,14,20],"killed_by":"Cultist and Chosen","ascension_level":0}