{"gold_per_floor":[111,130,160,173,186,212,212,225,272,284,284,309,286,313,325,433,445,471,483,505,517,541,553,584,596,608,630,176,191,191,208,208,306,356,375,390,1,101,112,112,139,139,191,204,204,204,221,232,232,232],"floor_reached":50,"playtime":6435,"items_purged":["Strike_B"],"score":540,"play_id":"987b43b5-2d7b-4004-be02-89b041831efc","local_time":"20190201232139","is_ascension_mode":false,"campfire_choices":[{"data":"Zap","floor":7,"key":"SMITH"},{"data":"White Noise","floor":11,"key":"SMITH"},{"floor":15,"key":"REST"},{"data":"Leap","floor":23,"key":"SMITH"},{"data":"Dualcast","floor":25,"key":"SMITH"},{"data":"Rainbow","floor":30,"key":"SMITH"},{"data":"Double Energy","floor":32,"key":"SMITH"},{"data":"Creative AI","floor":40,"key":"SMITH"},{"floor":42,"key":"RECALL"},{"floor":45,"key":"REST"},{"floor":49,"key":"REST"}],"neow_cost":"NONE","seed_source_timestamp":1682681520286283,"circlet_count":0,"master_deck":["Strike_B","Strike_B","Strike_B+1","Defend_B","Defend_B","Defend_B","Defend_B","Zap+1","Dualcast+1","Amplify","Stack","Sweeping Beam","Coolheaded","Leap+1","White Noise+1","Skim","Glacier","Stack","Rainbow+1","Redo","Go for the Eyes","Double Energy+1","Self Repair","Stack+1","Flash of Steel","Thinking Ahead","Storm","Steam","Seek","Creative AI+1","Double Energy+1","Hologram","Hologram","Mayhem","Streamline+1","Auto Shields","Gash","Redo+1","Parasite","Aggregate","Thunder Strike"],"relics":["Cracked Core","Tiny Chest","Ornamental Fan","Bag of Preparation","MawBank","Eternal Feather","Enchiridion","Matryoshka","Lantern","Mercury Hourglass","Tiny House","Sling","Pocketwatch","Boot","Letter Opener"],"potions_floor_usage":[5,6,8,22,29,33,33,39,44,50,50],"damage_taken":[{"damage":1,"enemies":"Jaw Worm","floor":1,"turns":3},{"damage":0,"enemies":"Cultist","floor":2,"turns":2},{"damage":1,"enemies":"2 Louse","floor":4,"turns":3},{"damage":4,"enemies":"Exordium Wildlife","floor":5,"turns":7},{"damage":24,"enemies":"Lagavulin","floor":6,"turns":9},{"damage":10,"enemies":"Gremlin Gang","floor":8,"turns":5},{"damage":11,"enemies":"3 Louse","floor":10,"turns":3},{"damage":14,"enemies":"Gremlin Nob","floor":12,"turns":4},{"damage":0,"enemies":"Exordium Thugs","floor":14,"turns":5},{"damage":21,"enemies":"Slime Boss","floor":16,"turns":12},{"damage":22,"enemies":"3 Byrds","floor":18,"turns":3},{"damage":0,"enemies":"Chosen","floor":20,"turns":6},{"damage":22,"enemies":"Centurion and Healer","floor":22,"turns":8},{"damage":18,"enemies":"Shelled Parasite and Fungi","floor":24,"turns":7},{"damage":0,"enemies":"Snake Plant","floor":27,"turns":4},{"damage":0,"enemies":"Snecko","floor":29,"turns":6},{"damage":4,"enemies":"Chosen and Byrds","floor":31,"turns":6},{"damage":56,"enemies":"Automaton","floor":33,"turns":18},{"damage":3,"enemies":"3 Shapes","floor":35,"turns":2},{"damage":0,"enemies":"Orb Walker","floor":36,"turns":4},{"damage":7,"enemies":"Mind Bloom Boss Battle","floor":38,"turns":9},{"damage":18,"enemies":"3 Darklings","floor":39,"turns":4},{"damage":75,"enemies":"Reptomancer","floor":41,"turns":7},{"damage":25,"enemies":"Maw","floor":44,"turns":8},{"damage":25,"enemies":"Writhing Mass","floor":47,"turns":6},{"damage":0,"enemies":"Transient","floor":48,"turns":5},{"damage":101,"enemies":"Time Eater","floor":50,"turns":8}],"seed_played":"6856689490032201682","potions_obtained":[{"floor":4,"key":"Block Potion"},{"floor":5,"key":"Strength Potion"},{"floor":6,"key":"PowerPotion"},{"floor":16,"key":"Regen Potion"},{"floor":18,"key":"Ancient Potion"},{"floor":27,"key":"Weak Potion"},{"floor":33,"key":"SkillPotion"},{"floor":34,"key":"FairyPotion"},{"floor":35,"key":"Explosive Potion"},{"floor":41,"key":"Block Potion"},{"floor":46,"key":"AttackPotion"}],"is_trial":false,"path_per_floor":["M","M","?","M","M","E","R","M","T","M","R","E","?","M","R","B",null,"M","?","M","T","M","R","M","R","T","M","$","M","R","M","R","B",null,"M","M","$","?","M","R","E","R","T","M","R","?","M","M","R","B"],"character_chosen":"DEFECT","items_purchased":["Flash of Steel","Thinking Ahead","Storm","Dexterity Potion","Sling","Mayhem"],"campfire_rested":3,"item_purchase_floors":[28,28,28,28,37,37],"current_hp_per_floor":[74,74,74,73,69,45,45,35,35,24,24,10,28,28,50,29,75,53,37,37,37,30,42,24,36,36,43,43,50,65,68,75,26,80,77,80,80,80,62,80,12,33,33,8,53,53,35,42,80,0],"gold":232,"neow_bonus":"ONE_RANDOM_RARE_CARD","is_prod":false,"is_daily":false,"chose_seed":false,"campfire_upgraded":7,"win_rate":0,"timestamp":1549059699,"path_taken":["M","M","?","?","M","E","R","M","T","M","R","E","?","M","R","BOSS","M","?","M","?","?","R","M","R","T","M","$","M","R","M","R","BOSS","M","M","$","?","M","R","E","R","T","M","R","?","M","M","R","BOSS"],"build_version":"2019-01-23","purchased_purges":1,"victory":false,"max_hp_per_floor":[75,75,75,75,75,75,75,75,75,75,75,75,75,75,75,75,75,75,75,75,75,75,75,75,75,75,75,75,75,75,75,75,75,80,80,80,80,80,80,80,80,80,80,80,80,80,80,80,80,80],"card_choices":[{"not_picked":["Tempest","BootSequence"],"picked":"Stack","floor":1},{"not_picked":["Lockon","Redo"],"picked":"Darkness","floor":2},{"not_picked":["Cold Snap","Scrape"],"picked":"Sweeping Beam","floor":4},{"not_picked":["White Noise","BootSequence"],"picked":"Coolheaded","floor":5},{"not_picked":["Turbo","Sweeping Beam"],"picked":"Leap","floor":6},{"not_picked":["Undo","Rainbow"],"picked":"White Noise","floor":8},{"not_picked":["Streamline","Rebound"],"picked":"Skim","floor":10},{"not_picked":["Turbo","Blizzard"],"picked":"Glacier","floor":12},{"not_picked":["Turbo","Streamline"],"picked":"Stack","floor":14},{"not_picked":["Echo Form","Seek"],"picked":"Rainbow","floor":16},{"not_picked":["Streamline","Leap"],"picked":"Redo","floor":18},{"not_picked":["Stack","Streamline"],"picked":"Go for the Eyes","floor":20},{"not_picked":["Blizzard","Barrage"],"picked":"Double Energy","floor":22},{"not_picked":["Steam Power","Steam+1"],"picked":"Self Repair","floor":24},{"not_picked":["Skim","Streamline"],"picked":"Stack+1","floor":27},{"not_picked":["Heatsinks","Glacier"],"picked":"Steam","floor":29},{"not_picked":["Melter","Cold Snap"],"picked":"Seek","floor":31},{"not_picked":["Multi-Cast","Thunder Strike"],"picked":"Creative AI","floor":33},{"not_picked":["Cold Snap","Gash"],"picked":"Double Energy+1","floor":34},{"not_picked":["Leap","Sweeping Beam+1"],"picked":"Hologram","floor":35},{"not_picked":["Go for the Eyes","Leap"],"picked":"Hologram","floor":36},{"not_picked":["Hello World","Reprogram"],"picked":"Streamline+1","floor":38},{"not_picked":["Turbo","Rip and Tear+1"],"picked":"Auto Shields","floor":39},{"not_picked":["Sweeping Beam","Redo"],"picked":"Gash","floor":41},{"not_picked":["Amplify","Cold Snap+1"],"picked":"Redo+1","floor":44},{"not_picked":["Beam Cell","Genetic Algorithm"],"picked":"Aggregate","floor":47},{"not_picked":["Beam Cell+1","Streamline"],"picked":"Thunder Strike","floor":48}],"player_experience":127209,"relics_obtained":[{"floor":6,"key":"Ornamental Fan"},{"floor":9,"key":"Bag of Preparation"},{"floor":12,"key":"MawBank"},{"floor":19,"key":"Enchiridion"},{"floor":21,"key":"Matryoshka"},{"floor":26,"key":"Lantern"},{"floor":26,"key":"Mercury Hourglass"},{"floor":38,"key":"Pocketwatch"},{"floor":41,"key":"Boot"},{"floor":43,"key":"Letter Opener"}],"event_choices":[{"cards_removed":["Darkness"],"damage_healed":0,"gold_gain":0,"player_choice":"Gave Card","damage_taken":0,"relics_obtained":["Tiny Chest"],"max_hp_gain":0,"max_hp_loss":0,"event_name":"WeMeetAgain","floor":3,"gold_loss":0},{"damage_healed":18,"gold_gain":0,"player_choice":"Healed","damage_taken":0,"max_hp_gain":0,"max_hp_loss":0,"event_name":"The Cleric","floor":13,"gold_loss":35},{"damage_healed":0,"gold_gain":0,"player_choice":"Obtained Book","damage_taken":16,"max_hp_gain":0,"max_hp_loss":0,"event_name":"Cursed Tome","floor":19,"gold_loss":0},{"damage_healed":0,"gold_gain":0,"player_choice":"Fight","damage_taken":0,"max_hp_gain":0,"max_hp_loss":0,"event_name":"MindBloom","floor":38,"gold_loss":0},{"damage_healed":0,"gold_gain":0,"player_choice":"Got Potions","damage_taken":0,"max_hp_gain":0,"max_hp_loss":0,"event_name":"Lab","floor":46,"gold_loss":0}],"is_beta":false,"boss_relics":[{"not_picked":["Philosopher\u0027s Stone","Lizard Tail"],"picked":"Eternal Feather"},{"not_picked":["Runic Dome","Calling Bell"],"picked":"Tiny House"}],"items_purged_floors":[28],"is_endless":false,"potions_floor_spawned":[4,5,6,16,18,27,33,35,41],"killed_by":"Time Eater","ascension_level":0}