{"path_per_floor":["M","M","?","?","M","R","M","R","T","M","M","R","$","M","R","B",null,"M","M","$","?"],"character_chosen":"THE_SILENT","items_purchased":["Thread and Needle","Finesse"],"gold_per_floor":[368,388,563,563,582,582,598,598,598,616,635,635,164,175,175,277,277,260,276,176,176,176],"floor_reached":22,"campfire_rested":0,"playtime":3167,"current_hp_per_floor":[66,66,66,66,66,66,64,64,64,54,44,44,44,40,40,34,61,43,39,39,26,0],"items_purged":["Normality","Doubt"],"gold":176,"score":223,"play_id":"42da3497-a346-45f1-9091-b87ba40837e8","local_time":"20180503213331","is_prod":false,"is_daily":false,"chose_seed":false,"is_ascension_mode":true,"campfire_upgraded":4,"timestamp":1525397611,"path_taken":["M","M","?","?","?","R","M","R","T","?","M","R","$","M","R","BOSS","M","M","$","?","M"],"build_version":"2018-04-28v2","seed_source_timestamp":167253223296264,"purchased_purges":3,"victory":false,"master_deck":["Defend_G","Defend_G","Defend_G","Defend_G","Defend_G","Strike_G","Strike_G","Strike_G","Strike_G","Strike_G","Survivor","Neutralize+1","Parasite","Leg Sweep","Backflip","Predator+1","Terror","Well Laid Plans+1","Underhanded Strike+1","Finesse","Prepared+1","Tactician","Dagger Throw"],"max_hp_per_floor":[70,70,70,70,70,70,70,70,70,70,70,70,70,70,70,70,70,70,70,70,75,75],"relics":["Ring of the Snake","Girya","Frozen Egg 2","Thread and Needle","Eternal Feather"],"card_choices":[{"not_picked":["Masterful Stab","Deadly Poison"],"picked":"Leg Sweep","floor":1},{"not_picked":["Underhanded Strike","Setup"],"picked":"Backflip","floor":2},{"not_picked":["A Thousand Cuts","Backstab"],"picked":"Predator","floor":5},{"not_picked":["Predator","Sucker Punch"],"picked":"Terror","floor":7},{"not_picked":["Poisoned Stab","Cloak And Dagger"],"picked":"Well Laid Plans","floor":10},{"not_picked":["Deflect","Catalyst"],"picked":"Underhanded Strike","floor":11},{"not_picked":["Slice","Poisoned Stab"],"picked":"Prepared","floor":14},{"not_picked":["Unload","A Thousand Cuts"],"picked":"Tactician","floor":16},{"not_picked":["PiercingWail","Quick Slash"],"picked":"Dagger Throw","floor":18}],"player_experience":409188,"potions_floor_usage":[10],"damage_taken":[{"damage":4,"enemies":"Small Slimes","floor":1,"turns":4},{"damage":0,"enemies":"2 Louse","floor":2,"turns":3},{"damage":0,"enemies":"Cultist","floor":5,"turns":6},{"damage":2,"enemies":"Blue Slaver","floor":7,"turns":7},{"damage":10,"enemies":"Gremlin Gang","floor":10,"turns":7},{"damage":10,"enemies":"Lots of Slimes","floor":11,"turns":5},{"damage":4,"enemies":"3 Louse","floor":14,"turns":4},{"damage":6,"enemies":"The Guardian","floor":16,"turns":9},{"damage":18,"enemies":"2 Thieves","floor":18,"turns":4},{"damage":4,"enemies":"Shell Parasite","floor":19,"turns":5},{"damage":35,"enemies":"Chosen and Byrds","floor":22,"turns":4}],"event_choices":[{"event_name":"Liars Game","player_choice":"agreed","floor":3,"damage_taken":0},{"event_name":"Accursed Blacksmith","player_choice":"Rummage","floor":4,"damage_taken":0},{"event_name":"Forgotten Altar","player_choice":"Shed Blood","floor":21,"damage_taken":0}],"boss_relics":[{"not_picked":["Black Star","White Beast Statue"],"picked":"Eternal Feather"}],"potions_floor_spawned":[5,7,19],"seed_played":"7141902461746263472","killed_by":"Chosen and Byrds","ascension_level":5,"is_trial":false}