{"gold_per_floor":[119,119,132,148,148,148,160,160,185,197,214,231,262,273,273,378,378,397,397,416,427,13,43,43,21,21,21,21,66,66,81,81,81],"floor_reached":33,"playtime":2606,"items_purged":["Strike_R"],"score":309,"play_id":"48539ddf-c6e7-4e98-b978-fdd756ea7a1e","local_time":"20190212201751","is_ascension_mode":true,"campfire_choices":[{"data":"Anger","floor":6,"key":"SMITH"},{"data":"Pommel Strike","floor":8,"key":"SMITH"},{"floor":15,"key":"REST"},{"data":"True Grit","floor":24,"key":"SMITH"},{"data":"Iron Wave","floor":27,"key":"SMITH"},{"data":"Armaments","floor":32,"key":"SMITH"}],"neow_cost":"NONE","seed_source_timestamp":776278144920066,"circlet_count":0,"master_deck":["Strike_R","Strike_R+1","Strike_R+1","Defend_R","Defend_R","Defend_R","Bash+1","Rampage+1","Anger+1","Pommel Strike+1","True Grit+1","Headbutt","Ghostly Armor","Warcry","Sever Soul","Dark Embrace","Power Through+1","Juggernaut","Sever Soul","Iron Wave+1","Infernal Blade+1","Iron Wave","Flex","Armaments+1","Seeing Red"],"relics":["Burning Blood","Pen Nib","Whetstone","Eternal Feather","PreservedInsect","Toy Ornithopter","Incense Burner","Ancient Tea Set","Dream Catcher"],"potions_floor_usage":[7,12,13,16,18,23,23,31],"damage_taken":[{"damage":12,"enemies":"Jaw Worm","floor":1,"turns":3},{"damage":1,"enemies":"Cultist","floor":3,"turns":3},{"damage":1,"enemies":"Small Slimes","floor":4,"turns":4},{"damage":26,"enemies":"Gremlin Gang","floor":7,"turns":6},{"damage":8,"enemies":"Blue Slaver","floor":10,"turns":3},{"damage":6,"enemies":"Looter","floor":11,"turns":2},{"damage":3,"enemies":"3 Louse","floor":12,"turns":2},{"damage":15,"enemies":"Gremlin Nob","floor":13,"turns":4},{"damage":6,"enemies":"Large Slime","floor":14,"turns":4},{"damage":69,"enemies":"The Guardian","floor":16,"turns":11},{"damage":19,"enemies":"Spheric Guardian","floor":18,"turns":5},{"damage":42,"enemies":"Shell Parasite","floor":20,"turns":6},{"damage":8,"enemies":"Snecko","floor":21,"turns":3},{"damage":31,"enemies":"Book of Stabbing","floor":23,"turns":5},{"damage":9,"enemies":"Snake Plant","floor":31,"turns":5},{"damage":61,"enemies":"Collector","floor":33,"turns":5}],"seed_played":"5799872383272339221","potions_obtained":[{"floor":3,"key":"Fruit Juice"},{"floor":10,"key":"Explosive Potion"},{"floor":11,"key":"Strength Potion"},{"floor":14,"key":"LiquidBronze"},{"floor":16,"key":"SteroidPotion"},{"floor":18,"key":"SneckoOil"},{"floor":20,"key":"Weak Potion"},{"floor":21,"key":"SpeedPotion"}],"is_trial":false,"path_per_floor":["M","?","M","M","?","R","M","R","T","M","M","M","E","M","R","B",null,"M","?","M","M","$","E","R","$","T","R","?","T","?","M","R","B"],"character_chosen":"IRONCLAD","items_purchased":["PreservedInsect","Toy Ornithopter","Flex"],"campfire_rested":1,"item_purchase_floors":[22,22,25],"current_hp_per_floor":[74,80,80,80,80,80,65,65,65,63,63,66,57,57,82,19,85,72,72,36,34,34,19,31,31,31,43,43,43,43,45,60,0],"gold":81,"neow_bonus":"UPGRADE_CARD","is_prod":false,"is_daily":false,"chose_seed":false,"campfire_upgraded":5,"win_rate":0,"timestamp":1549999071,"path_taken":["M","?","M","?","?","R","M","R","T","?","M","?","E","M","R","BOSS","M","?","M","M","$","E","R","$","T","R","?","?","?","M","R","BOSS"],"build_version":"2019-01-23","purchased_purges":1,"victory":false,"max_hp_per_floor":[80,80,80,80,80,80,85,85,85,85,85,85,85,85,85,85,85,85,85,85,85,85,85,85,85,85,85,85,85,85,85,85,85],"card_choices":[{"not_picked":["Shrug It Off","Wild Strike"],"picked":"Carnage","floor":1},{"not_picked":["Iron Wave","Berserk"],"picked":"Rampage","floor":3},{"not_picked":["Seeing Red","Evolve"],"picked":"Anger","floor":4},{"not_picked":["Pummel","Twin Strike"],"picked":"Pommel Strike","floor":7},{"not_picked":["Rampage","Seeing Red"],"picked":"True Grit","floor":10},{"not_picked":["Blood for Blood","Uppercut"],"picked":"Headbutt","floor":11},{"not_picked":["True Grit","Blood for Blood"],"picked":"Ghostly Armor","floor":12},{"not_picked":["Rage","Uppercut"],"picked":"Warcry","floor":13},{"not_picked":["Anger","Shrug It Off"],"picked":"Sever Soul","floor":14},{"not_picked":["Juggernaut","Berserk"],"picked":"Dark Embrace","floor":16},{"not_picked":["Corruption","True Grit"],"picked":"Power Through+1","floor":18},{"not_picked":["Inflame","Rupture"],"picked":"Iron Wave","floor":20},{"not_picked":["Anger","Clash"],"picked":"Infernal Blade+1","floor":21},{"not_picked":["Perfected Strike","Wild Strike+1"],"picked":"Iron Wave","floor":23},{"not_picked":["Cleave","Wild Strike"],"picked":"Seeing Red","floor":31}],"player_experience":286498,"relics_obtained":[{"floor":9,"key":"Pen Nib"},{"floor":13,"key":"Whetstone"},{"floor":23,"key":"Incense Burner"},{"floor":26,"key":"Ancient Tea Set"},{"floor":29,"key":"Dream Catcher"}],"event_choices":[{"cards_removed":["Carnage"],"damage_healed":6,"gold_gain":0,"player_choice":"Offered Uncommon","damage_taken":0,"max_hp_gain":0,"max_hp_loss":0,"event_name":"Bonfire Elementals","floor":2,"gold_loss":0},{"damage_healed":0,"gold_gain":0,"player_choice":"Upgraded","damage_taken":0,"max_hp_gain":0,"max_hp_loss":0,"event_name":"Upgrade Shrine","floor":5,"gold_loss":0,"cards_upgraded":["Rampage"]},{"damage_healed":0,"gold_gain":0,"cards_transformed":["Strike_R","Defend_R"],"player_choice":"Became Test Subject","damage_taken":0,"max_hp_gain":0,"max_hp_loss":0,"event_name":"Drug Dealer","floor":19,"gold_loss":0,"cards_obtained":["Juggernaut","Sever Soul"]},{"damage_healed":0,"gold_gain":0,"player_choice":"Read","damage_taken":0,"max_hp_gain":0,"max_hp_loss":0,"event_name":"The Library","floor":28,"gold_loss":0,"cards_obtained":["Armaments"]},{"damage_healed":0,"gold_gain":0,"player_choice":"Ignored","damage_taken":0,"max_hp_gain":0,"max_hp_loss":0,"event_name":"Ghosts","floor":30,"gold_loss":0}],"is_beta":false,"boss_relics":[{"not_picked":["Busted Crown","Lizard Tail"],"picked":"Eternal Feather"}],"items_purged_floors":[22],"is_endless":false,"potions_floor_spawned":[3,10,11,14,16,18,20,21],"killed_by":"Collector","ascension_level":3}