{"path_per_floor":["M","?","?","$","M","?","E","M","T","R","E","R","?","M","R"],"character_chosen":"DEFECT","items_purchased":["Frozen Egg 2"],"gold_per_floor":[359,309,484,167,186,186,215,231,231,231,258,258,228,240,240,240],"floor_reached":16,"campfire_rested":2,"playtime":777,"current_hp_per_floor":[38,38,38,38,34,27,7,7,7,29,5,27,27,37,37,0],"items_purged":["Doubt"],"gold":240,"score":108,"play_id":"d07c15b6-b1f9-4b7f-bf86-b3d4d5eb6c2d","local_time":"20180507233353","is_prod":false,"is_daily":false,"chose_seed":false,"is_ascension_mode":false,"campfire_upgraded":1,"timestamp":1525750433,"path_taken":["M","?","?","$","M","?","E","M","T","R","E","R","?","?","R","BOSS"],"build_version":"2018-05-03","seed_source_timestamp":522442971533793,"purchased_purges":1,"victory":false,"master_deck":["Strike_B","Strike_B","Defend_B","Defend_B","Defend_B","Defend_B","Zap+1","Dualcast","Leap","Hologram","Storm+1","Sunder","Self Repair+1","Cold Snap"],"max_hp_per_floor":[75,75,75,75,75,75,75,75,75,75,75,75,75,75,75,75],"relics":["Cracked Core","Frozen Egg 2","Mummified Hand","Toolbox","Bag of Marbles"],"card_choices":[{"not_picked":["Impulse","Beam Cell"],"picked":"Leap","floor":1},{"not_picked":["Force Field","Tempest"],"picked":"Hologram","floor":5},{"not_picked":["Hologram","Sweeping Beam"],"picked":"Storm","floor":7},{"not_picked":["Genetic Algorithm","Impulse"],"picked":"Sunder","floor":8},{"not_picked":["Turbo","Sweeping Beam"],"picked":"Self Repair","floor":11},{"not_picked":["Go for the Eyes","Stack"],"picked":"Cold Snap","floor":14}],"player_experience":34238,"potions_floor_usage":[16,16],"damage_taken":[{"damage":0,"enemies":"Small Slimes","floor":1,"turns":2},{"damage":4,"enemies":"Jaw Worm","floor":5,"turns":5},{"damage":20,"enemies":"Lagavulin","floor":7,"turns":10},{"damage":0,"enemies":"2 Louse","floor":8,"turns":3},{"damage":24,"enemies":"Gremlin Nob","floor":11,"turns":4},{"damage":0,"enemies":"Blue Slaver","floor":14,"turns":3},{"damage":40,"enemies":"Hexaghost","floor":16,"turns":14}],"event_choices":[{"event_name":"The Cleric","player_choice":"Card Removal","floor":2,"damage_taken":0},{"event_name":"Liars Game","player_choice":"agreed","floor":3,"damage_taken":0},{"event_name":"Golden Wing","player_choice":"Card Removal","floor":6,"damage_taken":0},{"event_name":"The Woman in Blue","player_choice":"Bought 2 Potions","floor":13,"damage_taken":0}],"boss_relics":[],"potions_floor_spawned":[8,11,14],"seed_played":"4588920742734188959","killed_by":"Hexaghost","ascension_level":0,"is_trial":false}