{"gold_per_floor":[18,37,337,355,355,355,380,380,380,400,400],"floor_reached":11,"playtime":637,"items_purged":[],"score":91,"play_id":"7c0709de-451c-400e-9b1b-399b7c98a906","local_time":"20180805033301","is_ascension_mode":true,"campfire_choices":[{"data":"Feel No Pain","floor":6,"key":"SMITH"},{"data":"Feel No Pain","floor":8,"key":"SMITH"}],"neow_cost":"NO_GOLD","seed_source_timestamp":42691363892343,"circlet_count":0,"master_deck":["Strike_R","Strike_R","Strike_R","Defend_R","Defend_R","Defend_R","Defend_R","Bash","Feel No Pain+1","Second Wind","Shockwave","Dark Embrace","Feel No Pain+1","Feel No Pain"],"relics":["Burning Blood","Old Coin","Ornamental Fan","Smiling Mask"],"potions_floor_usage":[11,11,11],"damage_taken":[{"damage":10,"enemies":"Small Slimes","floor":1,"turns":4},{"damage":5,"enemies":"2 Louse","floor":2,"turns":5},{"damage":0,"enemies":"Cultist","floor":4,"turns":4},{"damage":27,"enemies":"Gremlin Nob","floor":7,"turns":5},{"damage":25,"enemies":"Large Slime","floor":10,"turns":10},{"damage":32,"enemies":"Lagavulin","floor":11,"turns":8}],"seed_played":"2339159087592481863","potions_obtained":[{"floor":2,"key":"EssenceOfSteel"},{"floor":4,"key":"EssenceOfSteel"},{"floor":7,"key":"Ancient Potion"},{"floor":10,"key":"Explosive Potion"}],"is_trial":false,"path_per_floor":["M","M","?","M","?","R","E","R","T","M"],"character_chosen":"IRONCLAD","items_purchased":[],"campfire_rested":0,"item_purchase_floors":[],"current_hp_per_floor":[76,77,65,71,71,71,50,50,50,31,0],"gold":400,"neow_bonus":"TRANSFORM_TWO_CARDS","is_prod":false,"is_daily":false,"chose_seed":false,"campfire_upgraded":2,"win_rate":0,"timestamp":1533429181,"path_taken":["M","M","?","M","?","R","E","R","T","?","E"],"build_version":"2018-08-02","purchased_purges":0,"victory":false,"max_hp_per_floor":[80,80,80,80,80,80,80,80,80,80,80],"card_choices":[{"not_picked":["Shrug It Off","Armaments"],"picked":"Shockwave","floor":1},{"not_picked":["Fire Breathing","Sword Boomerang","Flex"],"picked":"SKIP","floor":2},{"not_picked":["Perfected Strike","Armaments"],"picked":"Dark Embrace","floor":4},{"not_picked":["Anger","Rupture"],"picked":"Feel No Pain","floor":7},{"not_picked":["Cleave","Thunderclap"],"picked":"Feel No Pain","floor":10}],"player_experience":181563,"relics_obtained":[{"floor":7,"key":"Ornamental Fan"},{"floor":9,"key":"Smiling Mask"}],"event_choices":[{"event_name":"Scrap Ooze","player_choice":"success","floor":3,"damage_taken":12},{"event_name":"Liars Game","player_choice":"disagreed","floor":5,"damage_taken":0}],"is_beta":false,"boss_relics":[],"items_purged_floors":[],"is_endless":false,"potions_floor_spawned":[2,4,7,10],"killed_by":"Lagavulin","ascension_level":5}