{"gold_per_floor":[112,112,129,149,168,168,193,193,193,193,206,225,236,66,66,169,169,186,33,33,52,68,68,96,96,96,108,134,134,162,162,162,259,259],"floor_reached":34,"playtime":2345,"items_purged":["Strike_B","Strike_B"],"score":392,"play_id":"d9ff6fc6-6b1a-4d3a-8efb-7e9b91ae49e3","local_time":"20190305155253","is_ascension_mode":false,"campfire_choices":[{"data":"Go for the Eyes","floor":6,"key":"SMITH"},{"data":"Self Repair","floor":8,"key":"SMITH"},{"data":"Biased Cognition","floor":15,"key":"SMITH"},{"data":"Coolheaded","floor":23,"key":"SMITH"},{"floor":25,"key":"REST"},{"data":"Coolheaded","floor":29,"key":"SMITH"},{"floor":32,"key":"REST"}],"neow_cost":"NONE","seed_source_timestamp":18769602809031,"circlet_count":0,"master_deck":["Strike_B","Strike_B","Defend_B","Defend_B","Defend_B","Defend_B","Zap+1","Dualcast","Beam Cell","Streamline","Cold Snap","Go for the Eyes+1","Self Repair+1","Auto Shields","Sweeping Beam","Biased Cognition+1","Coolheaded+1","Capacitor","Reboot","Steam","Coolheaded+1","Compile Driver+1","Conserve Battery","Machine Learning","Leap","Coolheaded","Echo Form"],"relics":["Cracked Core","NeowsBlessing","Ice Cream","Incense Burner","Cursed Key","Sundial","Red Mask","Blood Vial","NlothsMask","Coffee Dripper"],"potions_floor_usage":[11],"damage_taken":[{"damage":0,"enemies":"Cultist","floor":1,"turns":1},{"damage":0,"enemies":"2 Louse","floor":3,"turns":1},{"damage":0,"enemies":"Jaw Worm","floor":4,"turns":1},{"damage":10,"enemies":"Blue Slaver","floor":5,"turns":2},{"damage":4,"enemies":"Gremlin Nob","floor":7,"turns":3},{"damage":0,"enemies":"Red Slaver","floor":11,"turns":3},{"damage":2,"enemies":"2 Fungi Beasts","floor":12,"turns":3},{"damage":0,"enemies":"Looter","floor":13,"turns":1},{"damage":33,"enemies":"Hexaghost","floor":16,"turns":11},{"damage":14,"enemies":"2 Thieves","floor":18,"turns":4},{"damage":4,"enemies":"3 Byrds","floor":21,"turns":4},{"damage":0,"enemies":"Cultist and Chosen","floor":22,"turns":6},{"damage":65,"enemies":"Gremlin Leader","floor":24,"turns":10},{"damage":12,"enemies":"3 Cultists","floor":27,"turns":5},{"damage":5,"enemies":"Masked Bandits","floor":28,"turns":5},{"damage":6,"enemies":"Book of Stabbing","floor":30,"turns":6},{"damage":2,"enemies":"Champ","floor":33,"turns":16}],"seed_played":"8164613126792961697","potions_obtained":[{"floor":4,"key":"FocusPotion"},{"floor":5,"key":"SkillPotion"},{"floor":11,"key":"Poison Potion"},{"floor":13,"key":"GamblersBrew"},{"floor":16,"key":"SkillPotion"},{"floor":22,"key":"Dexterity Potion"}],"is_trial":false,"path_per_floor":["M","$","M","M","M","R","E","R","T","?","M","M","M","$","R","B",null,"M","$","?","M","M","R","E","R","T","M","?","R","E","?","R","B",null],"character_chosen":"DEFECT","items_purchased":["Coolheaded","Capacitor","Coolheaded"],"campfire_rested":2,"item_purchase_floors":[14,14,19],"current_hp_per_floor":[75,75,75,75,65,65,61,61,61,61,71,75,75,75,75,52,75,71,71,71,75,75,75,20,42,42,40,45,45,49,49,71,75,75],"gold":259,"neow_bonus":"THREE_ENEMY_KILL","is_prod":false,"is_daily":false,"chose_seed":false,"campfire_upgraded":5,"win_rate":0,"timestamp":1551793973,"path_taken":["M","$","M","?","M","R","E","R","T","?","M","M","?","$","R","BOSS","M","$","?","M","M","R","E","R","T","M","?","R","E","?","R","BOSS"],"build_version":"2019-01-23","purchased_purges":2,"victory":false,"max_hp_per_floor":[75,75,75,75,75,75,75,75,75,75,75,75,75,75,75,75,75,75,75,75,75,75,75,75,75,75,75,75,75,75,75,75,75,75],"card_choices":[{"not_picked":["Steam Power","Gash"],"picked":"Beam Cell","floor":1},{"not_picked":["Turbo","Beam Cell"],"picked":"Streamline","floor":3},{"not_picked":["Streamline","Beam Cell"],"picked":"Cold Snap","floor":4},{"not_picked":["Sunder","Reprogram"],"picked":"Go for the Eyes","floor":5},{"not_picked":["Aggregate","Leap"],"picked":"Self Repair","floor":7},{"not_picked":["Sunder","Gash"],"picked":"Auto Shields","floor":11},{"not_picked":["Steam","Leap"],"picked":"Sweeping Beam","floor":12},{"not_picked":["Sunder","BootSequence"],"picked":"Biased Cognition","floor":13},{"not_picked":["Thunder Strike","Machine Learning"],"picked":"Reboot","floor":16},{"not_picked":["Loop","Sweeping Beam+1"],"picked":"Steam","floor":18},{"not_picked":["Go for the Eyes","Recycle"],"picked":"Compile Driver+1","floor":21},{"not_picked":["Auto Shields+1","Melter"],"picked":"Conserve Battery","floor":22},{"not_picked":["Gash","Rebound"],"picked":"Machine Learning","floor":24},{"not_picked":["Gash","Skim","Fusion"],"picked":"SKIP","floor":27},{"not_picked":["Streamline","Aggregate"],"picked":"Leap","floor":28},{"not_picked":["Rip and Tear","Melter"],"picked":"Coolheaded","floor":30},{"not_picked":["Buffer","Rainbow"],"picked":"Echo Form","floor":33}],"player_experience":642626,"relics_obtained":[{"floor":7,"key":"Ice Cream"},{"floor":9,"key":"Incense Burner"},{"floor":24,"key":"Sundial"},{"floor":28,"key":"Red Mask"},{"floor":30,"key":"Blood Vial"}],"event_choices":[{"damage_healed":0,"gold_gain":0,"player_choice":"Upgraded","damage_taken":0,"max_hp_gain":0,"max_hp_loss":0,"event_name":"Upgrade Shrine","floor":10,"gold_loss":0,"cards_upgraded":["Zap"]},{"damage_healed":0,"gold_gain":0,"player_choice":"Fought Bandits","damage_taken":0,"max_hp_gain":0,"max_hp_loss":0,"event_name":"Masked Bandits","floor":28,"gold_loss":0},{"damage_healed":0,"gold_gain":0,"player_choice":"Trade","damage_taken":0,"relics_obtained":["NlothsMask"],"max_hp_gain":0,"max_hp_loss":0,"event_name":"FaceTrader","floor":31,"gold_loss":0}],"is_beta":false,"boss_relics":[{"not_picked":["Empty Cage","Lizard Tail"],"picked":"Cursed Key"},{"not_picked":["Astrolabe","Fusion Hammer"],"picked":"Coffee Dripper"}],"items_purged_floors":[14,19],"is_endless":false,"potions_floor_spawned":[4,5,11,13,16,21,22,30],"ascension_level":0}