{"path_per_floor":["M","?","M","M","$","E","M","R","T","$","$","E","M","M","R","B",null,"M","M","?","M","$","R","M","M","T","R","M","?","R","?","R","B",null,"M","?","M","M","?","E","R","M","T","M","R","M","?","E","R","B"],"character_chosen":"THE_SILENT","items_purchased":["Shuriken","Footwork","Ornamental Fan"],"gold_per_floor":[365,365,385,403,165,191,201,201,201,89,89,119,131,151,151,252,252,252,252,252,252,10,10,10,10,10,10,10,10,10,10,10,10,10,10,10,10,10,10,10,10,10,10,10,10,10,10,10,10,10],"floor_reached":51,"campfire_rested":1,"playtime":5648,"current_hp_per_floor":[56,61,61,61,61,58,58,58,58,58,58,58,55,55,55,68,68,67,67,55,47,47,47,33,33,33,33,33,33,33,33,69,59,73,73,73,63,57,73,66,66,64,64,64,64,63,63,63,63,34],"items_purged":["Strike_G"],"gold":10,"score":793,"play_id":"cf65158c-0ed0-43b5-9166-05b6c1b9ebcb","local_time":"20180408192545","is_prod":false,"is_daily":false,"is_ascension_mode":true,"campfire_upgraded":8,"timestamp":1523208345,"path_taken":["M","?","M","M","$","E","?","R","T","?","$","E","M","M","R","BOSS","M","M","?","M","$","R","M","M","T","R","?","?","R","?","R","BOSS","M","?","M","M","?","E","R","M","T","M","R","M","?","E","R","BOSS"],"build_version":"2018-04-05v2","purchased_purges":1,"victory":true,"master_deck":["Defend_G","Defend_G","Defend_G","Defend_G","Strike_G","Strike_G","Strike_G","Strike_G","Survivor","Neutralize+1","Quick Slash+1","Adrenaline","Dagger Throw+1","Cloak And Dagger+1","All Out Attack+1","Riddle With Holes+1","After Image+1","Accuracy+1","Dagger Spray+1","Cloak And Dagger+1","Prepared","Tools of the Trade+1","Infinite Blades+1","Prepared+1","Backflip+1"],"max_hp_per_floor":[63,68,68,68,68,68,68,68,68,68,68,68,68,68,68,68,68,68,68,73,73,73,73,73,73,73,73,73,73,73,73,73,73,73,73,73,73,73,73,73,73,73,73,73,73,73,73,73,73,73],"relics":["Ring of the Snake","Shuriken","Molten Egg 2","Darkstone Periapt","Omamori","Ectoplasm","Ornamental Fan","Thread and Needle","Regal Pillow","Sozu","Art of War","Lantern","Juzu Bracelet"],"card_choices":[{"not_picked":["Bane","Expertise"],"picked":"Quick Slash","floor":1},{"not_picked":["Expertise","Distraction"],"picked":"Adrenaline","floor":3},{"not_picked":["Slice","Acrobatics"],"picked":"Dagger Throw","floor":4},{"not_picked":["Well Laid Plans","Blade Dance"],"picked":"Cloak And Dagger","floor":7},{"not_picked":["Poisoned Stab","Dodge and Roll"],"picked":"All Out Attack","floor":13},{"not_picked":["Dagger Throw","Prepared"],"picked":"Riddle With Holes","floor":14},{"not_picked":["Burst","Die Die Die"],"picked":"After Image","floor":16},{"not_picked":["PiercingWail","Flechettes"],"picked":"Accuracy","floor":18},{"not_picked":["Quick Slash","Concentrate"],"picked":"Dagger Spray","floor":19},{"not_picked":["Bane","Dagger Spray"],"picked":"Cloak And Dagger","floor":21},{"not_picked":["Poisoned Stab","Setup"],"picked":"Prepared","floor":28},{"not_picked":["Adrenaline","Venomology"],"picked":"Tools of the Trade","floor":33},{"not_picked":["Finisher","Sucker Punch"],"picked":"Infinite Blades","floor":37},{"not_picked":["Eviscerate","Envenom"],"picked":"Prepared","floor":40},{"not_picked":["Underhanded Strike","Deadly Poison"],"picked":"Backflip","floor":46}],"player_experience":120209,"potions_floor_usage":[16,16,16,42,50],"damage_taken":[{"damage":7,"enemies":"Jaw Worm","floor":1,"turns":8},{"damage":0,"enemies":"2 Louse","floor":3,"turns":3},{"damage":0,"enemies":"Small Slimes","floor":4,"turns":3},{"damage":3,"enemies":"3 Sentries","floor":6,"turns":8},{"damage":0,"enemies":"Exordium Thugs","floor":7,"turns":3},{"damage":0,"enemies":"Lagavulin","floor":12,"turns":5},{"damage":3,"enemies":"Looter","floor":13,"turns":3},{"damage":0,"enemies":"2 Fungi Beasts","floor":14,"turns":2},{"damage":7,"enemies":"The Guardian","floor":16,"turns":11},{"damage":1,"enemies":"3 Byrds","floor":18,"turns":5},{"damage":0,"enemies":"Spheric Guardian","floor":19,"turns":3},{"damage":8,"enemies":"Chosen and Byrds","floor":21,"turns":5},{"damage":14,"enemies":"Slaver and Parasite","floor":24,"turns":6},{"damage":0,"enemies":"Centurion and Healer","floor":25,"turns":4},{"damage":0,"enemies":"Chosen and Byrds","floor":28,"turns":5},{"damage":10,"enemies":"Collector","floor":33,"turns":10},{"damage":0,"enemies":"3 Shapes","floor":35,"turns":4},{"damage":10,"enemies":"3 Darklings","floor":37,"turns":4},{"damage":6,"enemies":"Maw","floor":38,"turns":6},{"damage":7,"enemies":"2 Orb Walkers","floor":40,"turns":4},{"damage":2,"enemies":"4 Shapes","floor":42,"turns":7},{"damage":0,"enemies":"3 Darklings","floor":44,"turns":4},{"damage":1,"enemies":"Maw","floor":46,"turns":6},{"damage":0,"enemies":"Giant Head","floor":48,"turns":5},{"damage":29,"enemies":"Awakened One","floor":50,"turns":8}],"event_choices":[{"event_name":"Big Fish","player_choice":"Donut","floor":2,"damage_taken":0},{"event_name":"Forgotten Altar","player_choice":"Shed Blood","floor":20,"damage_taken":0},{"event_name":"Addict","player_choice":"Ignored","floor":29,"damage_taken":0},{"event_name":"Accursed Blacksmith","player_choice":"Rummage","floor":31,"damage_taken":0},{"event_name":"Purifier","player_choice":"One Purge","floor":36,"damage_taken":0},{"event_name":"Winding Halls","player_choice":"Writhe","floor":39,"damage_taken":0}],"boss_relics":[{"not_picked":["Pandora\u0027s Box","Lizard Tail"],"picked":"Ectoplasm"},{"not_picked":["Eternal Feather","Orrery"],"picked":"Sozu"}],"potions_floor_spawned":[6,7,13,14,19,21,37,42,44],"seed_played":"7703533778539507356","ascension_level":2,"is_trial":false}