{"gold_per_floor":[116,116,136,147,137,137,167,167,191,191,216,178,192,192,192,291,291,311,311,6,18,18,18,30,30,103,31,31,131,96,115,115,215,215,227,106,124,137,137,137,156,156,156,156,173,173,187,187,187,187],"floor_reached":51,"playtime":2685,"items_purged":[],"score":900,"play_id":"1acff563-8efa-4014-8330-a096d6518fa7","local_time":"20190308174011","is_ascension_mode":true,"campfire_choices":[{"data":"Cold Snap","floor":6,"key":"SMITH"},{"data":"Defragment","floor":8,"key":"SMITH"},{"floor":10,"key":"REST"},{"data":"Zap","floor":15,"key":"SMITH"},{"data":"Echo Form","floor":23,"key":"SMITH"},{"floor":28,"key":"REST"},{"floor":32,"key":"REST"},{"floor":40,"key":"REST"},{"data":"Glacier","floor":42,"key":"SMITH"},{"floor":44,"key":"REST"},{"data":"Capacitor","floor":49,"key":"SMITH"}],"neow_cost":"NONE","seed_source_timestamp":92975508465885,"circlet_count":0,"master_deck":["Strike_B","Strike_B","Strike_B","Defend_B","Defend_B","Defend_B","Defend_B","Zap+1","Dualcast","Hologram+1","Cold Snap+1","Defragment+1","Echo Form+1","Glacier+1","Sunder","Capacitor+1","Cold Snap","Chill+1"],"relics":["Cracked Core","Bag of Marbles","Centennial Puzzle","Regal Pillow","Busted Crown","Mercury Hourglass","Shuriken","Lizard Tail","Ornamental Fan"],"potions_floor_usage":[7,7,16,22,33,38,38],"damage_taken":[{"damage":1,"enemies":"Cultist","floor":1,"turns":3},{"damage":0,"enemies":"Jaw Worm","floor":3,"turns":3},{"damage":6,"enemies":"Small Slimes","floor":4,"turns":5},{"damage":13,"enemies":"Exordium Thugs","floor":5,"turns":4},{"damage":14,"enemies":"Lagavulin","floor":7,"turns":6},{"damage":16,"enemies":"Gremlin Nob","floor":11,"turns":4},{"damage":0,"enemies":"Looter","floor":13,"turns":3},{"damage":31,"enemies":"Slime Boss","floor":16,"turns":13},{"damage":7,"enemies":"Chosen","floor":18,"turns":4},{"damage":9,"enemies":"Spheric Guardian","floor":21,"turns":4},{"damage":0,"enemies":"3 Cultists","floor":22,"turns":3},{"damage":25,"enemies":"Snecko","floor":24,"turns":5},{"damage":2,"enemies":"Centurion and Healer","floor":31,"turns":6},{"damage":47,"enemies":"Champ","floor":33,"turns":10},{"damage":7,"enemies":"3 Darklings","floor":35,"turns":7},{"damage":8,"enemies":"Orb Walker","floor":37,"turns":3},{"damage":11,"enemies":"4 Shapes","floor":38,"turns":4},{"damage":17,"enemies":"Writhing Mass","floor":41,"turns":8},{"damage":34,"enemies":"3 Darklings","floor":45,"turns":7},{"damage":10,"enemies":"Spire Growth","floor":47,"turns":8},{"damage":64,"enemies":"Awakened One","floor":50,"turns":23}],"seed_played":"7023041052601037404","potions_obtained":[{"floor":0,"key":"FearPotion"},{"floor":0,"key":"FairyPotion"},{"floor":0,"key":"Strength Potion"},{"floor":7,"key":"Explosive Potion"},{"floor":16,"key":"SmokeBomb"},{"floor":21,"key":"FocusPotion"},{"floor":24,"key":"Ancient Potion"},{"floor":33,"key":"Explosive Potion"},{"floor":45,"key":"Swift Potion"}],"is_trial":false,"path_per_floor":["M","?","M","M","M","R","E","R","T","R","E","?","M","?","R","B",null,"M","?","$","M","M","R","M","?","T","$","R","?","$","M","R","B",null,"M","$","M","M","?","R","M","R","T","R","M","?","M","?","R","B",null],"character_chosen":"DEFECT","items_purchased":["Mercury Hourglass","Explosive Potion","Glacier","Sunder","Block Potion","Capacitor"],"campfire_rested":5,"item_purchase_floors":[20,20,27,30,36,36],"current_hp_per_floor":[67,67,67,61,48,48,34,34,34,56,40,40,40,75,75,44,67,60,60,60,51,51,51,26,12,12,12,51,51,51,49,80,33,68,61,61,53,42,42,80,63,63,63,80,46,46,36,70,70,6],"gold":187,"neow_bonus":"THREE_SMALL_POTIONS","is_prod":false,"is_daily":false,"chose_seed":false,"campfire_upgraded":6,"win_rate":0,"timestamp":1552088411,"path_taken":["M","?","?","M","M","R","E","R","T","R","E","?","M","?","R","BOSS","M","?","$","M","M","R","M","?","T","$","R","?","$","M","R","BOSS","M","$","M","M","?","R","M","R","T","R","M","?","M","?","R","BOSS"],"build_version":"2019-01-23","purchased_purges":0,"victory":true,"max_hp_per_floor":[75,75,75,75,75,75,75,75,75,75,75,75,75,75,75,75,75,75,75,75,75,75,75,75,80,80,80,80,80,80,80,80,80,80,80,80,80,80,80,80,80,80,80,80,80,80,80,70,70,70],"card_choices":[{"not_picked":["Double Energy","Redo"],"picked":"Hologram","floor":1},{"not_picked":["Conserve Battery","Gash"],"picked":"Cold Snap","floor":3},{"not_picked":["All For One","Leap"],"picked":"Auto Shields","floor":4},{"not_picked":["Heatsinks","Fusion","Rebound"],"picked":"SKIP","floor":5},{"not_picked":["Beam Cell","Double Energy"],"picked":"Defragment","floor":7},{"not_picked":["White Noise","Loop","Hologram"],"picked":"SKIP","floor":11},{"not_picked":["Rebound","Steam","BootSequence"],"picked":"SKIP","floor":13},{"not_picked":["Biased Cognition","Amplify"],"picked":"Echo Form","floor":16},{"not_picked":["Redo+1"],"picked":"SKIP","floor":18},{"not_picked":["Go for the Eyes"],"picked":"SKIP","floor":21},{"not_picked":["Heatsinks+1"],"picked":"SKIP","floor":24},{"not_picked":["Sweeping Beam"],"picked":"SKIP","floor":31},{"not_picked":["Stack"],"picked":"SKIP","floor":35},{"not_picked":["Reprogram+1"],"picked":"SKIP","floor":37},{"not_picked":[],"picked":"Cold Snap","floor":38},{"not_picked":["Conserve Battery"],"picked":"SKIP","floor":41},{"not_picked":[],"picked":"Chill+1","floor":45},{"not_picked":["Cold Snap"],"picked":"SKIP","floor":47}],"player_experience":309290,"relics_obtained":[{"floor":7,"key":"Bag of Marbles"},{"floor":9,"key":"Centennial Puzzle"},{"floor":11,"key":"Regal Pillow"},{"floor":26,"key":"Shuriken"},{"floor":43,"key":"Ornamental Fan"}],"event_choices":[{"damage_healed":0,"gold_gain":0,"player_choice":"Upgraded","damage_taken":0,"max_hp_gain":0,"max_hp_loss":0,"event_name":"Upgrade Shrine","floor":2,"gold_loss":0,"cards_upgraded":["Hologram"]},{"damage_healed":0,"gold_gain":0,"player_choice":"Left Gold","damage_taken":0,"max_hp_gain":0,"max_hp_loss":0,"event_name":"World of Goop","floor":12,"gold_loss":38},{"cards_removed":["Auto Shields"],"damage_healed":35,"gold_gain":0,"player_choice":"Offered Uncommon","damage_taken":0,"max_hp_gain":0,"max_hp_loss":0,"event_name":"Bonfire Elementals","floor":14,"gold_loss":0},{"damage_healed":0,"gold_gain":0,"player_choice":"Ignored","damage_taken":0,"max_hp_gain":0,"max_hp_loss":0,"event_name":"Ghosts","floor":19,"gold_loss":0},{"damage_healed":0,"gold_gain":0,"player_choice":"Shed Blood","damage_taken":19,"max_hp_gain":5,"max_hp_loss":0,"event_name":"Forgotten Altar","floor":25,"gold_loss":0},{"damage_healed":0,"gold_gain":100,"player_choice":"Pray","damage_taken":0,"max_hp_gain":0,"max_hp_loss":0,"event_name":"Golden Shrine","floor":29,"gold_loss":0},{"cards_removed":["Strike_B"],"damage_healed":0,"gold_gain":0,"player_choice":"Removed Attack","damage_taken":0,"max_hp_gain":0,"max_hp_loss":0,"event_name":"Falling","floor":39,"gold_loss":0},{"damage_healed":0,"gold_gain":0,"player_choice":"Memory 1","damage_taken":0,"max_hp_gain":0,"max_hp_loss":0,"event_name":"SensoryStone","floor":46,"gold_loss":0},{"damage_healed":70,"gold_gain":0,"player_choice":"Heal","damage_taken":0,"max_hp_gain":0,"max_hp_loss":10,"event_name":"The Moai Head","floor":48,"gold_loss":0}],"is_beta":false,"boss_relics":[{"not_picked":["Runic Dome","Calling Bell"],"picked":"Busted Crown"},{"not_picked":["Tiny House","Empty Cage"],"picked":"Lizard Tail"}],"items_purged_floors":[],"is_endless":false,"potions_floor_spawned":[4,7,16,21,24,33,45],"ascension_level":8}