{"gold_per_floor":[115,125,50,62,62,96,59,89,116,116],"floor_reached":10,"playtime":293,"items_purged":["Strike_B"],"score":91,"play_id":"823a677b-7dcc-4fa0-8228-0f784a13475e","local_time":"20181010214749","is_ascension_mode":true,"campfire_choices":[],"neow_cost":"NONE","seed_source_timestamp":8909273126058,"circlet_count":0,"master_deck":["Strike_B","Strike_B","Defend_B","Defend_B","Defend_B","Defend_B","Zap","Dualcast","Ball Lightning","Coolheaded","Defragment"],"relics":["Cracked Core","Omamori","PreservedInsect","Potion Belt","Pen Nib"],"potions_floor_usage":[6,8],"damage_taken":[{"damage":6,"enemies":"Cultist","floor":1,"turns":3},{"damage":8,"enemies":"Small Slimes","floor":2,"turns":2},{"damage":2,"enemies":"Jaw Worm","floor":4,"turns":3},{"damage":20,"enemies":"Lagavulin","floor":6,"turns":5},{"damage":5,"enemies":"Gremlin Nob","floor":8,"turns":3},{"damage":27,"enemies":"3 Sentries","floor":10,"turns":3}],"seed_played":"-4804096152249101054","potions_obtained":[{"floor":2,"key":"Strength Potion"},{"floor":4,"key":"Poison Potion"},{"floor":8,"key":"SpeedPotion"}],"is_trial":false,"path_per_floor":["M","M","$","M","?","E","?","E","T"],"character_chosen":"DEFECT","items_purchased":[],"campfire_rested":0,"item_purchase_floors":[],"current_hp_per_floor":[69,61,61,59,52,32,32,27,27,0],"gold":116,"neow_bonus":"RANDOM_COMMON_RELIC","is_prod":false,"is_daily":false,"chose_seed":false,"campfire_upgraded":0,"win_rate":0,"timestamp":1539226069,"path_taken":["M","?","$","M","?","E","?","E","T","E"],"build_version":"2018-10-04v2","purchased_purges":1,"victory":false,"max_hp_per_floor":[75,75,75,75,75,75,75,75,75,75],"card_choices":[{"not_picked":["Rebound","Recycle"],"picked":"Ball Lightning","floor":1},{"not_picked":["Barrage","Turbo"],"picked":"Coolheaded","floor":2},{"not_picked":["Creative AI","Barrage","Skim"],"picked":"SKIP","floor":4},{"not_picked":["Turbo","Double Energy"],"picked":"Defragment","floor":6},{"not_picked":["Gash","Rebound","Steam Power"],"picked":"SKIP","floor":8}],"player_experience":115690,"relics_obtained":[{"floor":6,"key":"PreservedInsect"},{"floor":8,"key":"Potion Belt"},{"floor":9,"key":"Pen Nib"}],"event_choices":[{"event_name":"Golden Wing","player_choice":"Card Removal","floor":5,"damage_taken":0},{"event_name":"World of Goop","player_choice":"Left","floor":7,"damage_taken":0}],"is_beta":false,"boss_relics":[],"items_purged_floors":[3],"is_endless":false,"potions_floor_spawned":[2,4,8],"killed_by":"3 Sentries","ascension_level":4}