{"gold_per_floor":[209,83,83,83,97,97,129,129,129,144,144,154,185,202,202,276,276,286,286,336,336,336,336],"floor_reached":23,"playtime":1233,"items_purged":["Strike_G"],"score":358,"play_id":"548114ea-cbdf-4d28-a5c6-9349fe3a4fd6","local_time":"20190303165558","is_ascension_mode":true,"campfire_choices":[{"data":"Cloak And Dagger","floor":6,"key":"SMITH"},{"floor":8,"key":"REST"},{"data":"Acrobatics","floor":15,"key":"SMITH"}],"neow_cost":"NONE","seed_source_timestamp":77060409533001,"circlet_count":0,"master_deck":["AscendersBane","Defend_G","Defend_G","Defend_G","Defend_G","Defend_G","Strike_G","Strike_G","Strike_G","Survivor","Neutralize","Acrobatics+1","Sucker Punch+1","Cloak And Dagger+1","Dodge and Roll","Deflect","Dodge and Roll","Die Die Die","Quick Slash","Calculated Gamble"],"relics":["Ring of the Snake","Singing Bowl","Bottled Flame","Kunai","Anchor","Black Star"],"potions_floor_usage":[13,18,21],"damage_taken":[{"damage":0,"enemies":"Cultist","floor":1,"turns":4},{"damage":1,"enemies":"Jaw Worm","floor":5,"turns":4},{"damage":26,"enemies":"3 Sentries","floor":7,"turns":12},{"damage":6,"enemies":"Small Slimes","floor":10,"turns":4},{"damage":8,"enemies":"Looter","floor":12,"turns":3},{"damage":15,"enemies":"Lagavulin","floor":13,"turns":12},{"damage":0,"enemies":"Gremlin Gang","floor":14,"turns":7},{"damage":20,"enemies":"The Guardian","floor":16,"turns":28},{"damage":3,"enemies":"3 Byrds","floor":18,"turns":7},{"damage":0,"enemies":"Chosen","floor":21,"turns":1},{"damage":43,"enemies":"Slavers","floor":23,"turns":3}],"seed_played":"-5885036777518172196","potions_obtained":[{"floor":7,"key":"Ancient Potion"},{"floor":10,"key":"SmokeBomb"},{"floor":14,"key":"Poison Potion"}],"is_trial":false,"path_per_floor":["M","$","?","?","M","R","E","R","T","M","?","M","E","M","R","B",null,"M","?","?","M","?","E"],"character_chosen":"THE_SILENT","items_purchased":["Sucker Punch"],"campfire_rested":1,"item_purchase_floors":[2],"current_hp_per_floor":[59,59,41,41,40,40,16,36,36,32,70,62,47,47,47,27,59,56,36,36,36,36,0],"gold":336,"neow_bonus":"HUNDRED_GOLD","is_prod":false,"is_daily":false,"chose_seed":false,"campfire_upgraded":2,"win_rate":0,"timestamp":1551650158,"path_taken":["M","$","?","?","M","R","E","R","T","?","?","M","E","M","R","BOSS","M","?","?","M","?","E"],"build_version":"2019-01-23","purchased_purges":1,"victory":false,"max_hp_per_floor":[66,66,66,66,66,66,68,68,68,70,70,70,70,70,70,70,70,70,75,75,75,75,75],"card_choices":[{"not_picked":["Underhanded Strike","Prepared"],"picked":"Acrobatics","floor":1},{"not_picked":["Escape Plan","Calculated Gamble"],"picked":"Cloak And Dagger","floor":5},{"not_picked":["Dagger Throw","All Out Attack","Flying Knee"],"picked":"Singing Bowl","floor":7},{"not_picked":["Deflect","Expertise","Sucker Punch"],"picked":"Singing Bowl","floor":10},{"not_picked":["Footwork","Flying Knee"],"picked":"Dodge and Roll","floor":12},{"not_picked":["Choke","Bouncing Flask"],"picked":"Deflect","floor":13},{"not_picked":["Tactician","Unload"],"picked":"Dodge and Roll","floor":14},{"not_picked":["Adrenaline","Grand Finale"],"picked":"Die Die Die","floor":16},{"not_picked":["Sucker Punch","Bouncing Flask"],"picked":"Quick Slash","floor":18}],"player_experience":811792,"relics_obtained":[{"floor":7,"key":"Bottled Flame"},{"floor":9,"key":"Kunai"},{"floor":13,"key":"Anchor"}],"event_choices":[{"damage_healed":0,"gold_gain":0,"player_choice":"Success","damage_taken":18,"relics_obtained":["Singing Bowl"],"max_hp_gain":0,"max_hp_loss":0,"event_name":"Scrap Ooze","floor":3,"gold_loss":0},{"damage_healed":0,"gold_gain":0,"player_choice":"Forge","damage_taken":0,"max_hp_gain":0,"max_hp_loss":0,"event_name":"Accursed Blacksmith","floor":4,"gold_loss":0,"cards_upgraded":["Sucker Punch"]},{"damage_healed":38,"gold_gain":0,"player_choice":"Full Heal","damage_taken":0,"max_hp_gain":0,"max_hp_loss":0,"event_name":"Wheel of Change","floor":11,"gold_loss":0},{"damage_healed":0,"gold_gain":0,"player_choice":"Shed Blood","damage_taken":25,"max_hp_gain":5,"max_hp_loss":0,"event_name":"Forgotten Altar","floor":19,"gold_loss":0},{"damage_healed":0,"gold_gain":50,"player_choice":"Stole From Cult","damage_taken":0,"max_hp_gain":0,"max_hp_loss":0,"event_name":"Nest","floor":20,"gold_loss":0},{"damage_healed":0,"gold_gain":0,"cards_transformed":["Strike_G"],"player_choice":"Transformed","damage_taken":0,"max_hp_gain":0,"max_hp_loss":0,"event_name":"Transmorgrifier","floor":22,"gold_loss":0,"cards_obtained":["Calculated Gamble"]}],"is_beta":false,"boss_relics":[{"not_picked":["Eternal Feather","Fusion Hammer"],"picked":"Black Star"}],"items_purged_floors":[2],"is_endless":false,"potions_floor_spawned":[7,10,14,16],"killed_by":"Slavers","ascension_level":16}