{"gold_per_floor":[111,187,35,35,52,52,85,85,85,85,120,120,132,207,207,308,308,318,103,36,49,49,49,60,60,60,60,91,0,18,37,37,37],"floor_reached":33,"playtime":2873,"items_purged":["Strike_B"],"score":312,"play_id":"605f0923-e6ce-4930-bee5-ee8d46515311","local_time":"20190308073847","is_ascension_mode":true,"campfire_choices":[{"data":"Sunder","floor":6,"key":"SMITH"},{"data":"Defend_B","floor":8,"key":"SMITH"},{"data":"Defend_B","floor":10,"key":"SMITH"},{"data":"Sweeping Beam","floor":12,"key":"SMITH"},{"data":"Reinforced Body","floor":15,"key":"SMITH"},{"data":"Fusion","floor":23,"key":"SMITH"},{"data":"Biased Cognition","floor":25,"key":"SMITH"},{"data":"Go for the Eyes","floor":27,"key":"SMITH"},{"floor":32,"key":"REST"}],"neow_cost":"NONE","seed_source_timestamp":77720592671308,"circlet_count":0,"master_deck":["Defend_B","Defend_B","Defend_B+1","Defend_B+1","Zap+1","Dualcast","Sunder+1","Ball Lightning","Sweeping Beam+1","Reinforced Body+1","Biased Cognition+1","Fusion+1","Go for the Eyes+1","Conserve Battery","Compile Driver","Stack","White Noise","Self Repair","Reinforced Body","Doom and Gloom","Static Discharge","Steam"],"relics":["Cracked Core","Bag of Preparation","Singing Bowl","Darkstone Periapt","Vajra","Nuclear Battery","Prayer Wheel","Sundial","Mummified Hand"],"potions_floor_usage":[7,13],"damage_taken":[{"damage":0,"enemies":"Small Slimes","floor":1,"turns":4},{"damage":0,"enemies":"Jaw Worm","floor":5,"turns":3},{"damage":10,"enemies":"Gremlin Nob","floor":7,"turns":3},{"damage":14,"enemies":"Lagavulin","floor":11,"turns":7},{"damage":0,"enemies":"2 Louse","floor":13,"turns":1},{"damage":18,"enemies":"Slime Boss","floor":16,"turns":9},{"damage":4,"enemies":"2 Thieves","floor":18,"turns":3},{"damage":12,"enemies":"3 Byrds","floor":21,"turns":4},{"damage":5,"enemies":"3 Cultists","floor":24,"turns":4},{"damage":27,"enemies":"Slavers","floor":28,"turns":6},{"damage":6,"enemies":"Snake Plant","floor":30,"turns":4},{"damage":0,"enemies":"Centurion and Healer","floor":31,"turns":4},{"damage":84,"enemies":"Champ","floor":33,"turns":16}],"seed_played":"8544272622733054694","potions_obtained":[{"floor":1,"key":"SkillPotion"},{"floor":13,"key":"Fruit Juice"},{"floor":28,"key":"Regen Potion"},{"floor":31,"key":"Ancient Potion"}],"is_trial":false,"path_per_floor":["M","?","$","?","M","R","E","R","T","R","E","R","M","?","R","B",null,"M","$","?","M","?","R","M","R","T","R","E","?","M","M","R","B"],"character_chosen":"DEFECT","items_purchased":["Bag of Preparation","Go for the Eyes","Conserve Battery","Compile Driver"],"campfire_rested":1,"item_purchase_floors":[3,19,19,19],"current_hp_per_floor":[75,75,75,75,75,75,65,65,65,65,51,51,56,45,45,27,80,76,76,76,66,66,66,70,70,70,70,43,43,46,55,81,0],"gold":37,"neow_bonus":"REMOVE_CARD","is_prod":false,"is_daily":false,"chose_seed":false,"campfire_upgraded":8,"win_rate":0,"timestamp":1552023527,"path_taken":["M","?","$","?","M","R","E","R","T","R","E","R","M","?","R","BOSS","M","$","?","?","?","R","M","R","T","R","E","?","M","M","R","BOSS"],"build_version":"2019-01-23","purchased_purges":1,"victory":false,"max_hp_per_floor":[75,75,75,75,75,75,75,75,75,75,75,75,80,80,80,80,80,80,80,80,82,82,82,84,84,84,84,84,84,86,88,88,88],"card_choices":[{"not_picked":["Loop","Coolheaded"],"picked":"Sunder","floor":1},{"not_picked":["Gash","Scrape","Streamline"],"picked":"SKIP","floor":5},{"not_picked":["Loop","Stack"],"picked":"Ball Lightning","floor":7},{"not_picked":["Redo","Storm"],"picked":"Sweeping Beam","floor":11},{"not_picked":["Compile Driver","Force Field"],"picked":"Reinforced Body","floor":13},{"not_picked":["All For One","Creative AI"],"picked":"Biased Cognition","floor":16},{"not_picked":["Gash","Reprogram"],"picked":"Fusion","floor":18},{"not_picked":["Aggregate","Turbo","Beam Cell"],"picked":"Singing Bowl","floor":21},{"not_picked":["Undo","Cold Snap"],"picked":"Stack","floor":21},{"not_picked":["Hello World","Gash+1","Beam Cell"],"picked":"Singing Bowl","floor":24},{"not_picked":["Thunder Strike","Reprogram"],"picked":"Reinforced Body","floor":24},{"not_picked":["Self Repair","Undo+1"],"picked":"Doom and Gloom","floor":28},{"not_picked":["Skim","Rip and Tear","Go for the Eyes"],"picked":"Singing Bowl","floor":30},{"not_picked":["Cold Snap","Steam Power"],"picked":"Static Discharge","floor":30},{"not_picked":["Force Field+1","Compile Driver+1"],"picked":"Steam","floor":31},{"not_picked":["Beam Cell","Cold Snap","Compile Driver"],"picked":"Singing Bowl","floor":31}],"player_experience":708226,"relics_obtained":[{"floor":7,"key":"Singing Bowl"},{"floor":9,"key":"Darkstone Periapt"},{"floor":11,"key":"Vajra"},{"floor":26,"key":"Sundial"},{"floor":28,"key":"Mummified Hand"}],"event_choices":[{"damage_healed":0,"gold_gain":76,"player_choice":"Gained Gold","damage_taken":0,"max_hp_gain":0,"max_hp_loss":0,"event_name":"Golden Wing","floor":2,"gold_loss":0},{"damage_healed":0,"gold_gain":0,"player_choice":"Grow","damage_taken":0,"max_hp_gain":0,"max_hp_loss":0,"event_name":"Living Wall","floor":4,"gold_loss":0,"cards_upgraded":["Zap"]},{"damage_healed":0,"gold_gain":75,"player_choice":"Gather Gold","damage_taken":11,"max_hp_gain":0,"max_hp_loss":0,"event_name":"World of Goop","floor":14,"gold_loss":0},{"damage_healed":0,"gold_gain":0,"player_choice":"Paid Gold","damage_taken":0,"relics_obtained":["Prayer Wheel"],"max_hp_gain":0,"max_hp_loss":0,"event_name":"WeMeetAgain","floor":20,"gold_loss":67},{"damage_healed":0,"gold_gain":0,"cards_transformed":["Strike_B","Strike_B"],"player_choice":"Became Test Subject","damage_taken":0,"max_hp_gain":0,"max_hp_loss":0,"event_name":"Drug Dealer","floor":22,"gold_loss":0,"cards_obtained":["White Noise","Self Repair"]},{"damage_healed":0,"gold_gain":0,"player_choice":"Paid Fearfully","damage_taken":0,"max_hp_gain":0,"max_hp_loss":0,"event_name":"Masked Bandits","floor":29,"gold_loss":91}],"is_beta":false,"boss_relics":[{"not_picked":["Runic Dome","Calling Bell"],"picked":"Nuclear Battery"}],"items_purged_floors":[19],"is_endless":false,"potions_floor_spawned":[1,13,28,31],"killed_by":"Champ","ascension_level":3}