{"gold_per_floor":[118,130,130,130,149,149,176,193,193,193,193],"floor_reached":11,"playtime":452,"items_purged":[],"score":146,"play_id":"831cbca2-0989-4a72-be9d-9149a22452a6","local_time":"20190308001858","is_ascension_mode":true,"campfire_choices":[{"data":"Neutralize","floor":6,"key":"SMITH"},{"data":"Cloak And Dagger","floor":10,"key":"SMITH"}],"neow_cost":"NONE","seed_source_timestamp":8131195809300,"circlet_count":0,"master_deck":["AscendersBane","Defend_G","Defend_G","Defend_G","Defend_G","Defend_G","Strike_G","Strike_G","Strike_G","Strike_G","Strike_G","Survivor","Neutralize+1","Flying Knee","Well Laid Plans","Adrenaline","Cloak And Dagger+1"],"relics":["Ring of the Snake","Strawberry","Lantern"],"potions_floor_usage":[7,7],"damage_taken":[{"damage":2,"enemies":"Small Slimes","floor":1,"turns":5},{"damage":0,"enemies":"Jaw Worm","floor":2,"turns":4},{"damage":0,"enemies":"2 Louse","floor":5,"turns":4},{"damage":15,"enemies":"3 Sentries","floor":7,"turns":10},{"damage":15,"enemies":"Exordium Thugs","floor":8,"turns":6},{"damage":45,"enemies":"Lagavulin","floor":11,"turns":8}],"seed_played":"96414389023470313","potions_obtained":[{"floor":1,"key":"Swift Potion"},{"floor":5,"key":"AttackPotion"}],"is_trial":false,"path_per_floor":["M","M","?","?","M","R","E","M","T","R","E"],"character_chosen":"THE_SILENT","items_purchased":[],"campfire_rested":0,"item_purchase_floors":[],"current_hp_per_floor":[63,63,68,68,68,68,60,45,45,45,0],"gold":193,"neow_bonus":"TEN_PERCENT_HP_BONUS","is_prod":false,"is_daily":false,"chose_seed":false,"campfire_upgraded":2,"win_rate":0,"timestamp":1552022338,"path_taken":["M","M","?","?","M","R","E","M","T","R","E"],"build_version":"2019-01-23","purchased_purges":0,"victory":false,"max_hp_per_floor":[72,72,77,77,77,77,84,84,84,84,84],"card_choices":[{"not_picked":["Acrobatics","Bouncing Flask"],"picked":"Flying Knee","floor":1},{"not_picked":["Deflect","Flying Knee"],"picked":"Well Laid Plans","floor":2},{"not_picked":["Outmaneuver","Distraction","Blade Dance"],"picked":"SKIP","floor":5},{"not_picked":["Dagger Spray","Prepared"],"picked":"Adrenaline","floor":7},{"not_picked":["Bane","Blade Dance"],"picked":"Cloak And Dagger","floor":8}],"player_experience":1298887,"relics_obtained":[{"floor":7,"key":"Strawberry"},{"floor":9,"key":"Lantern"}],"event_choices":[{"damage_healed":0,"gold_gain":0,"player_choice":"Donut","damage_taken":0,"max_hp_gain":5,"max_hp_loss":0,"event_name":"Big Fish","floor":3,"gold_loss":0},{"damage_healed":0,"gold_gain":0,"player_choice":"Ignored","damage_taken":0,"max_hp_gain":0,"max_hp_loss":0,"event_name":"Liars Game","floor":4,"gold_loss":0}],"is_beta":false,"boss_relics":[],"items_purged_floors":[],"is_endless":false,"potions_floor_spawned":[1,5],"killed_by":"Lagavulin","ascension_level":20}