{"path_per_floor":["M","M","M","M","M","R","M","E","T","R","M","M","R","$","R","B",null,"M","?","?","?","M","R"],"character_chosen":"IRONCLAD","items_purchased":["Omamori"],"gold_per_floor":[109,121,131,150,161,161,181,210,210,210,220,234,234,77,77,181,181,198,198,198,198,208,208,208],"floor_reached":24,"campfire_rested":1,"playtime":1102,"current_hp_per_floor":[76,80,80,74,55,55,46,36,36,36,31,32,32,32,32,16,64,10,36,36,36,28,52,0],"items_purged":[],"gold":208,"score":310,"play_id":"772023d5-0fcc-45cd-a183-ee0326dd335b","local_time":"20180507114938","is_prod":false,"is_daily":false,"chose_seed":false,"is_ascension_mode":true,"campfire_upgraded":4,"timestamp":1525708178,"path_taken":["M","M","M","M","M","R","M","E","T","R","M","M","R","$","R","BOSS","M","?","?","?","M","R","E"],"build_version":"2018-05-03","seed_source_timestamp":479916522754594,"purchased_purges":0,"victory":false,"master_deck":["Strike_R","Strike_R","Strike_R","Strike_R","Strike_R","Defend_R","Defend_R","Defend_R","Bash+1","AscendersBane","Perfected Strike+1","Seeing Red+1","Uppercut+1","True Grit+1","Ghostly Armor","Ghostly Armor","Dark Embrace","Brutality","Disarm+1","Shrug It Off"],"max_hp_per_floor":[80,80,80,80,80,80,80,80,80,80,80,80,80,80,80,80,80,80,80,80,80,80,80,80],"relics":["Burning Blood","Art of War","Omamori","Philosopher\u0027s Stone","Nloth\u0027s Gift"],"card_choices":[{"not_picked":["Wild Strike","Havoc"],"picked":"Perfected Strike","floor":1},{"not_picked":["Clash","Thunderclap"],"picked":"Seeing Red","floor":2},{"not_picked":["Heavy Blade","Iron Wave"],"picked":"Uppercut","floor":3},{"not_picked":["Headbutt","Body Slam"],"picked":"True Grit","floor":4},{"not_picked":["Twin Strike","Sever Soul"],"picked":"Ghostly Armor","floor":8},{"not_picked":["Sword Boomerang","Shockwave"],"picked":"Ghostly Armor","floor":11},{"not_picked":["Rampage","Second Wind"],"picked":"Dark Embrace","floor":12},{"not_picked":["Limit Break","Exhume"],"picked":"Brutality","floor":16},{"not_picked":["Searing Blow","Havoc"],"picked":"Disarm","floor":18},{"not_picked":["Thunderclap","Clash"],"picked":"Shrug It Off","floor":22}],"player_experience":530534,"potions_floor_usage":[7,8,18,24],"damage_taken":[{"damage":2,"enemies":"Jaw Worm","floor":1,"turns":3},{"damage":0,"enemies":"Small Slimes","floor":2,"turns":3},{"damage":0,"enemies":"2 Louse","floor":3,"turns":2},{"damage":12,"enemies":"Looter","floor":4,"turns":3},{"damage":25,"enemies":"Gremlin Gang","floor":5,"turns":8},{"damage":15,"enemies":"3 Louse","floor":7,"turns":3},{"damage":16,"enemies":"Gremlin Nob","floor":8,"turns":3},{"damage":11,"enemies":"Looter","floor":11,"turns":3},{"damage":5,"enemies":"Red Slaver","floor":12,"turns":5},{"damage":22,"enemies":"The Guardian","floor":16,"turns":13},{"damage":60,"enemies":"3 Byrds","floor":18,"turns":6},{"damage":14,"enemies":"Chosen","floor":22,"turns":4},{"damage":56,"enemies":"Gremlin Leader","floor":24,"turns":6}],"event_choices":[{"event_name":"The Library","player_choice":"Heal","floor":19,"damage_taken":0},{"event_name":"Purifier","player_choice":"One Purge","floor":20,"damage_taken":0},{"event_name":"N\u0027loth","player_choice":"Traded a Ginger","floor":21,"damage_taken":0}],"boss_relics":[{"not_picked":["White Beast Statue","Eternal Feather"],"picked":"Philosopher\u0027s Stone"}],"potions_floor_spawned":[3,7,11,12],"seed_played":"7792230722695678930","killed_by":"Gremlin Leader","ascension_level":11,"is_trial":false}