{"path_per_floor":["M","M","M","?","?","R","?","R","T","M","M","R","E","M","R","B",null,"M","?","$","M","M","E","R","M","T","M","M","?","?","M","R","B",null,"M","?","M","?","$","R","?","$","T","M","?","R","$","M","R","B"],"character_chosen":"IRONCLAD","items_purchased":["Vajra","Feel No Pain","Apotheosis","Limit Break"],"gold_per_floor":[17,28,48,48,48,48,48,48,123,137,154,154,189,205,205,302,302,321,321,23,40,55,83,83,96,123,143,155,80,80,100,100,195,195,210,210,222,222,20,20,270,170,253,264,264,264,119,136,136,136],"floor_reached":51,"campfire_rested":0,"playtime":3288,"current_hp_per_floor":[80,80,80,80,85,85,85,85,85,81,85,85,80,85,85,56,85,85,85,85,88,77,67,67,64,64,79,66,66,66,93,93,31,94,94,94,96,86,86,86,86,86,86,56,108,108,108,110,110,67],"items_purged":["Bite_R","Regret"],"gold":136,"play_id":"5a93955a-8ba7-41ba-a8af-4d269c3c4453","is_prod":false,"is_daily":false,"campfire_rituals":0,"campfire_upgraded":9,"is_hardmode":false,"path_taken":["M","M","M","?","?","R","?","R","T","M","M","R","E","M","R","BOSS","M","?","$","M","M","E","R","M","T","M","M","?","?","M","R","BOSS","M","?","?","?","?","R","?","$","T","M","?","R","$","M","R","BOSS"],"build_version":"2018-01-18-PROD4","purchased_purges":3,"victory":true,"master_deck":["Defend_R","Defend_R","Defend_R","Bash","Shrug It Off","Inflame","Headbutt","Pommel Strike","Whirlwind","Evolve","Fiend Fire","Bite_R","Bite_R","Bite_R","Feel No Pain","Dark Embrace","Battle Trance","Wild Strike","Reaper","Seeing Red","Clothesline","Limit Break","Dual Wield","Madness","Madness","Apotheosis","Limit Break"],"max_hp_per_floor":[80,80,80,80,85,85,85,85,85,85,85,85,85,85,85,85,85,85,85,85,88,91,91,91,91,91,91,94,94,94,94,94,94,94,94,94,96,96,96,96,96,96,96,98,108,108,108,110,110,110],"relics":["Burning Blood","Magic Flower","Meat on the Bone","Sozu","Vajra","Matryoshka","Singing Bowl","Molten Egg","Snecko Eye","Ornamental Fan","Tiny Chest"],"campfire_meditates":0,"card_choices":[{"not_picked":["Burning Pact","Anger"],"picked":"Shrug It Off"},{"not_picked":["Dropkick","Headbutt"],"picked":"Inflame"},{"not_picked":["True Grit","Exhume"],"picked":"Headbutt"},{"not_picked":["Thunderclap","Body Slam"],"picked":"Pommel Strike"},{"not_picked":["Sword Boomerang","Armaments"],"picked":"Whirlwind"},{"not_picked":["Thunderclap","Blood for Blood"],"picked":"Evolve"},{"not_picked":["Perfected Strike","Rage"],"picked":"Fiend Fire"},{"not_picked":["Juggernaut","Bludgeon"],"picked":"Feed"},{"not_picked":["Flex","Warcry"],"picked":"Pommel Strike"},{"not_picked":["Iron Wave","Second Wind"],"picked":"Dark Embrace"},{"not_picked":["Warcry","Body Slam"],"picked":"Battle Trance"},{"not_picked":["Anger","Twin Strike"],"picked":"Wild Strike"},{"not_picked":["Burning Pact","Warcry"],"picked":"Reaper"},{"not_picked":["Clash","Feel No Pain"],"picked":"Seeing Red"},{"not_picked":["Shrug It Off","Iron Wave"],"picked":"Clothesline"},{"not_picked":["Dark Embrace","Reaper"],"picked":"Limit Break"},{"not_picked":["Sword Boomerang","Blood for Blood"],"picked":"Dual Wield"}],"player_experience":220046,"potions_floor_usage":[11,16],"damage_taken":[{"damage":6,"enemies":"Jaw Worm","floor":1,"turns":3},{"damage":0,"enemies":"Cultist","floor":2,"turns":3},{"damage":5,"enemies":"Small Slimes","floor":3,"turns":3},{"damage":13,"enemies":"3 Louse","floor":10,"turns":3},{"damage":0,"enemies":"Looter","floor":11,"turns":3},{"damage":14,"enemies":"Gremlin Nob","floor":13,"turns":3},{"damage":4,"enemies":"2 Fungi Beasts","floor":14,"turns":3},{"damage":56,"enemies":"The Guardian","floor":16,"turns":9},{"damage":2,"enemies":"Spheric Guardian","floor":18,"turns":3},{"damage":10,"enemies":"3 Byrds","floor":21,"turns":4},{"damage":34,"enemies":"Centurion and Healer","floor":22,"turns":7},{"damage":46,"enemies":"Gremlin Leader","floor":23,"turns":6},{"damage":27,"enemies":"Sentry and Sphere","floor":25,"turns":4},{"damage":6,"enemies":"3 Cultists","floor":27,"turns":3},{"damage":42,"enemies":"Snake Plant","floor":28,"turns":4},{"damage":6,"enemies":"Centurion and Healer","floor":31,"turns":3},{"damage":98,"enemies":"Automaton","floor":33,"turns":9},{"damage":10,"enemies":"Orb Walker","floor":35,"turns":2},{"damage":3,"enemies":"3 Darklings","floor":37,"turns":3},{"damage":64,"enemies":"Sphere and 2 Shapes","floor":44,"turns":5},{"damage":0,"enemies":"Maw","floor":48,"turns":6},{"damage":87,"enemies":"Awakened One","floor":50,"turns":7}],"event_choices":[{"event_name":"The Cleric","player_choice":"Leave","floor":4,"damage_taken":0},{"event_name":"Big Fish","player_choice":"Donut","floor":5,"damage_taken":0},{"event_name":"Living Wall","player_choice":"Forget","floor":7,"damage_taken":0},{"event_name":"Vampires","player_choice":"Became a vampire (Vial)","floor":19,"damage_taken":0},{"event_name":"Beggar","player_choice":"Gave Gold","floor":29,"damage_taken":0},{"event_name":"Purifier","player_choice":"One Purge","floor":30,"damage_taken":0},{"event_name":"Winding Halls","player_choice":"Embrace Madness","floor":38,"damage_taken":0},{"event_name":"Golden Shrine","player_choice":"Desecrate","floor":41,"damage_taken":0},{"event_name":"Bonfire Elementals","player_choice":"RARE","floor":45,"damage_taken":0}],"boss_relics":[{"not_picked":["Pandora\u0027s Box","Cursed Key"],"picked":"Sozu"},{"not_picked":["Runic Cube","Orrery"],"picked":"Snecko Eye"}],"potions_floor_spawned":[2,3,10,14,16,23,25,27],"seed_played":"-7859878339931472164","is_trial":false}