{"gold_per_floor":[113,126,52,71,84,84,84,84,153,186,186,186,261,284,284,380,380,395,395,164,183,183],"floor_reached":22,"playtime":893,"items_purged":["Strike_G"],"score":340,"play_id":"cfb3276a-17d2-47ad-bc2f-3393f2867090","local_time":"20190227065359","is_ascension_mode":true,"campfire_choices":[{"data":"Neutralize","floor":6.0,"key":"SMITH"},{"data":"Predator","floor":8.0,"key":"SMITH"},{"data":"Adrenaline","floor":12.0,"key":"SMITH"},{"data":"Deadly Poison","floor":15.0,"key":"SMITH"}],"neow_cost":"NONE","seed_source_timestamp":4445206105037,"circlet_count":0,"master_deck":["AscendersBane","Defend_G","Defend_G","Defend_G","Defend_G","Defend_G","Strike_G","Strike_G","Strike_G","Strike_G","Survivor","Neutralize+1","Masterful Stab","Deadly Poison+1","Predator+1","Adrenaline+1","Malaise","Blur","Footwork"],"special_seed":0,"relics":["Ring of the Snake","Golden Idol","Bottled Flame","Happy Flower","Philosopher\u0027s Stone"],"potions_floor_usage":[],"damage_taken":[{"damage":8.0,"enemies":"Cultist","floor":1.0,"turns":5.0},{"damage":1.0,"enemies":"Small Slimes","floor":2.0,"turns":4.0},{"damage":0.0,"enemies":"2 Louse","floor":4.0,"turns":2.0},{"damage":1.0,"enemies":"Exordium Wildlife","floor":5.0,"turns":4.0},{"damage":6.0,"enemies":"3 Sentries","floor":10.0,"turns":7.0},{"damage":8.0,"enemies":"Exordium Thugs","floor":14.0,"turns":4.0},{"damage":16.0,"enemies":"The Guardian","floor":16.0,"turns":9.0},{"damage":27.0,"enemies":"3 Byrds","floor":18.0,"turns":5.0},{"damage":1,"enemies":"Spheric Guardian","floor":21,"turns":6},{"damage":44,"enemies":"Cultist and Chosen","floor":22,"turns":9}],"seed_played":"-7922291111625878176","potions_obtained":[{"floor":0.0,"key":"Strength Potion"},{"floor":0.0,"key":"Dexterity Potion"},{"floor":10.0,"key":"Ancient Potion"},{"floor":14.0,"key":"Dexterity Potion"},{"floor":16.0,"key":"SteroidPotion"}],"is_trial":false,"path_per_floor":["M","M","$","M","M","R","?","R","T","E","?","R","?","M","R","B",null,"M","?","$","M","M"],"character_chosen":"THE_SILENT","items_purchased":["Predator","Blur","Footwork"],"campfire_rested":0,"item_purchase_floors":[3,20,20],"current_hp_per_floor":[51,50,50,50,49,49,49,49,49,43,43,43,32,24,24,8,47,20,20,20,19,0],"gold":183,"neow_bonus":"THREE_SMALL_POTIONS","is_prod":false,"is_daily":false,"chose_seed":false,"campfire_upgraded":4,"win_rate":0,"timestamp":1551218039,"path_taken":["M","?","$","M","M","R","?","R","T","E","?","R","?","M","R","BOSS","M","?","?","?","M"],"build_version":"2019-01-23","purchased_purges":1,"victory":false,"max_hp_per_floor":[66,66,66,66,66,66,60,60,60,60,60,60,60,60,60,60,60,60,60,60,60,60],"card_choices":[{"not_picked":["Choke","Distraction"],"picked":"Masterful Stab","floor":1.0},{"not_picked":["Bane","Distraction"],"picked":"Deadly Poison","floor":2.0},{"not_picked":["Outmaneuver","Deadly Poison","Finisher"],"picked":"SKIP","floor":4.0},{"not_picked":["Quick Slash","Setup","Finisher"],"picked":"SKIP","floor":5.0},{"not_picked":["Poisoned Stab","Concentrate"],"picked":"Adrenaline","floor":10.0},{"not_picked":["Bane","Infinite Blades","Quick Slash"],"picked":"SKIP","floor":14.0},{"not_picked":["Adrenaline","Glass Knife"],"picked":"Malaise","floor":16.0},{"not_picked":["Finisher","Poisoned Stab","Well Laid Plans"],"picked":"SKIP","floor":18.0},{"not_picked":["Bane","Riddle With Holes","Outmaneuver"],"picked":"SKIP","floor":21}],"player_experience":591523,"relics_obtained":[{"floor":9.0,"key":"Bottled Flame"},{"floor":10.0,"key":"Happy Flower"}],"event_choices":[{"damage_healed":0.0,"max_hp_gain":0.0,"max_hp_loss":6.0,"gold_gain":0.0,"event_name":"Golden Idol","player_choice":"Lose Max HP","floor":7.0,"gold_loss":0.0,"damage_taken":0.0,"relics_obtained":["Golden Idol"]},{"damage_healed":0.0,"max_hp_gain":0.0,"max_hp_loss":0.0,"gold_gain":0.0,"event_name":"Liars Game","player_choice":"Ignored","floor":11.0,"gold_loss":0.0,"damage_taken":0.0},{"damage_healed":0.0,"max_hp_gain":0.0,"max_hp_loss":0.0,"gold_gain":75.0,"event_name":"World of Goop","player_choice":"Gather Gold","floor":13.0,"gold_loss":0.0,"damage_taken":11.0},{"damage_healed":0,"gold_gain":0,"player_choice":"Leave","damage_taken":0,"max_hp_gain":0,"max_hp_loss":0,"event_name":"FaceTrader","floor":19,"gold_loss":0}],"is_beta":false,"boss_relics":[{"not_picked":["Black Star","Runic Pyramid"],"picked":"Philosopher\u0027s Stone"}],"items_purged_floors":[20],"is_endless":false,"potions_floor_spawned":[4,10,14,16,21],"killed_by":"Cultist and Chosen","ascension_level":17}