{"gold_per_floor":[117,292,311,311,321,321,355,355,431,444,461,461,411,429,429,526,526,451,451,451,451,366,366,366,366,366,366],"floor_reached":27,"playtime":1403,"items_purged":[],"score":291,"play_id":"acbc36d2-c753-436c-8182-2b4f0de7476d","local_time":"20190223082426","is_ascension_mode":true,"campfire_choices":[{"data":"Corruption","floor":6,"key":"SMITH"},{"floor":8,"key":"REST"},{"data":"Armaments","floor":12,"key":"SMITH"},{"floor":15,"key":"REST"},{"floor":23,"key":"REST"}],"neow_cost":"PERCENT_DAMAGE","seed_source_timestamp":26966079967100,"circlet_count":0,"master_deck":["Strike_R","Strike_R","Strike_R","Strike_R","Strike_R","Defend_R","Defend_R","Defend_R","Defend_R","Bash","Good Instincts","Purity","True Grit","Pommel Strike","Corruption+1","Cleave","Shrug It Off","Armaments+1","Power Through","Berserk+1","Whirlwind+1","Battle Trance+1","Exhume","Flame Barrier"],"relics":["Burning Blood","Dodecahedron","Frozen Egg 2","Ectoplasm","Nilry\u0027s Codex","Nloth\u0027s Gift","Ginger","Tiny Chest","Lantern"],"potions_floor_usage":[16,16,18,25],"damage_taken":[{"damage":5,"enemies":"2 Louse","floor":1,"turns":4},{"damage":2,"enemies":"Jaw Worm","floor":3,"turns":6},{"damage":6,"enemies":"Cultist","floor":5,"turns":5},{"damage":36,"enemies":"Gremlin Nob","floor":7,"turns":5},{"damage":1,"enemies":"2 Fungi Beasts","floor":10,"turns":3},{"damage":10,"enemies":"3 Louse","floor":11,"turns":4},{"damage":10,"enemies":"Looter","floor":14,"turns":3},{"damage":48,"enemies":"Slime Boss","floor":16,"turns":15},{"damage":50,"enemies":"2 Thieves","floor":18,"turns":5},{"damage":18,"enemies":"Shell Parasite","floor":21,"turns":6},{"damage":0,"enemies":"Snecko","floor":24,"turns":4},{"damage":34,"enemies":"Slavers","floor":25,"turns":6},{"damage":24,"enemies":"Shelled Parasite and Fungi","floor":27,"turns":4}],"seed_played":"2437524289567623145","potions_obtained":[{"floor":1,"key":"Weak Potion"},{"floor":7,"key":"Regen Potion"},{"floor":10,"key":"Energy Potion"},{"floor":11,"key":"Block Potion"},{"floor":18,"key":"FairyPotion"},{"floor":24,"key":"Dexterity Potion"}],"is_trial":false,"path_per_floor":["M","?","M","T","M","R","E","R","T","M","M","R","?","M","R","B",null,"M","?","?","M","?","R","M","E","T","M"],"character_chosen":"IRONCLAD","items_purchased":[],"campfire_rested":3,"item_purchase_floors":[],"current_hp_per_floor":[57,57,61,61,61,61,31,70,70,75,71,71,71,67,80,38,70,40,24,24,12,12,36,42,14,14,0],"gold":366,"neow_bonus":"RANDOM_COLORLESS_2","is_prod":false,"is_daily":false,"chose_seed":false,"campfire_upgraded":2,"win_rate":0,"timestamp":1550906666,"path_taken":["M","?","M","?","M","R","E","R","T","M","M","R","?","M","R","BOSS","M","?","?","?","?","R","M","E","T","M"],"build_version":"2019-01-23","purchased_purges":0,"victory":false,"max_hp_per_floor":[80,80,80,80,80,80,80,80,80,80,80,80,80,80,80,80,80,80,80,80,80,80,80,80,80,80,80],"card_choices":[{"not_picked":["Anger","Heavy Blade"],"picked":"True Grit","floor":1},{"not_picked":["Twin Strike","Shrug It Off"],"picked":"Pommel Strike","floor":3},{"not_picked":["Sever Soul","Rupture"],"picked":"Corruption","floor":5},{"not_picked":["Offering","Carnage"],"picked":"Cleave","floor":7},{"not_picked":["Sword Boomerang","Thunderclap"],"picked":"Shrug It Off","floor":10},{"not_picked":["Twin Strike","Offering"],"picked":"Armaments","floor":11},{"not_picked":["Evolve+1","Flex"],"picked":"Power Through","floor":14},{"not_picked":["Brutality+1","Offering"],"picked":"Berserk+1","floor":16},{"not_picked":["Body Slam","Twin Strike"],"picked":"Whirlwind+1","floor":18},{"not_picked":["Anger","Iron Wave"],"picked":"Battle Trance+1","floor":21},{"not_picked":["Shockwave+1","Armaments"],"picked":"Exhume","floor":24},{"not_picked":["Clash","Rampage"],"picked":"Flame Barrier","floor":25}],"player_experience":346364,"relics_obtained":[{"floor":4,"key":"Dodecahedron"},{"floor":7,"key":"Regal Pillow"},{"floor":9,"key":"Frozen Egg 2"},{"floor":19,"key":"Nilry\u0027s Codex"},{"floor":25,"key":"Tiny Chest"},{"floor":26,"key":"Lantern"}],"event_choices":[{"damage_healed":0,"gold_gain":175,"player_choice":"AGREE","damage_taken":0,"max_hp_gain":0,"max_hp_loss":0,"event_name":"Liars Game","floor":2,"gold_loss":0,"cards_obtained":["Doubt"]},{"cards_removed":["Doubt"],"damage_healed":0,"gold_gain":0,"player_choice":"Card Removal","damage_taken":0,"max_hp_gain":0,"max_hp_loss":0,"event_name":"The Cleric","floor":13,"gold_loss":50},{"damage_healed":0,"gold_gain":0,"player_choice":"Obtained Book","damage_taken":16,"max_hp_gain":0,"max_hp_loss":0,"event_name":"Cursed Tome","floor":19,"gold_loss":0},{"damage_healed":0,"gold_gain":0,"player_choice":"Traded Relic","damage_taken":0,"relics_obtained":["Nloth\u0027s Gift"],"max_hp_gain":0,"max_hp_loss":0,"event_name":"N\u0027loth","floor":20,"relics_lost":["Regal Pillow"],"gold_loss":0},{"damage_healed":0,"gold_gain":0,"player_choice":"Obtained Relic","damage_taken":0,"relics_obtained":["Ginger"],"max_hp_gain":0,"max_hp_loss":0,"event_name":"Addict","floor":22,"gold_loss":85}],"is_beta":false,"boss_relics":[{"not_picked":["Runic Dome","Runic Pyramid"],"picked":"Ectoplasm"}],"items_purged_floors":[],"is_endless":false,"potions_floor_spawned":[1,7,10,11,14,18,24],"killed_by":"Shelled Parasite and Fungi","ascension_level":5}