{"gold_per_floor":[112,129,148,148,159,191,206,239,239,258,269,269,269],"floor_reached":13,"playtime":911,"items_purged":[],"score":114,"play_id":"f5293b15-9249-4788-8c53-cdcfd467db41","local_time":"20181030212041","is_ascension_mode":true,"campfire_choices":[{"data":"Uppercut","floor":12,"key":"SMITH"}],"neow_cost":"NONE","seed_source_timestamp":983497673913155,"circlet_count":0,"master_deck":["Strike_R","Strike_R","Strike_R","Defend_R","Defend_R","Defend_R","Defend_R","Bash","Armaments","Shrug It Off","Battle Trance","Shockwave","Whirlwind","Metallicize","Reaper","Uppercut+1"],"relics":["Burning Blood","Unceasing Top","Frozen Egg 2","Bottled Tornado"],"potions_floor_usage":[8,13,13,13],"damage_taken":[{"damage":5,"enemies":"2 Louse","floor":1,"turns":3},{"damage":1,"enemies":"Cultist","floor":2,"turns":3},{"damage":1,"enemies":"Small Slimes","floor":3,"turns":4},{"damage":22,"enemies":"Gremlin Gang","floor":5,"turns":7},{"damage":33,"enemies":"3 Sentries","floor":6,"turns":13},{"damage":2,"enemies":"Red Slaver","floor":7,"turns":6},{"damage":22,"enemies":"Lagavulin","floor":8,"turns":8},{"damage":11,"enemies":"Looter","floor":10,"turns":5},{"damage":0,"enemies":"Lots of Slimes","floor":11,"turns":1},{"damage":38,"enemies":"Gremlin Nob","floor":13,"turns":4}],"seed_played":"-8106813812152869037","potions_obtained":[{"floor":3,"key":"SpeedPotion"},{"floor":6,"key":"SteroidPotion"},{"floor":10,"key":"Fire Potion"},{"floor":11,"key":"SkillPotion"}],"is_trial":false,"path_per_floor":["M","M","M","?","M","E","M","E","T","M","M","R"],"character_chosen":"IRONCLAD","items_purchased":[],"campfire_rested":0,"item_purchase_floors":[],"current_hp_per_floor":[80,80,80,80,64,37,41,25,25,20,26,26,0],"gold":269,"neow_bonus":"REMOVE_CARD","is_prod":false,"is_daily":false,"chose_seed":false,"campfire_upgraded":1,"win_rate":0,"timestamp":1540952441,"path_taken":["M","M","M","?","M","E","M","E","T","M","M","R","E"],"build_version":"2018-10-25v2","purchased_purges":0,"victory":false,"max_hp_per_floor":[80,80,80,80,80,80,80,80,80,80,80,80,80],"card_choices":[{"not_picked":["Havoc","Dropkick"],"picked":"Armaments","floor":1},{"not_picked":["Twin Strike","Heavy Blade"],"picked":"Shrug It Off","floor":2},{"not_picked":["Rage","Twin Strike"],"picked":"Battle Trance","floor":3},{"not_picked":["Wild Strike","Armaments"],"picked":"Shockwave","floor":5},{"not_picked":["Body Slam","Pommel Strike"],"picked":"Whirlwind","floor":6},{"not_picked":["Flex","Hemokinesis"],"picked":"Metallicize","floor":7},{"not_picked":["Searing Blow","Feel No Pain"],"picked":"Reaper","floor":8},{"not_picked":["Warcry","Evolve+1"],"picked":"Uppercut","floor":10},{"not_picked":["Sword Boomerang","Clash","Havoc"],"picked":"SKIP","floor":11}],"player_experience":146184,"relics_obtained":[{"floor":6,"key":"Unceasing Top"},{"floor":8,"key":"Frozen Egg 2"},{"floor":9,"key":"Bottled Tornado"}],"event_choices":[{"cards_removed":["Strike_R"],"damage_healed":0,"gold_gain":0,"player_choice":"Purged","damage_taken":0,"max_hp_gain":0,"max_hp_loss":0,"event_name":"Purifier","floor":4,"gold_loss":0}],"is_beta":false,"boss_relics":[],"items_purged_floors":[],"is_endless":false,"potions_floor_spawned":[3,6,10,11],"killed_by":"Gremlin Nob","ascension_level":3}