{"gold_per_floor":[111,61,79,4,18,79,79,98,98,98,111,140,158,175,175,273,273,284,296,79,79,92,117,117,132,132,149,166,180,180,200,200,304,304,322,333,349,69,84,84,104,137,162,175,225,235,261,261,261,261],"floor_reached":51,"playtime":12812,"items_purged":["Defend_B"],"score":824,"play_id":"941122cc-ffb0-4ef8-8ac8-f4f08e408962","local_time":"20190128195225","is_ascension_mode":false,"campfire_choices":[{"data":"Chill","floor":7,"key":"SMITH"},{"data":"Scrape","floor":10,"key":"SMITH"},{"data":"Redo","floor":15,"key":"SMITH"},{"data":"Turbo","floor":24,"key":"SMITH"},{"data":"Dualcast","floor":32,"key":"SMITH"},{"floor":40,"key":"REST"},{"data":"All For One","floor":49,"key":"SMITH"}],"neow_cost":"NONE","seed_source_timestamp":1318080925965520,"circlet_count":0,"master_deck":["Strike_B","Defend_B","Defend_B","Zap+1","Dualcast+1","Redo+1","Leap","Chill+1","Coolheaded","Scrape+1","Turbo+1","Meteor Strike","Undo","Hologram","All For One+1","Redo","Go for the Eyes","Good Instincts","Steam","Scrape","Beam Cell","Ball Lightning+1","Reinforced Body+1","Consume","Go for the Eyes+1","Hologram","Gash","Machine Learning","Hologram+1","Self Repair+1","Redo+1","FTL","Hologram+1","White Noise+1","Seek","Stack","Skim","Beam Cell+1","Beam Cell+1"],"relics":["Cracked Core","Tiny Chest","Bottled Flame","FossilizedHelix","Empty Cage","Shuriken","Dodecahedron","Lizard Tail","Ornamental Fan","Letter Opener","Bronze Scales","Thread and Needle","Regal Pillow"],"potions_floor_usage":[16,16,16,16,16,29,33,33,42,50],"damage_taken":[{"damage":0,"enemies":"2 Louse","floor":1,"turns":3},{"damage":0,"enemies":"Cultist","floor":3,"turns":3},{"damage":0,"enemies":"Small Slimes","floor":5,"turns":3},{"damage":33,"enemies":"Gremlin Nob","floor":6,"turns":4},{"damage":10,"enemies":"Blue Slaver","floor":8,"turns":3},{"damage":0,"enemies":"Large Slime","floor":11,"turns":5},{"damage":9,"enemies":"Lagavulin","floor":12,"turns":7},{"damage":0,"enemies":"2 Fungi Beasts","floor":13,"turns":3},{"damage":0,"enemies":"Exordium Thugs","floor":14,"turns":3},{"damage":14,"enemies":"The Guardian","floor":16,"turns":15},{"damage":0,"enemies":"2 Thieves","floor":18,"turns":5},{"damage":0,"enemies":"Shell Parasite","floor":19,"turns":5},{"damage":0,"enemies":"Snecko","floor":22,"turns":4},{"damage":7,"enemies":"Slavers","floor":23,"turns":8},{"damage":5,"enemies":"Shelled Parasite and Fungi","floor":25,"turns":8},{"damage":0,"enemies":"Sentry and Sphere","floor":27,"turns":5},{"damage":7,"enemies":"Snake Plant","floor":28,"turns":2},{"damage":0,"enemies":"3 Cultists","floor":29,"turns":8},{"damage":3,"enemies":"Cultist and Chosen","floor":31,"turns":7},{"damage":22,"enemies":"Collector","floor":33,"turns":11},{"damage":10,"enemies":"3 Darklings","floor":35,"turns":7},{"damage":0,"enemies":"Orb Walker","floor":36,"turns":3},{"damage":22,"enemies":"Spire Growth","floor":37,"turns":5},{"damage":3,"enemies":"Maw","floor":39,"turns":10},{"damage":0,"enemies":"Transient","floor":41,"turns":5},{"damage":36,"enemies":"Giant Head","floor":42,"turns":8},{"damage":0,"enemies":"Sphere and 2 Shapes","floor":44,"turns":3},{"damage":0,"enemies":"2 Orb Walkers","floor":45,"turns":5},{"damage":0,"enemies":"Maw","floor":46,"turns":7},{"damage":4,"enemies":"Nemesis","floor":47,"turns":3},{"damage":0,"enemies":"Donu and Deca","floor":50,"turns":8}],"seed_played":"4225117896498163921","potions_obtained":[{"floor":3,"key":"Energy Potion"},{"floor":6,"key":"EntropicBrew"},{"floor":12,"key":"AttackPotion"},{"floor":13,"key":"Ancient Potion"},{"floor":22,"key":"Energy Potion"},{"floor":25,"key":"EssenceOfSteel"},{"floor":31,"key":"Weak Potion"},{"floor":33,"key":"Explosive Potion"},{"floor":36,"key":"Weak Potion"},{"floor":37,"key":"Ancient Potion"},{"floor":44,"key":"FairyPotion"}],"is_trial":false,"path_per_floor":["M","?","M","$","M","E","R","M","T","R","M","E","M","M","R","B",null,"M","M","$","?","M","E","R","M","T","M","M","M","?","M","R","B",null,"M","M","M","$","M","R","M","E","T","M","?","M","E","?","R","B",null],"character_chosen":"DEFECT","items_purchased":["Good Instincts","Steam","Scrape","Ornamental Fan","FTL"],"campfire_rested":1,"item_purchase_floors":[20,20,20,38,38],"current_hp_per_floor":[75,75,75,75,75,42,42,32,32,32,32,23,23,23,23,9,75,75,75,75,75,75,68,68,63,63,63,56,56,56,53,53,31,75,65,65,53,53,60,75,75,49,49,49,59,69,75,71,71,71],"gold":261,"neow_bonus":"UPGRADE_CARD","is_prod":false,"is_daily":false,"chose_seed":false,"campfire_upgraded":6,"win_rate":0.0,"timestamp":1548701545,"path_taken":["M","?","M","$","M","E","R","M","T","R","M","E","M","M","R","BOSS","M","M","$","?","M","E","R","?","T","?","M","M","?","M","R","BOSS","M","M","M","$","M","R","M","E","T","M","?","M","E","?","R","BOSS"],"build_version":"2019-01-23","purchased_purges":1,"victory":true,"max_hp_per_floor":[75,75,75,75,75,75,75,75,75,75,75,75,75,75,75,75,75,75,75,75,75,75,75,75,75,75,75,75,75,75,75,75,75,75,75,75,75,75,75,75,75,75,75,75,75,75,75,71,71,71],"card_choices":[{"not_picked":["Sweeping Beam","Compile Driver"],"picked":"Redo","floor":1},{"not_picked":["Beam Cell","Hologram"],"picked":"Leap","floor":3},{"not_picked":["Leap","Sweeping Beam"],"picked":"Chill","floor":5},{"not_picked":["Go for the Eyes","Stack"],"picked":"Coolheaded","floor":6},{"not_picked":["Go for the Eyes","Chill"],"picked":"Scrape","floor":8},{"not_picked":["Conserve Battery","Loop"],"picked":"Turbo","floor":11},{"not_picked":["Auto Shields","Self Repair"],"picked":"Meteor Strike","floor":12},{"not_picked":["Force Field","Compile Driver"],"picked":"Undo","floor":13},{"not_picked":["Melter","Compile Driver"],"picked":"Hologram","floor":14},{"not_picked":["Biased Cognition","Multi-Cast"],"picked":"All For One","floor":16},{"not_picked":["Force Field","Self Repair"],"picked":"Redo","floor":18},{"not_picked":["Heatsinks+1","Conserve Battery"],"picked":"Go for the Eyes","floor":19},{"not_picked":["White Noise","Redo"],"picked":"Beam Cell","floor":22},{"not_picked":["Fission","Chill"],"picked":"Ball Lightning+1","floor":23},{"not_picked":["Chill","Glacier+1"],"picked":"Reinforced Body+1","floor":25},{"not_picked":["Hello World","Conserve Battery"],"picked":"Consume","floor":27},{"not_picked":["Auto Shields+1","Chill"],"picked":"Go for the Eyes+1","floor":28},{"not_picked":["Double Energy","Steam Power+1"],"picked":"Hologram","floor":29},{"not_picked":["Barrage+1","Redo"],"picked":"Gash","floor":31},{"not_picked":["Rainbow","Echo Form"],"picked":"Machine Learning","floor":33},{"not_picked":["Force Field","Storm+1"],"picked":"Hologram+1","floor":35},{"not_picked":["Rebound","Stack+1"],"picked":"Self Repair+1","floor":36},{"not_picked":["Lockon","Coolheaded+1"],"picked":"Redo+1","floor":37},{"not_picked":["Barrage+1","Go for the Eyes"],"picked":"Hologram+1","floor":39},{"not_picked":["Hologram+1","Steam+1"],"picked":"White Noise+1","floor":41},{"not_picked":["Glacier","Cold Snap+1"],"picked":"Seek","floor":42},{"not_picked":["Self Repair+1","Scrape+1"],"picked":"Stack","floor":44},{"not_picked":["Ball Lightning","Lockon+1"],"picked":"Skim","floor":45},{"not_picked":["Conserve Battery+1","Undo"],"picked":"Beam Cell+1","floor":46},{"not_picked":["Aggregate","Rebound"],"picked":"Beam Cell+1","floor":47}],"player_experience":53253,"relics_obtained":[{"floor":6,"key":"Tiny Chest"},{"floor":9,"key":"Bottled Flame"},{"floor":12,"key":"FossilizedHelix"},{"floor":23,"key":"Shuriken"},{"floor":26,"key":"Dodecahedron"},{"floor":42,"key":"Letter Opener"},{"floor":43,"key":"Bronze Scales"},{"floor":45,"key":"Thread and Needle"},{"floor":47,"key":"Regal Pillow"}],"event_choices":[{"cards_removed":["Strike_B"],"damage_healed":0,"gold_gain":0,"player_choice":"Card Removal","damage_taken":0,"max_hp_gain":0,"max_hp_loss":0,"event_name":"The Cleric","floor":2,"gold_loss":50},{"cards_removed":["Strike_B"],"damage_healed":0,"gold_gain":0,"player_choice":"Purged","damage_taken":0,"max_hp_gain":0,"max_hp_loss":0,"event_name":"Purifier","floor":21,"gold_loss":0},{"damage_healed":0,"gold_gain":0,"player_choice":"Ignored","damage_taken":0,"max_hp_gain":0,"max_hp_loss":0,"event_name":"Ghosts","floor":30,"gold_loss":0},{"damage_healed":0,"gold_gain":0,"player_choice":"Fight","damage_taken":0,"max_hp_gain":0,"max_hp_loss":0,"event_name":"Mysterious Sphere","floor":45,"gold_loss":0},{"damage_healed":0,"gold_gain":0,"player_choice":"Max HP","damage_taken":0,"max_hp_gain":0,"max_hp_loss":4,"event_name":"Winding Halls","floor":48,"gold_loss":0}],"is_beta":false,"boss_relics":[{"not_picked":["Eternal Feather","Sozu"],"picked":"Empty Cage"},{"not_picked":["Astrolabe","Coffee Dripper"],"picked":"Lizard Tail"}],"items_purged_floors":[4],"is_endless":false,"potions_floor_spawned":[3,6,12,13,14,22,25,27,31,33,36,37,44,47],"ascension_level":0}