{"gold_per_floor":[115,115,65,85,85,118,43,59,59,59,59,86,97,110,110,205,205,221,221,239,257,6,6,6,6,6,19,44,44,54,2,2,2],"floor_reached":33,"playtime":2432,"items_purged":["Defend_B","Strike_B"],"score":300,"play_id":"63b60961-7749-4c82-9450-0b36e88f7842","local_time":"20180717002946","is_ascension_mode":false,"campfire_choices":[{"data":"Sunder","floor":11,"key":"SMITH"},{"floor":15,"key":"REST"},{"floor":23,"key":"REST"},{"floor":25,"key":"REST"},{"floor":32,"key":"REST"}],"neow_cost":"NONE","seed_source_timestamp":361720346858119,"circlet_count":0,"master_deck":["Strike_B","Defend_B","Zap+1","Dualcast","Rebound","Zap","Sunder+1","Loop","Hologram","Static Discharge","Amplify","Leap","Hologram","Conserve Battery","Beam Cell","Defragment"],"relics":["Cracked Core","NeowsBlessing","Blue Candle","Dream Catcher","Gambling Chip","Empty Cage","Enchiridion","Orichalcum","Toxic Egg 2","Gremlin Horn","Singing Bowl"],"potions_floor_usage":[16,20,30,30,33,33,33],"damage_taken":[{"damage":0,"enemies":"Jaw Worm","floor":1,"turns":1},{"damage":0,"enemies":"2 Louse","floor":4,"turns":1},{"damage":0,"enemies":"3 Sentries","floor":6,"turns":1},{"damage":0,"enemies":"Cultist","floor":8,"turns":2},{"damage":21,"enemies":"Lagavulin","floor":12,"turns":5},{"damage":14,"enemies":"Blue Slaver","floor":13,"turns":3},{"damage":6,"enemies":"Exordium Wildlife","floor":14,"turns":2},{"damage":30,"enemies":"The Guardian","floor":16,"turns":6},{"damage":19,"enemies":"Spheric Guardian","floor":18,"turns":3},{"damage":10,"enemies":"3 Byrds","floor":20,"turns":3},{"damage":25,"enemies":"Snake Plant","floor":21,"turns":3},{"damage":3,"enemies":"Cultist and Chosen","floor":27,"turns":4},{"damage":41,"enemies":"Slavers","floor":28,"turns":4},{"damage":3,"enemies":"Snecko","floor":30,"turns":4},{"damage":32,"enemies":"Collector","floor":33,"turns":8}],"seed_played":"2659787143572002334","potions_obtained":[{"floor":1,"key":"AttackPotion"},{"floor":8,"key":"Energy Potion"},{"floor":13,"key":"SpeedPotion"},{"floor":14,"key":"Explosive Potion"},{"floor":21,"key":"Dexterity Potion"},{"floor":27,"key":"SpeedPotion"},{"floor":30,"key":"Explosive Potion"}],"is_trial":false,"path_per_floor":["M","?","?","M","?","E","$","M","T","?","R","E","M","M","R","B",null,"M","?","M","M","$","R","?","R","T","M","E","T","M","$","R"],"character_chosen":"DEFECT","items_purchased":["Orichalcum","SkillPotion"],"campfire_rested":4,"item_purchase_floors":[22,31],"current_hp_per_floor":[75,75,75,75,75,75,75,75,75,75,75,54,40,34,56,26,75,56,40,30,5,5,27,27,49,49,46,5,5,2,2,26,0],"gold":2,"neow_bonus":"THREE_ENEMY_KILL","is_prod":false,"is_daily":false,"chose_seed":false,"campfire_upgraded":1,"win_rate":0,"timestamp":1531776586,"path_taken":["M","?","?","M","?","E","$","?","T","?","R","E","M","M","R","BOSS","M","?","?","M","$","R","?","R","T","M","E","?","M","?","R","BOSS"],"build_version":"2018-07-12","purchased_purges":2,"victory":false,"max_hp_per_floor":[75,75,75,75,75,75,75,75,75,75,75,75,75,75,75,75,75,75,75,75,75,75,75,75,75,75,75,75,75,75,75,77,77],"card_choices":[{"not_picked":["Skim","Hello World","Barrage"],"picked":"SKIP","floor":1},{"not_picked":["Barrage","Stack"],"picked":"Rebound","floor":4},{"not_picked":["Chaos","Aggregate","Blizzard"],"picked":"SKIP","floor":6},{"not_picked":["Steam","Compile Driver","Fusion"],"picked":"SKIP","floor":8},{"not_picked":["Chill","Skim"],"picked":"Loop","floor":12},{"not_picked":["Redo","Gash","Steam"],"picked":"SKIP","floor":13},{"not_picked":["Barrage","Reboot"],"picked":"Hologram","floor":14},{"not_picked":["Coolheaded","Steam"],"picked":"Static Discharge","floor":15},{"not_picked":["Multi-Cast","Biased Cognition"],"picked":"Amplify","floor":16},{"not_picked":["Barrage","Gash+1"],"picked":"Leap","floor":18},{"not_picked":["Sweeping Beam","Aggregate","Cold Snap"],"picked":"SKIP","floor":20},{"not_picked":["Sweeping Beam","Rebound"],"picked":"Hologram","floor":21},{"not_picked":["Steam+1","Cold Snap+1"],"picked":"Conserve Battery","floor":23},{"not_picked":["All For One","Cold Snap+1","Sunder"],"picked":"SKIP","floor":27},{"not_picked":["Sweeping Beam","Sunder"],"picked":"Beam Cell","floor":28},{"not_picked":["Gash","Barrage"],"picked":"Defragment","floor":30},{"not_picked":["Biased Cognition","Steam+1","Rip and Tear"],"picked":"Singing Bowl","floor":32}],"player_experience":113293,"relics_obtained":[{"floor":6,"key":"Blue Candle"},{"floor":9,"key":"Dream Catcher"},{"floor":12,"key":"Gambling Chip"},{"floor":19,"key":"Enchiridion"},{"floor":26,"key":"Toxic Egg 2"},{"floor":28,"key":"Gremlin Horn"},{"floor":29,"key":"Singing Bowl"}],"event_choices":[{"event_name":"Living Wall","player_choice":"Grow","floor":2,"damage_taken":0},{"event_name":"The Cleric","player_choice":"Card Removal","floor":3,"damage_taken":0},{"event_name":"Purifier","player_choice":"One Purge","floor":5,"damage_taken":0},{"event_name":"Match and Keep!","player_choice":"2 cards matched","floor":10,"damage_taken":0},{"event_name":"Match and Keep!","player_choice":"2 cards matched","floor":10,"damage_taken":0},{"event_name":"Cursed Tome","player_choice":"Obtained Book","floor":19,"damage_taken":0},{"event_name":"Drug Dealer","player_choice":"Ignored","floor":24,"damage_taken":0}],"boss_relics":[{"not_picked":["Orrery","Tiny House"],"picked":"Empty Cage"}],"items_purged_floors":[7,22],"is_endless":false,"potions_floor_spawned":[1,8,13,14,21,27,30],"killed_by":"Collector","ascension_level":0}