{"gold_per_floor":[115,133,133,152,164,199,199,215,215,233,233,248,248,282,282,382,382,394,394,22,22,38,38,55,85,134,4,4,35,35,48,48,48],"floor_reached":33,"playtime":2037,"items_purged":["Strike_B","Strike_B"],"score":438,"play_id":"1cc0f6ca-aaf5-4392-81f8-df1ad5f03fe2","local_time":"20190223024252","is_ascension_mode":true,"campfire_choices":[{"data":"Rip and Tear","floor":7,"key":"SMITH"},{"floor":11,"key":"REST"},{"data":"Glacier","floor":13,"key":"SMITH"},{"floor":15,"key":"DIG"},{"floor":23,"key":"REST"},{"floor":25,"key":"DIG"},{"floor":28,"key":"DIG"},{"floor":30,"key":"DIG"},{"floor":32,"key":"REST"}],"neow_cost":"NONE","seed_source_timestamp":189830435376815,"circlet_count":0,"master_deck":["Defend_B","Defend_B","Defend_B","Defend_B","Zap","Dualcast+1","Turbo","White Noise","Glacier+1","Rip and Tear+1","Go for the Eyes","White Noise","Ball Lightning","White Noise","Coolheaded","Reboot","Turbo","Steam","Reinforced Body","Echo Form+1"],"relics":["Cracked Core","Art of War","Boot","Anchor","Shovel","Frozen Egg 2","Empty Cage","Membership Card","Potion Belt","Tiny Chest","Bag of Marbles","Question Card","Kunai","Letter Opener"],"potions_floor_usage":[6,14,16,29,33,33,33],"damage_taken":[{"damage":1,"enemies":"Cultist","floor":1,"turns":4},{"damage":7,"enemies":"Small Slimes","floor":2,"turns":4},{"damage":7,"enemies":"Jaw Worm","floor":4,"turns":3},{"damage":0,"enemies":"2 Fungi Beasts","floor":5,"turns":4},{"damage":31,"enemies":"Gremlin Nob","floor":6,"turns":5},{"damage":0,"enemies":"Blue Slaver","floor":8,"turns":2},{"damage":0,"enemies":"3 Louse","floor":10,"turns":2},{"damage":0,"enemies":"Exordium Wildlife","floor":12,"turns":3},{"damage":0,"enemies":"3 Sentries","floor":14,"turns":3},{"damage":29,"enemies":"Slime Boss","floor":16,"turns":9},{"damage":12,"enemies":"Chosen","floor":18,"turns":5},{"damage":10,"enemies":"Spheric Guardian","floor":22,"turns":4},{"damage":15,"enemies":"Snake Plant","floor":24,"turns":5},{"damage":24,"enemies":"Slavers","floor":29,"turns":5},{"damage":8,"enemies":"Centurion and Healer","floor":31,"turns":9},{"damage":58,"enemies":"Collector","floor":33,"turns":19}],"seed_played":"5742280659439769073","potions_obtained":[{"floor":2,"key":"FairyPotion"},{"floor":4,"key":"SkillPotion"},{"floor":6,"key":"Fire Potion"},{"floor":10,"key":"FairyPotion"},{"floor":12,"key":"PowerPotion"},{"floor":18,"key":"Strength Potion"},{"floor":24,"key":"SpeedPotion"},{"floor":29,"key":"SteroidPotion"}],"is_trial":false,"path_per_floor":["M","M","?","M","M","E","R","M","T","M","R","M","R","E","R","B",null,"M","?","$","?","M","R","M","R","T","$","R","E","R","M","R","B"],"character_chosen":"DEFECT","items_purchased":["Membership Card","Potion Belt","Regen Potion","Steam","Echo Form+1"],"campfire_rested":3,"item_purchase_floors":[20,20,20,20,27],"current_hp_per_floor":[67,60,60,53,53,22,22,22,22,22,44,44,44,44,44,15,60,48,34,34,34,24,48,33,33,33,33,33,23,23,15,39,0],"gold":48,"neow_bonus":"RANDOM_COMMON_RELIC","is_prod":false,"is_daily":false,"chose_seed":false,"campfire_upgraded":2,"win_rate":0,"timestamp":1550907772,"path_taken":["M","M","?","M","M","E","R","M","T","M","R","M","R","E","R","BOSS","M","?","$","?","M","R","M","R","T","$","R","E","R","?","R","BOSS"],"build_version":"2019-01-23","purchased_purges":2,"victory":false,"max_hp_per_floor":[75,75,75,75,75,75,75,75,75,75,75,75,75,75,75,75,75,75,80,80,80,80,80,80,80,80,80,80,80,80,80,80,80],"card_choices":[{"not_picked":["Redo","Cold Snap"],"picked":"Turbo","floor":1},{"not_picked":["Hello World","Coolheaded"],"picked":"White Noise","floor":2},{"not_picked":["Chaos","Reprogram"],"picked":"Glacier","floor":4},{"not_picked":["Defragment","Conserve Battery"],"picked":"Rip and Tear","floor":5},{"not_picked":["Storm","Glacier"],"picked":"Go for the Eyes","floor":6},{"not_picked":["Hello World","Barrage"],"picked":"White Noise","floor":8},{"not_picked":["Meteor Strike","Sweeping Beam"],"picked":"Ball Lightning","floor":10},{"not_picked":["Conserve Battery","Sweeping Beam"],"picked":"White Noise","floor":12},{"not_picked":["Compile Driver","Ball Lightning"],"picked":"Coolheaded","floor":14},{"not_picked":["Multi-Cast","Electrodynamics+1"],"picked":"Reboot","floor":16},{"not_picked":["Streamline+1","Undo"],"picked":"Turbo","floor":18},{"not_picked":["Redo","Darkness","Turbo"],"picked":"SKIP","floor":22},{"not_picked":["Stack+1","BootSequence+1"],"picked":"Reinforced Body","floor":24},{"not_picked":["Sweeping Beam+1","Rebound","FTL","Redo"],"picked":"SKIP","floor":29},{"not_picked":["Coolheaded","Streamline","Cold Snap","Redo+1"],"picked":"SKIP","floor":31}],"player_experience":688579,"relics_obtained":[{"floor":6,"key":"Anchor"},{"floor":14,"key":"Shovel"},{"floor":15,"key":"Frozen Egg 2"},{"floor":25,"key":"Tiny Chest"},{"floor":26,"key":"Bag of Marbles"},{"floor":28,"key":"Question Card"},{"floor":29,"key":"Kunai"},{"floor":30,"key":"Letter Opener"}],"event_choices":[{"damage_healed":0,"gold_gain":0,"player_choice":"Gave Potion","damage_taken":0,"relics_obtained":["Boot"],"max_hp_gain":0,"max_hp_loss":0,"event_name":"WeMeetAgain","floor":3,"gold_loss":0},{"damage_healed":0,"gold_gain":0,"player_choice":"Shed Blood","damage_taken":19,"max_hp_gain":5,"max_hp_loss":0,"event_name":"Forgotten Altar","floor":19,"gold_loss":0},{"damage_healed":0,"gold_gain":0,"player_choice":"Forge","damage_taken":0,"max_hp_gain":0,"max_hp_loss":0,"event_name":"Accursed Blacksmith","floor":21,"gold_loss":0,"cards_upgraded":["Dualcast"]}],"is_beta":false,"boss_relics":[{"not_picked":["Runic Dome","Runic Pyramid"],"picked":"Empty Cage"}],"items_purged_floors":[20,27],"is_endless":false,"potions_floor_spawned":[2,4,6,10,12,18,24,29],"killed_by":"Collector","ascension_level":9}