{"gold_per_floor":[11,11,27,38,38,81,81,31,110,135,43,43,66,89,89,215,215,231,255,255,274,274,274,312,237,282,326,326,357,382,405,405,526,526,540,556,624,846,846,846,885,885,912,788,809,834,834,854,854,854],"floor_reached":51,"playtime":5172,"items_purged":["Intimidate"],"score":742,"play_id":"097f06d9-8a00-42e9-80ad-1122006afe95","local_time":"20180709211922","is_ascension_mode":false,"campfire_choices":[{"data":"1","floor":7.0,"key":"LIFT"},{"data":"2","floor":12.0,"key":"LIFT"},{"floor":15.0,"key":"REST"},{"data":"3","floor":23.0,"key":"LIFT"},{"floor":28.0,"key":"REST"},{"data":"Juggernaut","floor":32.0,"key":"SMITH"},{"data":"Rampage","floor":40,"key":"SMITH"},{"data":"Carnage","floor":42,"key":"SMITH"},{"data":"Iron Wave","floor":47,"key":"SMITH"},{"floor":49,"key":"REST"}],"neow_cost":"NO_GOLD","seed_source_timestamp":0,"circlet_count":0,"master_deck":["Strike_R+1","Strike_R+1","Strike_R+1","Strike_R+1","Strike_R+1","Defend_R+1","Defend_R+1","Defend_R+1","Bash","Carnage+1","Shrug It Off","Headbutt","Iron Wave+1","Dramatic Entrance","Juggernaut+1","Cleave","Seeing Red","Body Slam","Flame Barrier","Clash","Feed","Iron Wave","Rampage+1","Reaper","Burning Pact+1","True Grit+1","Entrench+1","Body Slam"],"special_seed":17721,"relics":["Burning Blood","Charon\u0027s Ashes","Anchor","Golden Idol","Girya","Shuriken","Black Star","Lantern","Bronze Scales","Boot","Bag of Preparation","Orichalcum","Red Mask","Velvet Choker","Dodecahedron","Potion Belt","Pen Nib","Happy Flower"],"potions_floor_usage":[50,50],"damage_taken":[{"damage":7.0,"enemies":"Small Slimes","floor":1.0,"turns":4.0},{"damage":1.0,"enemies":"Jaw Worm","floor":3.0,"turns":2.0},{"damage":0.0,"enemies":"2 Louse","floor":4.0,"turns":2.0},{"damage":19.0,"enemies":"3 Sentries","floor":6.0,"turns":7.0},{"damage":15.0,"enemies":"Large Slime","floor":10.0,"turns":5.0},{"damage":4.0,"enemies":"Exordium Thugs","floor":13.0,"turns":3.0},{"damage":0.0,"enemies":"3 Louse","floor":14.0,"turns":1.0},{"damage":60.0,"enemies":"Hexaghost","floor":16.0,"turns":11.0},{"damage":20.0,"enemies":"Shell Parasite","floor":18.0,"turns":6.0},{"damage":13.0,"enemies":"2 Thieves","floor":19.0,"turns":3.0},{"damage":3.0,"enemies":"Chosen and Byrds","floor":21.0,"turns":4.0},{"damage":32.0,"enemies":"Book of Stabbing","floor":24.0,"turns":5.0},{"damage":22.0,"enemies":"Gremlin Leader","floor":27.0,"turns":5.0},{"damage":0.0,"floor":29.0,"turns":2.0},{"damage":0.0,"enemies":"Snake Plant","floor":30.0,"turns":2.0},{"damage":0.0,"enemies":"Slaver and Parasite","floor":31.0,"turns":4.0},{"damage":67.0,"enemies":"Champ","floor":33.0,"turns":11.0},{"damage":0,"enemies":"3 Shapes","floor":35,"turns":2},{"damage":0,"enemies":"Orb Walker","floor":36,"turns":2},{"damage":0,"enemies":"2 Orb Walkers","floor":41,"turns":3},{"damage":0,"enemies":"Sphere and 2 Shapes","floor":45,"turns":3},{"damage":19,"enemies":"Maw","floor":46,"turns":5},{"damage":2,"enemies":"3 Darklings","floor":48,"turns":3},{"damage":110,"enemies":"Awakened One","floor":50,"turns":10}],"seed_played":"2365577451791200373","potions_obtained":[{"floor":1.0,"key":"Block Potion"},{"floor":3.0,"key":"FairyPotion"},{"floor":10.0,"key":"Fire Potion"},{"floor":13.0,"key":"Energy Potion"},{"floor":19.0,"key":"Ancient Potion"},{"floor":24.0,"key":"Block Potion"},{"floor":33.0,"key":"Block Potion"},{"floor":48,"key":"SkillPotion"}],"is_trial":false,"path_per_floor":["M","?","M","M","?","E","R","?","T","M","$","R","M","M","R","B",null,"M","M","?","M","?","R","E","?","T","E","R","?","M","M","R","B",null,"M","M","T","?","?","R","E","R","T","$","M","M","R","M","R","B"],"character_chosen":"IRONCLAD","items_purchased":["Dramatic Entrance","Fire Potion"],"campfire_rested":3,"item_purchase_floors":[11,44],"current_hp_per_floor":[79,79,80,80,60,47,47,47,47,38,38,38,40,46,70,16,80,66,59,59,62,67,67,41,41,41,25,49,55,61,70,70,9,83,83,86,86,86,86,86,86,86,86,86,86,73,73,77,86,14],"gold":854,"neow_bonus":"ONE_RARE_RELIC","is_prod":false,"is_daily":false,"chose_seed":false,"campfire_upgraded":4,"win_rate":0.0,"timestamp":1531196362,"path_taken":["M","?","M","M","?","E","R","?","T","M","?","R","?","M","R","BOSS","M","?","?","M","?","R","E","?","T","E","R","?","M","M","R","BOSS","M","M","?","?","?","R","E","R","T","$","M","M","R","?","R","BOSS"],"build_version":"2018-07-05","purchased_purges":1,"victory":true,"max_hp_per_floor":[80,80,80,80,80,80,80,80,80,80,80,80,80,80,80,80,80,80,80,80,80,80,80,80,80,80,80,80,80,80,83,83,83,83,83,86,86,86,86,86,86,86,86,86,86,86,86,86,86,89],"card_choices":[{"not_picked":["True Grit","Twin Strike"],"picked":"Carnage","floor":1.0},{"not_picked":["Infernal Blade","Warcry"],"picked":"Shrug It Off","floor":3.0},{"not_picked":["Thunderclap","Sever Soul"],"picked":"Headbutt","floor":4.0},{"not_picked":["Uppercut","True Grit"],"picked":"Shrug It Off","floor":6.0},{"not_picked":["Uppercut","Cleave"],"picked":"Iron Wave","floor":10.0},{"not_picked":["Armaments","Shrug It Off"],"picked":"Intimidate","floor":13.0},{"not_picked":["True Grit","Perfected Strike"],"picked":"Warcry","floor":14.0},{"not_picked":["Brutality","Reaper"],"picked":"Juggernaut","floor":16.0},{"not_picked":["Headbutt","Armaments"],"picked":"Cleave","floor":18.0},{"not_picked":["Searing Blow","Fire Breathing"],"picked":"Seeing Red","floor":19.0},{"not_picked":["Anger+1","Sword Boomerang"],"picked":"Body Slam","floor":21.0},{"not_picked":["Armaments","Warcry+1"],"picked":"Flame Barrier","floor":24.0},{"not_picked":["Shrug It Off","Fire Breathing"],"picked":"Clash","floor":27.0},{"not_picked":["Flex","Sever Soul"],"picked":"Feed","floor":29.0},{"not_picked":["Clothesline","Sword Boomerang"],"picked":"Iron Wave","floor":30.0},{"not_picked":["Perfected Strike","Flex"],"picked":"Rampage","floor":31.0},{"not_picked":["Offering","Juggernaut"],"picked":"Reaper","floor":33.0},{"not_picked":["Perfected Strike+1","Disarm"],"picked":"Burning Pact+1","floor":35},{"not_picked":["Shrug It Off+1","Perfected Strike"],"picked":"True Grit+1","floor":36},{"not_picked":["Fire Breathing+1","Sword Boomerang"],"picked":"Entrench+1","floor":41},{"not_picked":["Corruption+1","Anger+1"],"picked":"Body Slam","floor":45},{"not_picked":["Thunderclap","Shrug It Off+1","Corruption"],"picked":"SKIP","floor":46},{"not_picked":["Brutality","Corruption+1","Cleave"],"picked":"SKIP","floor":48}],"player_experience":3094,"relics_obtained":[{"floor":6.0,"key":"Girya"},{"floor":9.0,"key":"Shuriken"},{"floor":24.0,"key":"Lantern"},{"floor":24.0,"key":"Bronze Scales"},{"floor":26.0,"key":"Boot"},{"floor":27.0,"key":"Bag of Preparation"},{"floor":27.0,"key":"Orichalcum"},{"floor":29.0,"key":"Red Mask"},{"floor":37,"key":"Dodecahedron"},{"floor":41,"key":"Potion Belt"},{"floor":41,"key":"Pen Nib"},{"floor":43,"key":"Happy Flower"}],"event_choices":[{"event_name":"Big Fish","player_choice":"Box","floor":2.0,"damage_taken":0.0},{"event_name":"Golden Idol","player_choice":"Take Damage","floor":5.0,"damage_taken":0.0},{"event_name":"The Cleric","player_choice":"Card Removal","floor":8.0,"damage_taken":0.0},{"event_name":"Back to Basics","player_choice":"Simplicity","floor":20.0,"damage_taken":0.0},{"event_name":"Bonfire Elementals","player_choice":"COMMON","floor":22.0,"damage_taken":0.0},{"event_name":"Beggar","player_choice":"Gave Gold","floor":25.0,"damage_taken":0.0},{"event_name":"Masked Bandits","player_choice":"Fought over 326 gold","floor":29.0,"damage_taken":0.0},{"event_name":"Tomb of Lord Red Mask","player_choice":"Wore Mask","floor":38,"damage_taken":0},{"event_name":"Falling","player_choice":"Removed Skill","floor":39,"damage_taken":0}],"boss_relics":[{"not_picked":["Snecko Eye","Eternal Feather"],"picked":"Black Star"},{"not_picked":["Busted Crown","Astrolabe"],"picked":"Velvet Choker"}],"items_purged_floors":[44],"is_endless":false,"potions_floor_spawned":[1,3,10,13,19,24,33,48],"ascension_level":0}