{"gold_per_floor":[113,129,148,6,25,45,74,84,139,139,151,151,167,167,167,270,270,285,8,40,40,40,74,74,101,155,155,70,70,70,70,70,70],"floor_reached":33,"playtime":2883,"items_purged":["Regret"],"score":333,"play_id":"ed67063c-f06b-4b91-9889-06ad68f4808d","local_time":"20190130225115","is_ascension_mode":false,"campfire_choices":[{"data":"Outmaneuver","floor":10,"key":"SMITH"},{"data":"Survivor","floor":12,"key":"SMITH"},{"floor":15,"key":"REST"},{"floor":24,"key":"REST"},{"floor":27,"key":"DIG"},{"floor":29,"key":"REST"},{"floor":32,"key":"DIG"}],"neow_cost":"NONE","seed_source_timestamp":1511599386458084,"circlet_count":0,"master_deck":["Defend_G","Defend_G","Defend_G","Defend_G","Defend_G","Strike_G","Strike_G","Strike_G","Strike_G","Strike_G","Survivor+1","Neutralize","Purity","All Out Attack","Flying Knee","Masterful Stab","Well Laid Plans","Outmaneuver+1","Poisoned Stab","Backflip","Quick Slash","Footwork","A Thousand Cuts","Backstab","Slice","After Image","Injury","Regret","Acrobatics+1","Prepared","Flash of Steel","Dagger Throw","Backstab","Sucker Punch","Setup","Choke"],"relics":["Ring of the Snake","Pocketwatch","Tiny Chest","Kunai","Calling Bell","Happy Flower","Matryoshka","Shovel","Red Mask","Juzu Bracelet","Ninja Scroll","Art of War","Oddly Smooth Stone","Smiling Mask","Sundial","Bronze Scales","Du-Vu Doll","Question Card"],"potions_floor_usage":[7,13,16,16,20],"damage_taken":[{"damage":0,"enemies":"Cultist","floor":1,"turns":4},{"damage":5,"enemies":"Jaw Worm","floor":2,"turns":5},{"damage":0,"enemies":"2 Louse","floor":3,"turns":2},{"damage":2,"enemies":"Looter","floor":5,"turns":3},{"damage":0,"enemies":"Gremlin Gang","floor":6,"turns":3},{"damage":21,"enemies":"Lagavulin","floor":7,"turns":6},{"damage":0,"enemies":"Blue Slaver","floor":8,"turns":4},{"damage":0,"enemies":"Looter","floor":11,"turns":2},{"damage":2,"enemies":"Exordium Thugs","floor":13,"turns":4},{"damage":29,"enemies":"Slime Boss","floor":16,"turns":10},{"damage":21,"enemies":"Shell Parasite","floor":18,"turns":8},{"damage":6,"enemies":"Masked Bandits","floor":20,"turns":3},{"damage":6,"enemies":"Book of Stabbing","floor":23,"turns":8},{"damage":0,"enemies":"Gremlin Leader","floor":25,"turns":6},{"damage":82,"enemies":"Collector","floor":33,"turns":7}],"seed_played":"-6412943675591437902","potions_obtained":[{"floor":1,"key":"Poison Potion"},{"floor":6,"key":"Regen Potion"},{"floor":8,"key":"SteroidPotion"},{"floor":11,"key":"SteroidPotion"},{"floor":18,"key":"SteroidPotion"}],"is_trial":false,"path_per_floor":["M","M","M","$","M","M","E","M","T","R","M","R","M","T","R","B",null,"M","$","?","?","T","E","R","E","T","R","?","R","?","?","R","B"],"character_chosen":"THE_SILENT","items_purchased":["Well Laid Plans","Outmaneuver","Poisoned Stab","Prepared","Flash of Steel","Dagger Throw"],"campfire_rested":3,"item_purchase_floors":[4,4,4,19,19,19],"current_hp_per_floor":[70,65,65,65,63,63,42,42,42,42,42,42,40,40,61,47,70,49,49,43,30,30,24,46,46,46,46,46,68,68,68,68,0],"gold":70,"neow_bonus":"RANDOM_COLORLESS","is_prod":false,"is_daily":false,"chose_seed":false,"campfire_upgraded":2,"win_rate":0,"timestamp":1548885075,"path_taken":["M","M","M","$","M","M","E","M","T","R","M","R","M","?","R","BOSS","M","$","?","?","?","E","R","E","T","R","?","R","?","?","R","BOSS"],"build_version":"2019-01-23","purchased_purges":1,"victory":false,"max_hp_per_floor":[70,70,70,70,70,70,70,70,70,70,70,70,70,70,70,70,70,70,70,70,75,75,75,75,75,75,75,75,75,75,75,75,75],"card_choices":[{"not_picked":["Deflect","Slice"],"picked":"All Out Attack","floor":1},{"not_picked":["Underhanded Strike","Dagger Throw"],"picked":"Flying Knee","floor":2},{"not_picked":["Deadly Poison","Sucker Punch"],"picked":"Masterful Stab","floor":3},{"not_picked":["Flying Knee","Deflect"],"picked":"Backflip","floor":5},{"not_picked":["Dagger Spray","Accuracy"],"picked":"Quick Slash","floor":6},{"not_picked":["Masterful Stab","Acrobatics"],"picked":"Footwork","floor":7},{"not_picked":["Bouncing Flask","PiercingWail"],"picked":"A Thousand Cuts","floor":8},{"not_picked":["Dodge and Roll","All Out Attack"],"picked":"Backstab","floor":11},{"not_picked":["Blur","Dash"],"picked":"Slice","floor":13},{"not_picked":["Die Die Die","Wraith Form v2"],"picked":"After Image","floor":16},{"not_picked":["Bane","Deflect"],"picked":"Acrobatics+1","floor":18},{"not_picked":["Heel Hook","Sucker Punch"],"picked":"Backstab","floor":20},{"not_picked":["Outmaneuver","All Out Attack+1"],"picked":"Sucker Punch","floor":23},{"not_picked":["Bane+1","Heel Hook"],"picked":"Setup","floor":25}],"player_experience":105024,"relics_obtained":[{"floor":7,"key":"Pocketwatch"},{"floor":9,"key":"Tiny Chest"},{"floor":14,"key":"Kunai"},{"floor":17,"key":"Happy Flower"},{"floor":17,"key":"Matryoshka"},{"floor":17,"key":"Shovel"},{"floor":20,"key":"Red Mask"},{"floor":22,"key":"Juzu Bracelet"},{"floor":22,"key":"Ninja Scroll"},{"floor":23,"key":"Art of War"},{"floor":25,"key":"Oddly Smooth Stone"},{"floor":26,"key":"Smiling Mask"},{"floor":27,"key":"Sundial"},{"floor":32,"key":"Question Card"}],"event_choices":[{"damage_healed":0,"gold_gain":0,"player_choice":"Fought Bandits","damage_taken":0,"max_hp_gain":0,"max_hp_loss":0,"event_name":"Masked Bandits","floor":20,"gold_loss":0},{"damage_healed":0,"gold_gain":0,"player_choice":"Shed Blood","damage_taken":18,"max_hp_gain":5,"max_hp_loss":0,"event_name":"Forgotten Altar","floor":21,"gold_loss":0},{"damage_healed":0,"gold_gain":0,"player_choice":"Obtained Relic","damage_taken":0,"relics_obtained":["Bronze Scales"],"max_hp_gain":0,"max_hp_loss":0,"event_name":"Addict","floor":28,"gold_loss":85},{"damage_healed":0,"gold_gain":0,"player_choice":"Opened","damage_taken":0,"relics_obtained":["Du-Vu Doll"],"max_hp_gain":0,"max_hp_loss":0,"event_name":"The Mausoleum","floor":30,"gold_loss":0},{"damage_healed":0,"gold_gain":0,"player_choice":"Read","damage_taken":0,"max_hp_gain":0,"max_hp_loss":0,"event_name":"The Library","floor":31,"gold_loss":0,"cards_obtained":["Choke"]}],"is_beta":false,"boss_relics":[{"not_picked":["HoveringKite","Busted Crown"],"picked":"Calling Bell"}],"items_purged_floors":[19],"is_endless":false,"potions_floor_spawned":[1,6,8,11,18],"killed_by":"Collector","ascension_level":0}