{"gold_per_floor":[118,131,151,163,163,195,195,205,205,51,51,62,82,5,5,108,108,125,142,158,178,198,42,58,58],"floor_reached":25,"playtime":2826,"items_purged":["Strike_R"],"score":211,"play_id":"2bb6070b-b93c-4d6b-8bca-49e3d8feda95","local_time":"20180923011137","is_ascension_mode":false,"campfire_choices":[{"data":"Shockwave","floor":7,"key":"SMITH"},{"data":"Offering","floor":11,"key":"SMITH"},{"floor":15,"key":"REST"}],"neow_cost":"NONE","seed_source_timestamp":29728765245668,"circlet_count":0,"master_deck":["Strike_R+1","Strike_R","Strike_R","Strike_R","Defend_R","Defend_R","Defend_R","Defend_R","Bash+1","Shockwave+1","Headbutt","Cleave","Twin Strike","Offering+1","Reaper","Flex","Battle Trance","Double Tap","Carnage","Warcry","Spot Weakness"],"relics":["Burning Blood","Whetstone","Ginger","Ornamental Fan","Runic Pyramid"],"potions_floor_usage":[6,6,16,16,24],"damage_taken":[{"damage":4,"enemies":"2 Louse","floor":1,"turns":3},{"damage":5,"enemies":"Cultist","floor":2,"turns":5},{"damage":3,"enemies":"Jaw Worm","floor":3,"turns":4},{"damage":9,"enemies":"Blue Slaver","floor":4,"turns":4},{"damage":18,"enemies":"Gremlin Nob","floor":6,"turns":5},{"damage":10,"enemies":"Looter","floor":8,"turns":3},{"damage":24,"enemies":"Large Slime","floor":12,"turns":6},{"damage":20,"enemies":"Exordium Wildlife","floor":13,"turns":4},{"damage":34,"enemies":"Hexaghost","floor":16,"turns":8},{"damage":22,"enemies":"3 Byrds","floor":18,"turns":5},{"damage":24,"enemies":"2 Thieves","floor":19,"turns":4},{"damage":6,"enemies":"Snecko","floor":20,"turns":3},{"damage":29,"enemies":"3 Cultists","floor":21,"turns":5},{"damage":9,"enemies":"Chosen and Byrds","floor":22,"turns":4},{"damage":41,"enemies":"Sentry and Sphere","floor":24,"turns":4},{"damage":34,"enemies":"Shelled Parasite and Fungi","floor":25,"turns":3}],"seed_played":"1027067123712976639","potions_obtained":[{"floor":1,"key":"Block Potion"},{"floor":5,"key":"Ancient Potion"},{"floor":5,"key":"Block Potion"},{"floor":6,"key":"AttackPotion"},{"floor":21,"key":"Poison Potion"},{"floor":22,"key":"Fire Potion"}],"is_trial":false,"path_per_floor":["M","M","M","M","?","E","R","M","T","$","R","M","M","$","R","B",null,"M","M","M","M","M","$","M"],"character_chosen":"IRONCLAD","items_purchased":["Offering","Battle Trance","Spot Weakness"],"campfire_rested":1,"item_purchase_floors":[10,14,23],"current_hp_per_floor":[80,80,80,77,77,65,65,61,61,61,61,43,37,37,61,39,80,71,77,80,59,56,56,31,0],"gold":58,"neow_bonus":"RANDOM_COMMON_RELIC","is_prod":false,"is_daily":false,"chose_seed":false,"campfire_upgraded":2,"win_rate":0.0,"timestamp":1537654297,"path_taken":["M","M","M","M","?","E","R","M","T","$","R","M","M","$","R","BOSS","M","M","M","M","M","$","M","M"],"build_version":"2018-09-20","purchased_purges":1,"victory":false,"max_hp_per_floor":[80,80,80,80,80,80,80,80,80,80,80,80,80,80,80,80,80,80,80,80,80,80,80,80,80],"card_choices":[{"not_picked":["Pommel Strike","Burning Pact"],"picked":"Shockwave","floor":1},{"not_picked":["Sword Boomerang","Blood for Blood"],"picked":"Headbutt","floor":2},{"not_picked":["Clash","Shrug It Off"],"picked":"Cleave","floor":3},{"not_picked":["Sword Boomerang","Iron Wave","Power Through"],"picked":"SKIP","floor":4},{"not_picked":["Uppercut","Clothesline","Armaments"],"picked":"SKIP","floor":6},{"not_picked":["Shrug It Off","Searing Blow"],"picked":"Twin Strike","floor":8},{"not_picked":["Hemokinesis","Cleave"],"picked":"Reaper","floor":12},{"not_picked":["Thunderclap","Headbutt"],"picked":"Flex","floor":13},{"not_picked":["Barricade","Feed"],"picked":"Double Tap","floor":16},{"not_picked":["Rampage","Twin Strike+1"],"picked":"Carnage","floor":18},{"not_picked":["True Grit+1","Sword Boomerang","Anger+1"],"picked":"SKIP","floor":19},{"not_picked":["Headbutt","Power Through+1"],"picked":"Warcry","floor":20},{"not_picked":["Intimidate+1","True Grit+1","Shockwave"],"picked":"SKIP","floor":21},{"not_picked":["Dropkick+1","Double Tap","Rampage"],"picked":"SKIP","floor":22},{"not_picked":["Perfected Strike","Anger","Pommel Strike"],"picked":"SKIP","floor":24}],"player_experience":34101,"relics_obtained":[{"floor":6,"key":"Ginger"},{"floor":9,"key":"Ornamental Fan"}],"event_choices":[{"event_name":"The Lab","player_choice":"Got Potions","floor":5,"damage_taken":0}],"is_beta":false,"boss_relics":[{"not_picked":["Black Star","Astrolabe"],"picked":"Runic Pyramid"}],"items_purged_floors":[23],"is_endless":false,"potions_floor_spawned":[1,6,21,22],"killed_by":"Shelled Parasite and Fungi","ascension_level":0}