{"path_per_floor":["M","?","M","?","?","R","M","E","T","R","$","M","M","M","R","B",null,"M","?","$","?","$","E","R","?","T","R","E","R","M","?","R"],"character_chosen":"IRONCLAD","items_purchased":["Whetstone","Oddly Smooth Stone"],"gold_per_floor":[116,116,126,126,301,301,314,342,367,367,292,310,321,335,335,436,436,454,379,82,82,82,108,108,108,108,108,142,142,161,161,161,161],"floor_reached":33,"campfire_rested":2,"playtime":1846,"current_hp_per_floor":[72,72,72,58,58,58,62,50,50,50,50,48,53,59,59,16,58,62,62,62,62,62,51,51,51,61,61,29,54,58,58,83,0],"items_purged":["Doubt"],"gold":161,"score":436,"play_id":"84a69479-36d8-42b3-8579-07d19966818e","local_time":"20180507142929","is_prod":false,"is_daily":false,"chose_seed":false,"is_ascension_mode":true,"campfire_upgraded":5,"timestamp":1525717769,"path_taken":["M","?","M","?","?","R","?","E","T","R","$","M","M","M","R","BOSS","M","?","$","?","?","E","R","?","T","R","E","R","M","?","R","BOSS"],"build_version":"2018-05-03","seed_source_timestamp":488763820504676,"purchased_purges":1,"victory":false,"master_deck":["Strike_R+1","Defend_R","Defend_R","Defend_R+1","Defend_R","Bash+1","AscendersBane","Evolve","Shrug It Off+1","Headbutt+1","Armaments+1","Carnage","Limit Break","Uppercut+1","Pommel Strike+1","Shrug It Off+1","Offering+1","Pommel Strike+1","Inflame","Writhe"],"max_hp_per_floor":[72,72,72,72,72,72,72,72,72,72,72,72,72,72,72,72,72,74,74,74,74,74,76,76,76,86,86,86,86,86,86,86,86],"relics":["Burning Blood","Singing Bowl","Juzu Bracelet","Velvet Choker","Whetstone","Oddly Smooth Stone","Bag of Preparation","Pear","Blood Vial","Magic Flower"],"card_choices":[{"not_picked":["Thunderclap","Dual Wield"],"picked":"Headbutt","floor":1},{"not_picked":["Clothesline","Warcry"],"picked":"Armaments","floor":3},{"not_picked":["Sentinel","Perfected Strike"],"picked":"Carnage","floor":7},{"not_picked":["Thunderclap","Twin Strike"],"picked":"Limit Break","floor":8},{"not_picked":["True Grit","Thunderclap"],"picked":"Uppercut","floor":12},{"not_picked":["Feel No Pain","Evolve"],"picked":"Pommel Strike","floor":13},{"not_picked":["Anger","Iron Wave"],"picked":"Shrug It Off","floor":14},{"not_picked":["Double Tap","Dark Embrace"],"picked":"Offering","floor":16},{"not_picked":["Immolate","Pummel"],"picked":"Pommel Strike","floor":28},{"not_picked":["Anger","Clash"],"picked":"Inflame","floor":30}],"player_experience":539298,"potions_floor_usage":[8,16,28,28,33],"damage_taken":[{"damage":0,"enemies":"Small Slimes","floor":1,"turns":4},{"damage":0,"enemies":"2 Louse","floor":3,"turns":4},{"damage":2,"enemies":"Jaw Worm","floor":7,"turns":8},{"damage":18,"enemies":"3 Sentries","floor":8,"turns":10},{"damage":8,"enemies":"Blue Slaver","floor":12,"turns":4},{"damage":1,"enemies":"3 Louse","floor":13,"turns":4},{"damage":0,"enemies":"Looter","floor":14,"turns":3},{"damage":49,"enemies":"The Guardian","floor":16,"turns":16},{"damage":4,"enemies":"Spheric Guardian","floor":18,"turns":3},{"damage":19,"enemies":"Book of Stabbing","floor":23,"turns":7},{"damage":38,"enemies":"Gremlin Leader","floor":28,"turns":6},{"damage":4,"enemies":"Chosen","floor":30,"turns":2},{"damage":106,"enemies":"Automaton","floor":33,"turns":10}],"event_choices":[{"event_name":"Living Wall","player_choice":"Grow","floor":2,"damage_taken":0},{"event_name":"Shining Light","player_choice":"Entered Light","floor":4,"damage_taken":0},{"event_name":"Liars Game","player_choice":"agreed","floor":5,"damage_taken":0},{"event_name":"Beggar","player_choice":"Gave Gold","floor":19,"damage_taken":0},{"event_name":"Addict","player_choice":"Ignored","floor":21,"damage_taken":0},{"event_name":"Back to Basics","player_choice":"Elegance","floor":25,"damage_taken":0},{"event_name":"The Mausoleum","player_choice":"Yes","floor":31,"damage_taken":0}],"boss_relics":[{"not_picked":["Black Star","Calling Bell"],"picked":"Velvet Choker"}],"potions_floor_spawned":[3,7,13,18,30],"seed_played":"4419398146793627779","killed_by":"Automaton","ascension_level":11,"is_trial":false}