{"gold_per_floor":[112,127,139,139,70,104,29,48,48,74,74,74,105,117,117,217,267],"floor_reached":17,"playtime":961,"items_purged":["Strike_R"],"score":200,"play_id":"0cf0aa5e-e348-4adf-82f4-97640164b68f","local_time":"20190222231222","is_ascension_mode":false,"campfire_choices":[{"data":"Carnage","floor":11,"key":"SMITH"},{"data":"Clothesline","floor":15,"key":"SMITH"}],"neow_cost":"NONE","seed_source_timestamp":20968308664790,"circlet_count":0,"master_deck":["Strike_R","Strike_R","Strike_R","Strike_R+1","Defend_R","Defend_R","Defend_R","Defend_R","Bash","Headbutt","Ghostly Armor","Carnage+1","Offering","Iron Wave","Combust","Demon Form","Clothesline+1","Exhume","Intimidate"],"relics":["Burning Blood","Boot","Kunai","Strawberry","Bronze Scales","Bird Faced Urn","Tiny House"],"potions_floor_usage":[],"damage_taken":[{"damage":0,"enemies":"Small Slimes","floor":1,"turns":5},{"damage":5,"enemies":"Cultist","floor":2,"turns":4},{"damage":7,"enemies":"Jaw Worm","floor":3,"turns":5},{"damage":20,"enemies":"Gremlin Nob","floor":6,"turns":3},{"damage":9,"enemies":"Red Slaver","floor":8,"turns":3},{"damage":25,"enemies":"Lagavulin","floor":10,"turns":6},{"damage":6,"enemies":"Gremlin Nob","floor":13,"turns":2},{"damage":13,"enemies":"Lots of Slimes","floor":14,"turns":2},{"damage":45,"enemies":"The Guardian","floor":16,"turns":9}],"seed_played":"6640906147283151545","potions_obtained":[{"floor":0,"key":"FearPotion"},{"floor":0,"key":"Explosive Potion"},{"floor":0,"key":"SkillPotion"},{"floor":1,"key":"Block Potion"},{"floor":3,"key":"Ancient Potion"},{"floor":8,"key":"GamblersBrew"},{"floor":10,"key":"Poison Potion"},{"floor":13,"key":"Ancient Potion"},{"floor":16,"key":"LiquidBronze"}],"is_trial":false,"path_per_floor":["M","M","M","?","$","E","$","M","T","E","R","$","E","M","R","B",null],"character_chosen":"IRONCLAD","items_purchased":["Offering"],"campfire_rested":0,"item_purchase_floors":[5],"current_hp_per_floor":[80,80,79,79,79,65,65,62,69,50,50,50,50,45,45,8,92],"gold":267,"neow_bonus":"THREE_SMALL_POTIONS","is_prod":false,"is_daily":false,"chose_seed":false,"campfire_upgraded":2,"win_rate":0,"timestamp":1550869942,"path_taken":["M","M","M","?","$","E","$","M","T","E","R","$","E","M","R","BOSS"],"build_version":"2019-01-23","purchased_purges":1,"victory":false,"max_hp_per_floor":[80,80,80,80,80,80,80,80,87,87,87,87,87,87,87,87,92],"card_choices":[{"not_picked":["Clash","Rupture"],"picked":"Headbutt","floor":1},{"not_picked":["Second Wind","Pummel"],"picked":"Ghostly Armor","floor":2},{"not_picked":["Pommel Strike","Anger"],"picked":"Carnage","floor":3},{"not_picked":["Exhume","Infernal Blade"],"picked":"Iron Wave","floor":6},{"not_picked":["Headbutt","Ghostly Armor","Rage"],"picked":"SKIP","floor":8},{"not_picked":["Infernal Blade","Perfected Strike"],"picked":"Combust","floor":10},{"not_picked":["Feel No Pain","Clothesline"],"picked":"Demon Form","floor":13},{"not_picked":["Clash","Cleave"],"picked":"Clothesline","floor":14},{"not_picked":["Double Tap","Dark Embrace"],"picked":"Exhume","floor":16},{"not_picked":["Flex","Rupture"],"picked":"Intimidate","floor":17}],"player_experience":488784,"relics_obtained":[{"floor":6,"key":"Kunai"},{"floor":9,"key":"Strawberry"},{"floor":10,"key":"Bronze Scales"},{"floor":13,"key":"Bird Faced Urn"}],"event_choices":[{"damage_healed":0,"gold_gain":0,"player_choice":"Gave Potion","damage_taken":0,"relics_obtained":["Boot"],"max_hp_gain":0,"max_hp_loss":0,"event_name":"WeMeetAgain","floor":4,"gold_loss":0}],"is_beta":false,"boss_relics":[{"not_picked":["Black Blood","Runic Cube"],"picked":"Tiny House"}],"items_purged_floors":[7],"is_endless":false,"potions_floor_spawned":[1,3,8,10,13,16],"ascension_level":0}