{"path_per_floor":["M","$","?","?","?","M","M","R","T","E","R","E","?","M","R","B",null,"M","M","$","M","?","R","E","R","T","M","M","M","?","M","R","B",null,"M","?","$","M","$","E","R","E","T","E","M","?","M","M","R","B"],"character_chosen":"IRONCLAD","items_purchased":["Bottled Tornado","Flash of Steel","Apotheosis","Metallicize","Metallicize"],"gold_per_floor":[366,46,46,46,46,62,81,81,81,125,125,164,164,189,189,308,308,322,338,146,162,162,162,203,203,226,245,268,291,291,315,315,444,444,464,464,69,83,43,87,87,131,158,198,218,218,243,268,268,268],"floor_reached":51,"campfire_rested":0,"playtime":4480,"current_hp_per_floor":[74,74,74,54,54,62,68,68,68,62,62,49,42,48,48,22,80,80,80,80,80,80,80,45,45,45,22,20,21,80,72,72,68,80,70,70,70,78,78,79,79,80,80,69,73,73,76,80,80,45],"items_purged":["Writhe","Strike_R","Strike_R"],"gold":268,"play_id":"73a328e4-4cd0-48d2-b383-7eaba1057fb5","is_prod":false,"is_daily":false,"campfire_rituals":0,"campfire_upgraded":8,"is_hardmode":false,"path_taken":["M","$","?","?","?","?","M","R","T","E","R","E","?","M","R","BOSS","M","M","$","M","?","R","E","R","T","M","M","M","?","?","R","BOSS","M","?","$","M","$","E","R","E","T","E","?","?","M","M","R","BOSS"],"build_version":"2018-01-18-PROD4","purchased_purges":3,"victory":true,"master_deck":["Strike_R","Strike_R","Defend_R","Defend_R","Defend_R","Defend_R","Bash","Metallicize","Clothesline","Whirlwind","Offering","Heavy Blade","Warcry","Flash of Steel","Barricade","Rage","Clash","Body Slam","Shrug It Off","Apotheosis","Metallicize","Pommel Strike","Metallicize","Uppercut","Warcry","Pommel Strike","Iron Wave","Seeing Red"],"max_hp_per_floor":[80,80,80,80,80,80,80,80,80,80,80,80,80,80,80,80,80,80,80,80,80,80,80,80,80,80,80,80,80,80,80,80,80,80,80,80,80,80,80,80,80,80,80,80,80,80,80,80,80,80],"relics":["Burning Blood","Bottled Tornado","Golden Idol","Blood Vial","War Paint","Kunai","Regal Pillow","Philosopher\u0027s Stone","Darkstone Periapt","Paper Frog","Lantern","Sozu","Bag of Marbles","The Courier","Prayer Wheel","Bag of Preparation"],"campfire_meditates":0,"card_choices":[{"not_picked":["Seeing Red","Disarm"],"picked":"Metallicize"},{"not_picked":["Twin Strike","Clash"],"picked":"Clothesline"},{"not_picked":["Brutality","Clothesline"],"picked":"Spot Weakness"},{"not_picked":["Corruption","Inflame"],"picked":"Whirlwind"},{"not_picked":["Immolate","Feed"],"picked":"Offering"},{"not_picked":["Twin Strike","Disarm"],"picked":"Heavy Blade"},{"not_picked":["Dropkick","Dual Wield"],"picked":"Warcry"},{"not_picked":["Blood for Blood","Anger"],"picked":"Barricade"},{"not_picked":["Inflame","Armaments"],"picked":"Rage"},{"not_picked":["Cleave","Thunderclap"],"picked":"Clash"},{"not_picked":["Dual Wield","Fire Breathing"],"picked":"Body Slam"},{"not_picked":["True Grit","Heavy Blade"],"picked":"Shrug It Off"},{"not_picked":["Burning Pact","Second Wind"],"picked":"Pommel Strike"},{"not_picked":["Searing Blow","Warcry"],"picked":"Uppercut"},{"not_picked":["Cleave","Heavy Blade"],"picked":"Warcry"},{"not_picked":["Heavy Blade","Seeing Red"],"picked":"Pommel Strike"},{"not_picked":["Thunderclap","Power Through"],"picked":"Iron Wave"},{"not_picked":["Thunderclap","Dual Wield"],"picked":"Seeing Red"}],"player_experience":349472,"potions_floor_usage":[16,19],"damage_taken":[{"damage":12,"enemies":"Small Slimes","floor":1,"turns":4},{"damage":0,"enemies":"Cultist","floor":6,"turns":5},{"damage":2,"enemies":"Blue Slaver","floor":7,"turns":5},{"damage":14,"enemies":"Gremlin Nob","floor":10,"turns":5},{"damage":21,"enemies":"Lagavulin","floor":12,"turns":9},{"damage":2,"enemies":"Large Slime","floor":14,"turns":6},{"damage":34,"enemies":"Hexaghost","floor":16,"turns":11},{"damage":4,"enemies":"3 Byrds","floor":18,"turns":3},{"damage":4,"enemies":"Chosen","floor":19,"turns":4},{"damage":5,"enemies":"Centurion and Healer","floor":21,"turns":4},{"damage":41,"enemies":"Book of Stabbing","floor":24,"turns":5},{"damage":31,"enemies":"Snake Plant","floor":27,"turns":3},{"damage":10,"enemies":"Snecko","floor":28,"turns":5},{"damage":7,"enemies":"Sentry and Sphere","floor":29,"turns":6},{"damage":14,"enemies":"Snake Plant","floor":31,"turns":4},{"damage":12,"enemies":"Automaton","floor":33,"turns":13},{"damage":16,"enemies":"3 Darklings","floor":35,"turns":3},{"damage":0,"enemies":"Orb Walker","floor":38,"turns":3},{"damage":7,"enemies":"Giant Head","floor":40,"turns":6},{"damage":4,"enemies":"Nemesis","floor":42,"turns":13},{"damage":17,"enemies":"2 Orb Walkers","floor":44,"turns":5},{"damage":4,"enemies":"4 Shapes","floor":45,"turns":4},{"damage":5,"enemies":"Sphere and 2 Shapes","floor":47,"turns":5},{"damage":4,"enemies":"3 Darklings","floor":48,"turns":4},{"damage":41,"enemies":"Awakened One","floor":50,"turns":14}],"event_choices":[{"event_name":"Living Wall","player_choice":"Forget","floor":3,"damage_taken":0},{"event_name":"Golden Idol","player_choice":"Take Damage","floor":4,"damage_taken":0},{"event_name":"Accursed Blacksmith","player_choice":"Rummage","floor":5,"damage_taken":0},{"event_name":"Golden Wing","player_choice":"Card Removal","floor":13,"damage_taken":0},{"event_name":"The Mausoleum","player_choice":"Yes","floor":22,"damage_taken":0},{"event_name":"Bonfire Elementals","player_choice":"UNCOMMON","floor":30,"damage_taken":0},{"event_name":"Tomb of Lord Red Mask","player_choice":"Ignored","floor":36,"damage_taken":0},{"event_name":"Match and Keep!","player_choice":"0 cards matched","floor":46,"damage_taken":0}],"boss_relics":[{"not_picked":["Lizard Tail","Eternal Feather"],"picked":"Philosopher\u0027s Stone"},{"not_picked":["Question Card","Runic Pyramid"],"picked":"Sozu"}],"potions_floor_spawned":[1,10,14,16,29,33,38,44,45,47],"seed_played":"5548734986875566747","is_trial":false}