{"path_per_floor":["M","M","?","$","?","E","?","R","T","?","E","M","R","T","R","B",null,"M","$","M","M","M"],"character_chosen":"THE_SILENT","items_purchased":["Bag of Marbles"],"gold_per_floor":[115,126,126,51,51,83,83,83,83,83,109,123,123,146,146,242,242,254,7,20,35,46,46],"floor_reached":23,"campfire_rested":1,"playtime":1386,"current_hp_per_floor":[63,52,38,38,38,14,14,39,39,56,38,38,44,44,50,18,57,46,46,40,30,29,0],"items_purged":["Strike_G","Decay"],"gold":46,"score":279,"play_id":"3cf95c27-dd76-4e95-ab35-4c313d671abe","local_time":"20180414225451","is_prod":false,"is_daily":false,"chose_seed":false,"is_ascension_mode":true,"campfire_upgraded":2,"timestamp":1523739291,"path_taken":["M","M","?","$","?","E","?","R","T","?","E","M","R","?","R","BOSS","M","$","M","M","M","E"],"build_version":"2018-04-12","seed_source_timestamp":226607276916950,"purchased_purges":2,"victory":false,"master_deck":["Defend_G","Defend_G","Defend_G","Defend_G","Strike_G","Strike_G","Strike_G","Strike_G+1","Survivor","Neutralize","Predator+1","Infinite Blades+1","Deflect","Parasite","Leg Sweep","Dagger Spray+1","Envenom","Accuracy","Accuracy","PiercingWail+1"],"max_hp_per_floor":[70,70,70,70,70,70,70,70,70,70,70,70,70,70,70,70,70,70,70,70,70,70,70],"relics":["Eternal Feather","Juzu Bracelet","Paper Crane","Omamori","Lantern","Calling Bell","Snake Skull","Mummified Hand","Art of War","Bag of Marbles"],"card_choices":[{"not_picked":["Prepared","Distraction"],"picked":"Predator","floor":1},{"not_picked":["Dash","Deflect"],"picked":"Infinite Blades","floor":2},{"not_picked":["Slice","Crippling Poison"],"picked":"Deflect","floor":6},{"not_picked":["Setup","Acrobatics"],"picked":"Leg Sweep","floor":11},{"not_picked":["Blade Dance","Terror"],"picked":"Dagger Spray","floor":12},{"not_picked":["Corpse Explosion","After Image"],"picked":"Envenom","floor":16},{"not_picked":["Quick Slash","Bane"],"picked":"Accuracy","floor":18},{"not_picked":["Deadly Poison","Bane"],"picked":"Accuracy","floor":20},{"not_picked":["Dash","Calculated Gamble"],"picked":"PiercingWail","floor":21}],"player_experience":290826,"potions_floor_usage":[11,16,16,18,23],"damage_taken":[{"damage":0,"enemies":"2 Louse","floor":1,"turns":4},{"damage":11,"enemies":"Jaw Worm","floor":2,"turns":6},{"damage":24,"enemies":"3 Sentries","floor":6,"turns":11},{"damage":18,"enemies":"Gremlin Nob","floor":11,"turns":5},{"damage":0,"enemies":"Small Slimes","floor":12,"turns":3},{"damage":32,"enemies":"Hexaghost","floor":16,"turns":17},{"damage":11,"enemies":"2 Thieves","floor":18,"turns":4},{"damage":6,"enemies":"3 Byrds","floor":20,"turns":6},{"damage":10,"enemies":"Snecko","floor":21,"turns":5},{"damage":1,"enemies":"Centurion and Healer","floor":22,"turns":6},{"damage":30,"enemies":"Gremlin Leader","floor":23,"turns":5}],"event_choices":[{"event_name":"Shining Light","player_choice":"Entered Light","floor":3,"damage_taken":0},{"event_name":"Scrap Ooze","player_choice":"unsuccessful","floor":5,"damage_taken":0},{"event_name":"Living Wall","player_choice":"Forget","floor":7,"damage_taken":0},{"event_name":"Mushrooms","player_choice":"Healed and dodged fight","floor":10,"damage_taken":0}],"boss_relics":[{"not_picked":["Runic Pyramid","Orrery"],"picked":"Calling Bell"}],"potions_floor_spawned":[6,11,12,16,21],"seed_played":"-3445534892067789667","killed_by":"Gremlin Leader","ascension_level":8,"is_trial":false}