{"gold_per_floor":[110,122,82,92,107,107,133,133,133,133,36,1,31,31,31,126,126,145,145,45,45,59,59],"floor_reached":23,"playtime":2246,"items_purged":["Strike_G","Pain"],"score":246,"play_id":"219b2243-5277-4461-a66b-87299b46c7a3","local_time":"20190220181329","is_ascension_mode":true,"campfire_choices":[{"data":"Envenom","floor":6,"key":"SMITH"},{"floor":8,"key":"REST"},{"data":"Survivor","floor":10,"key":"SMITH"},{"floor":15,"key":"REST"}],"neow_cost":"NONE","seed_source_timestamp":300130641656600,"circlet_count":0,"master_deck":["Defend_G","Defend_G","Defend_G","Defend_G","Defend_G","Strike_G","Strike_G","Strike_G","Strike_G","Survivor+1","Neutralize","Blade Dance","Outmaneuver","Blade Dance","Envenom+1","Slice","Sucker Punch","Dagger Spray","After Image","Doubt","Doubt","Acrobatics","Finesse","Prepared"],"relics":["Ring of the Snake","NeowsBlessing","Torii","Ninja Scroll","Meat on the Bone","Calling Bell","PreservedInsect","Singing Bowl","Shovel"],"potions_floor_usage":[16,18,18,23],"damage_taken":[{"damage":0,"enemies":"Cultist","floor":1,"turns":1},{"damage":0,"enemies":"Jaw Worm","floor":2,"turns":1},{"damage":0,"enemies":"2 Louse","floor":4,"turns":1},{"damage":25,"enemies":"Exordium Thugs","floor":5,"turns":7},{"damage":34,"enemies":"3 Sentries","floor":7,"turns":9},{"damage":20,"enemies":"Gremlin Nob","floor":13,"turns":4},{"damage":32,"enemies":"The Guardian","floor":16,"turns":11},{"damage":18,"enemies":"2 Thieves","floor":18,"turns":5},{"damage":15,"enemies":"Shell Parasite","floor":22,"turns":10},{"damage":36,"enemies":"Book of Stabbing","floor":23,"turns":6}],"seed_played":"-7205374146441060062","potions_obtained":[{"floor":3,"key":"SmokeBomb"},{"floor":3,"key":"Ancient Potion"},{"floor":3,"key":"PowerPotion"},{"floor":7,"key":"Dexterity Potion"},{"floor":16,"key":"SpeedPotion"},{"floor":22,"key":"Block Potion"}],"is_trial":false,"path_per_floor":["M","M","?","M","M","R","E","R","T","R","$","?","E","?","R","B",null,"M","?","$","$","M","E"],"character_chosen":"THE_SILENT","items_purchased":["Sucker Punch"],"campfire_rested":2,"item_purchase_floors":[11],"current_hp_per_floor":[70,70,70,70,45,45,11,32,32,32,32,49,29,29,50,30,60,42,28,28,28,25,0],"gold":59,"neow_bonus":"THREE_ENEMY_KILL","is_prod":false,"is_daily":false,"chose_seed":false,"campfire_upgraded":2,"win_rate":0,"timestamp":1550682809,"path_taken":["M","M","?","M","?","R","E","R","T","R","$","?","E","?","R","BOSS","M","?","?","$","M","E"],"build_version":"2019-01-23","purchased_purges":2,"victory":false,"max_hp_per_floor":[70,70,70,70,70,70,70,70,70,70,70,70,70,70,70,70,70,70,70,70,70,70,70],"card_choices":[{"not_picked":["Backflip","Dagger Spray"],"picked":"Blade Dance","floor":1},{"not_picked":["Deadly Poison","PiercingWail"],"picked":"Outmaneuver","floor":2},{"not_picked":["Catalyst","All Out Attack"],"picked":"Blade Dance","floor":4},{"not_picked":["Well Laid Plans","Acrobatics"],"picked":"Envenom","floor":5},{"not_picked":["Concentrate","Setup"],"picked":"Slice","floor":7},{"not_picked":["Underhanded Strike","Flechettes"],"picked":"Dagger Spray","floor":13},{"not_picked":["Storm of Steel","Die Die Die"],"picked":"After Image","floor":16},{"not_picked":["Outmaneuver","Escape Plan"],"picked":"Acrobatics","floor":18},{"not_picked":["Backflip","Dagger Spray"],"picked":"Prepared","floor":22}],"player_experience":330211,"relics_obtained":[{"floor":7,"key":"Torii"},{"floor":9,"key":"Ninja Scroll"},{"floor":13,"key":"Meat on the Bone"},{"floor":17,"key":"PreservedInsect"},{"floor":17,"key":"Singing Bowl"},{"floor":17,"key":"Shovel"}],"event_choices":[{"damage_healed":0,"gold_gain":0,"player_choice":"Bought 3 Potions","damage_taken":0,"max_hp_gain":0,"max_hp_loss":0,"event_name":"The Woman in Blue","floor":3,"gold_loss":0},{"damage_healed":17,"gold_gain":0,"player_choice":"Healed","damage_taken":0,"max_hp_gain":0,"max_hp_loss":0,"event_name":"The Cleric","floor":12,"gold_loss":35},{"damage_healed":0,"gold_gain":0,"player_choice":"Ignored","damage_taken":0,"max_hp_gain":0,"max_hp_loss":0,"event_name":"Golden Wing","floor":14,"gold_loss":0},{"damage_healed":0,"gold_gain":0,"player_choice":"CARD ","damage_taken":14,"max_hp_gain":0,"max_hp_loss":0,"event_name":"Knowing Skull","floor":19,"potions_obtained":[],"gold_loss":0,"cards_obtained":["Finesse"]}],"is_beta":false,"boss_relics":[{"not_picked":["White Beast Statue","Velvet Choker"],"picked":"Calling Bell"}],"items_purged_floors":[11,20],"is_endless":false,"potions_floor_spawned":[7,13,16,22],"killed_by":"Book of Stabbing","ascension_level":5}