{"gold_per_floor":[114,130,130,144,161,190,43,43,43,54,54,72,103,114,114,213,213,224,0,0,10,10,10,45,45,45,45,55,71,71,170,170,271,271,288,188,188,188,188,188,203,203,229,229,229,36,50,62,62,62],"floor_reached":51,"playtime":2691,"items_purged":["Strike_R","Clash","Flex"],"score":1124,"play_id":"292993c3-c1fb-4e2c-9788-fcc8dfafd498","local_time":"20180923204144","is_ascension_mode":true,"campfire_choices":[{"data":"Thunderclap","floor":8,"key":"SMITH"},{"data":"Barricade","floor":11,"key":"SMITH"},{"data":"Body Slam","floor":15,"key":"SMITH"},{"data":"J.A.X.","floor":23,"key":"SMITH"},{"data":"Feel No Pain","floor":25,"key":"SMITH"},{"data":"Ghostly Armor","floor":27,"key":"SMITH"},{"data":"Impervious","floor":30,"key":"SMITH"},{"data":"Shockwave","floor":32,"key":"SMITH"},{"data":"Metallicize","floor":40,"key":"SMITH"},{"data":"Body Slam","floor":42,"key":"SMITH"},{"data":"Rampage","floor":45,"key":"SMITH"},{"data":"Impervious","floor":49,"key":"SMITH"}],"neow_cost":"PERCENT_DAMAGE","seed_source_timestamp":12977929181262,"circlet_count":0,"master_deck":["Bash+1","AscendersBane","Battle Trance","Thunderclap+1","Impervious+1","Shockwave+1","Feel No Pain+1","Reaper","Barricade+1","Body Slam+1","Iron Wave","Offering","J.A.X.+1","Whirlwind+1","Ghostly Armor+1","Impervious","Impervious+1","Iron Wave","Sword Boomerang","Havoc+1","Rampage+1","Metallicize+1","Cleave","Body Slam+1","Shrug It Off+1","Impervious","Second Wind","Seeing Red+1"],"relics":["Burning Blood","Torii","Whetstone","Sundial","Pear","Velvet Choker","Ornamental Fan","Letter Opener","Pandora\u0027s Box","Centennial Puzzle"],"potions_floor_usage":[6,13,14,16,44,50],"damage_taken":[{"damage":2,"enemies":"2 Louse","floor":1,"turns":4},{"damage":2,"enemies":"Jaw Worm","floor":2,"turns":4},{"damage":1,"enemies":"Cultist","floor":4,"turns":3},{"damage":7,"enemies":"Exordium Wildlife","floor":5,"turns":5},{"damage":34,"enemies":"3 Sentries","floor":6,"turns":9},{"damage":1,"enemies":"3 Louse","floor":10,"turns":4},{"damage":7,"enemies":"Blue Slaver","floor":12,"turns":5},{"damage":35,"enemies":"Gremlin Nob","floor":13,"turns":7},{"damage":18,"enemies":"Large Slime","floor":14,"turns":6},{"damage":43,"enemies":"Slime Boss","floor":16,"turns":17},{"damage":6,"enemies":"3 Byrds","floor":18,"turns":5},{"damage":1,"enemies":"Spheric Guardian","floor":21,"turns":5},{"damage":12,"enemies":"Gremlin Leader","floor":24,"turns":5},{"damage":9,"enemies":"Cultist and Chosen","floor":28,"turns":5},{"damage":15,"enemies":"Sentry and Sphere","floor":29,"turns":4},{"damage":16,"enemies":"Automaton","floor":33,"turns":8},{"damage":14,"enemies":"3 Shapes","floor":35,"turns":3},{"damage":16,"enemies":"Mind Bloom Boss Battle","floor":39,"turns":6},{"damage":14,"enemies":"Orb Walker","floor":41,"turns":3},{"damage":0,"enemies":"Spire Growth","floor":44,"turns":1},{"damage":14,"enemies":"Sphere and 2 Shapes","floor":47,"turns":6},{"damage":3,"enemies":"3 Darklings","floor":48,"turns":5},{"damage":40,"enemies":"Awakened One","floor":50,"turns":11}],"seed_played":"3906583442131595319","potions_obtained":[{"floor":2,"key":"Fire Potion"},{"floor":5,"key":"EssenceOfSteel"},{"floor":6,"key":"SmokeBomb"},{"floor":13,"key":"BloodPotion"},{"floor":14,"key":"BloodPotion"},{"floor":18,"key":"Energy Potion"},{"floor":38,"key":"SmokeBomb"},{"floor":48,"key":"Weak Potion"}],"is_trial":false,"path_per_floor":["M","M","?","M","M","E","$","R","T","M","R","M","E","M","R","B",null,"M","?","?","M","?","R","E","R","T","R","M","M","R","?","R","B",null,"M","$","?","?","?","R","M","R","T","M","R","$","M","M","R","B"],"character_chosen":"IRONCLAD","items_purchased":["Reaper","Impervious"],"campfire_rested":0,"item_purchase_floors":[7,46],"current_hp_per_floor":[55,59,59,64,63,35,35,35,35,43,43,48,29,34,34,15,71,80,80,80,88,88,88,82,82,82,82,90,88,88,88,88,90,90,82,82,82,82,82,82,74,74,74,80,80,80,72,75,75,60],"gold":62,"neow_bonus":"ONE_RARE_RELIC","is_prod":false,"is_daily":false,"chose_seed":false,"campfire_upgraded":12,"win_rate":0,"timestamp":1537749704,"path_taken":["M","M","?","M","M","E","$","R","T","M","R","M","E","M","R","BOSS","M","?","?","?","?","R","E","R","T","R","M","M","R","?","R","BOSS","M","$","?","?","?","R","M","R","T","M","R","$","M","M","R","BOSS"],"build_version":"2018-09-20","purchased_purges":3,"victory":true,"max_hp_per_floor":[80,80,80,80,80,80,80,80,80,80,80,80,90,90,90,90,90,90,90,90,90,90,90,90,90,90,90,90,90,90,90,90,90,90,90,90,90,90,90,90,90,90,90,90,90,90,90,90,90,90],"card_choices":[{"not_picked":["Clash","Anger"],"picked":"Battle Trance","floor":1},{"not_picked":["Clash","Sword Boomerang"],"picked":"Thunderclap","floor":2},{"not_picked":["Spot Weakness","Bloodletting"],"picked":"Impervious","floor":4},{"not_picked":["Clash","Perfected Strike"],"picked":"Shockwave","floor":5},{"not_picked":["Body Slam","Anger"],"picked":"Feel No Pain","floor":6},{"not_picked":["Twin Strike","Sword Boomerang"],"picked":"Barricade","floor":10},{"not_picked":["Uppercut","Spot Weakness"],"picked":"Body Slam","floor":12},{"not_picked":["Anger","Blood for Blood","Pummel"],"picked":"SKIP","floor":13},{"not_picked":["Heavy Blade","Carnage"],"picked":"Iron Wave","floor":14},{"not_picked":["Demon Form","Brutality"],"picked":"Offering","floor":16},{"not_picked":["Hemokinesis","Clothesline","Warcry"],"picked":"SKIP","floor":18},{"not_picked":["Headbutt","Perfected Strike"],"picked":"Whirlwind+1","floor":21},{"not_picked":["Twin Strike","Blood for Blood"],"picked":"Ghostly Armor","floor":24},{"not_picked":["Whirlwind+1","Havoc"],"picked":"Impervious","floor":28},{"not_picked":["Armaments","Wild Strike","Iron Wave"],"picked":"SKIP","floor":29},{"not_picked":["Armaments","Wild Strike","Iron Wave"],"picked":"SKIP","floor":29},{"not_picked":["Immolate","Berserk"],"picked":"Impervious","floor":33},{"not_picked":["Sword Boomerang","Warcry+1"],"picked":"Body Slam","floor":35},{"not_picked":["Sword Boomerang+1","Twin Strike"],"picked":"Shrug It Off+1","floor":39},{"not_picked":["Cleave","Rupture+1","Searing Blow+1"],"picked":"SKIP","floor":41},{"not_picked":["Pummel+1","Heavy Blade"],"picked":"Second Wind","floor":47},{"not_picked":["Shockwave","Perfected Strike+1"],"picked":"Seeing Red+1","floor":48}],"player_experience":588488,"relics_obtained":[{"floor":6,"key":"Whetstone"},{"floor":9,"key":"Sundial"},{"floor":13,"key":"Pear"},{"floor":24,"key":"Ornamental Fan"},{"floor":26,"key":"Letter Opener"},{"floor":43,"key":"Centennial Puzzle"}],"event_choices":[{"event_name":"Living Wall","player_choice":"Grow","floor":3,"damage_taken":0},{"event_name":"Masked Bandits","player_choice":"Paid Fearfully","floor":19,"damage_taken":0},{"event_name":"Drug Dealer","player_choice":"Got JAX","floor":20,"damage_taken":0},{"event_name":"Nest","player_choice":"Stole From Cult","floor":31,"damage_taken":0},{"event_name":"Tomb of Lord Red Mask","player_choice":"Ignored","floor":37,"damage_taken":0},{"event_name":"The Lab","player_choice":"Got Potions","floor":38,"damage_taken":0},{"event_name":"MindBloom","player_choice":"Fight","floor":39,"damage_taken":0}],"is_beta":false,"boss_relics":[{"not_picked":["Fusion Hammer","Snecko Eye"],"picked":"Velvet Choker"},{"not_picked":["Runic Pyramid","Runic Cube"],"picked":"Pandora\u0027s Box"}],"items_purged_floors":[7,36,46],"is_endless":false,"potions_floor_spawned":[2,5,6,13,14,18,28,33,35,39,44,48],"ascension_level":11}