{"gold_per_floor":[115,133,148,197,208,208,226,226,303,323,288,308,340,359,359,436,436,449,102,121,171,188,188,188],"floor_reached":24,"playtime":1571,"items_purged":["Strike_G"],"score":364,"play_id":"f318c03f-5d1f-4452-816a-6c0b36a70260","local_time":"20190303203151","is_ascension_mode":true,"campfire_choices":[{"data":"Bullet Time","floor":6,"key":"SMITH"},{"data":"Dash","floor":8,"key":"SMITH"},{"data":"Leg Sweep","floor":15,"key":"SMITH"},{"data":"Bane","floor":23,"key":"SMITH"}],"neow_cost":"NONE","seed_source_timestamp":89675492283848,"circlet_count":0,"master_deck":["AscendersBane","Defend_G","Defend_G","Defend_G","Defend_G","Defend_G","Strike_G","Strike_G","Strike_G","Strike_G","Survivor","Neutralize","Bullet Time+1","Backflip","Flying Knee","Cloak And Dagger","Dagger Throw","Dash+1","Deadly Poison","Leg Sweep+1","Bane+1","Underhanded Strike","Tools of the Trade","Backstab","Acrobatics","Outmaneuver","PiercingWail"],"relics":["Ring of the Serpent","Blood Vial","Ninja Scroll","Smiling Mask","OrangePellets"],"potions_floor_usage":[5,7,16,20,22,24],"damage_taken":[{"damage":5,"enemies":"Cultist","floor":1,"turns":4},{"damage":0,"enemies":"2 Louse","floor":2,"turns":4},{"damage":2,"enemies":"Jaw Worm","floor":3,"turns":4},{"damage":0,"enemies":"3 Louse","floor":5,"turns":4},{"damage":12,"enemies":"Exordium Thugs","floor":7,"turns":6},{"damage":8,"enemies":"Large Slime","floor":10,"turns":6},{"damage":0,"enemies":"Blue Slaver","floor":12,"turns":3},{"damage":2,"enemies":"Gremlin Nob","floor":13,"turns":4},{"damage":0,"enemies":"2 Fungi Beasts","floor":14,"turns":3},{"damage":54,"enemies":"The Guardian","floor":16,"turns":14},{"damage":15,"enemies":"Spheric Guardian","floor":18,"turns":4},{"damage":2,"enemies":"Shell Parasite","floor":20,"turns":8},{"damage":7,"enemies":"Sentry and Sphere","floor":22,"turns":8},{"damage":40,"enemies":"Gremlin Leader","floor":24,"turns":7}],"seed_played":"-2187451803465585063","potions_obtained":[{"floor":2,"key":"SneckoOil"},{"floor":3,"key":"Dexterity Potion"},{"floor":5,"key":"GamblersBrew"},{"floor":13,"key":"GhostInAJar"},{"floor":16,"key":"Ancient Potion"},{"floor":18,"key":"GhostInAJar"},{"floor":20,"key":"PowerPotion"}],"is_trial":false,"path_per_floor":["M","M","M","T","M","R","M","R","T","M","?","M","E","M","R","B",null,"M","$","M","?","M","R","E"],"character_chosen":"THE_SILENT","items_purchased":["Acrobatics","Outmaneuver","OrangePellets"],"campfire_rested":0,"item_purchase_floors":[19,19,19],"current_hp_per_floor":[54,54,52,52,54,54,44,44,44,38,54,56,56,58,58,6,51,38,38,38,38,33,33,0],"gold":188,"neow_bonus":"ONE_RANDOM_RARE_CARD","is_prod":false,"is_daily":false,"chose_seed":false,"campfire_upgraded":4,"win_rate":0,"timestamp":1551663111,"path_taken":["M","?","?","?","M","R","M","R","T","M","?","M","E","M","R","BOSS","M","$","M","?","M","R","E"],"build_version":"2019-01-23","purchased_purges":1,"victory":false,"max_hp_per_floor":[66,66,66,66,66,66,66,66,66,66,66,66,66,66,66,66,66,66,66,66,66,66,66,66],"card_choices":[{"not_picked":["Bane","Calculated Gamble"],"picked":"Backflip","floor":1},{"not_picked":["Accuracy","All Out Attack"],"picked":"Flying Knee","floor":2},{"not_picked":["All Out Attack","Terror"],"picked":"Cloak And Dagger","floor":3},{"not_picked":["Blade Dance","Accuracy"],"picked":"Dagger Throw","floor":5},{"not_picked":["Blade Dance","Dagger Throw"],"picked":"Dash","floor":7},{"not_picked":["Infinite Blades","Sucker Punch"],"picked":"Deadly Poison","floor":10},{"not_picked":["Burst","Underhanded Strike"],"picked":"Leg Sweep","floor":12},{"not_picked":["Sucker Punch","Dagger Throw"],"picked":"Bane","floor":13},{"not_picked":["Dagger Spray","Outmaneuver"],"picked":"Underhanded Strike","floor":14},{"not_picked":["Unload","Burst"],"picked":"Tools of the Trade","floor":16},{"not_picked":["Expertise","Calculated Gamble"],"picked":"Backstab","floor":18},{"not_picked":["Deflect","Sucker Punch","Flying Knee"],"picked":"SKIP","floor":20},{"not_picked":["Eviscerate","Dagger Spray"],"picked":"PiercingWail","floor":22}],"player_experience":824328,"relics_obtained":[{"floor":4,"key":"Blood Vial"},{"floor":9,"key":"Ninja Scroll"},{"floor":13,"key":"Smiling Mask"}],"event_choices":[{"damage_healed":16,"gold_gain":0,"player_choice":"Healed","damage_taken":0,"max_hp_gain":0,"max_hp_loss":0,"event_name":"The Cleric","floor":11,"gold_loss":35},{"damage_healed":0,"gold_gain":50,"player_choice":"Stole From Cult","damage_taken":0,"max_hp_gain":0,"max_hp_loss":0,"event_name":"Nest","floor":21,"gold_loss":0}],"is_beta":false,"boss_relics":[{"not_picked":["Eternal Feather","Runic Pyramid"],"picked":"Ring of the Serpent"}],"items_purged_floors":[19],"is_endless":false,"potions_floor_spawned":[2,3,5,13,16,18,20],"killed_by":"Gremlin Leader","ascension_level":16}