{"gold_per_floor":[216,227,244,264,139,139,157,177,203,236,236,15,49,69,69,164,164,181,31,31,31,31,31,49,62,85,113,313,313,331,348,348,348],"floor_reached":33,"playtime":3427,"items_purged":["Strike_R","Strike_R","Strike_R"],"score":279,"play_id":"0c2b84a1-8967-487d-8ad4-2daaf3e9625a","local_time":"20190219070811","is_ascension_mode":false,"campfire_choices":[{"data":"Hemokinesis","floor":6,"key":"SMITH"},{"floor":15,"key":"REST"},{"data":"Havoc","floor":23,"key":"SMITH"},{"floor":29,"key":"REST"},{"floor":32,"key":"REST"}],"neow_cost":"NONE","seed_source_timestamp":17265439270557,"circlet_count":0,"master_deck":["Strike_R","Strike_R","Defend_R","Defend_R","Defend_R","Defend_R","Bash","Clothesline","Hemokinesis+1","Disarm","Armaments","Rampage","Shrug It Off","Inflame","Sword Boomerang","Thunderclap","Juggernaut","Iron Wave","Havoc+1","Seeing Red","Necronomicurse","Intimidate"],"relics":["Burning Blood","Lantern","Sundial","Pen Nib","Philosopher\u0027s Stone","Necronomicon","Ancient Tea Set","Bag of Marbles"],"potions_floor_usage":[18,33],"damage_taken":[{"damage":11,"enemies":"Jaw Worm","floor":1,"turns":4},{"damage":4,"enemies":"Cultist","floor":2,"turns":3},{"damage":9,"enemies":"2 Louse","floor":3,"turns":4},{"damage":9,"enemies":"Looter","floor":4,"turns":4},{"damage":6,"enemies":"Blue Slaver","floor":7,"turns":5},{"damage":7,"enemies":"2 Fungi Beasts","floor":8,"turns":4},{"damage":16,"enemies":"3 Sentries","floor":10,"turns":10},{"damage":25,"enemies":"Gremlin Nob","floor":13,"turns":4},{"damage":10,"enemies":"Gremlin Gang","floor":14,"turns":5},{"damage":26,"enemies":"Slime Boss","floor":16,"turns":9},{"damage":15,"enemies":"3 Byrds","floor":18,"turns":5},{"damage":4,"enemies":"Chosen","floor":24,"turns":3},{"damage":14,"enemies":"Centurion and Healer","floor":25,"turns":5},{"damage":35,"enemies":"Gremlin Leader","floor":27,"turns":7},{"damage":21,"enemies":"Sentry and Sphere","floor":30,"turns":4},{"damage":19,"enemies":"Chosen and Byrds","floor":31,"turns":4},{"damage":45,"enemies":"Collector","floor":33,"turns":4}],"seed_played":"7472565434158399745","potions_obtained":[{"floor":2,"key":"Weak Potion"},{"floor":8,"key":"SpeedPotion"},{"floor":10,"key":"SteroidPotion"},{"floor":11,"key":"Dexterity Potion"},{"floor":11,"key":"AttackPotion"},{"floor":11,"key":"EssenceOfSteel"},{"floor":14,"key":"LiquidBronze"},{"floor":16,"key":"PowerPotion"},{"floor":18,"key":"Dexterity Potion"}],"is_trial":false,"path_per_floor":["M","M","M","M","$","R","M","M","T","E","?","$","E","M","R","B",null,"M","$","?","?","?","R","M","M","T","E","?","R","M","M","R","B"],"character_chosen":"IRONCLAD","items_purchased":["Armaments","Shrug It Off","Inflame","Havoc"],"campfire_rested":3,"item_purchase_floors":[5,12,12,19],"current_hp_per_floor":[75,77,74,71,71,71,71,70,70,60,60,60,41,37,61,41,80,71,71,71,55,55,55,57,49,49,20,20,44,29,16,40,0],"gold":348,"neow_bonus":"HUNDRED_GOLD","is_prod":false,"is_daily":false,"chose_seed":false,"campfire_upgraded":2,"win_rate":0,"timestamp":1550552891,"path_taken":["M","M","M","M","$","R","M","M","T","E","?","$","E","?","R","BOSS","M","$","?","?","?","R","M","?","T","E","?","R","M","M","R","BOSS"],"build_version":"2019-01-23","purchased_purges":3,"victory":false,"max_hp_per_floor":[80,80,80,80,80,80,80,80,80,80,80,80,80,80,80,80,80,80,80,80,80,80,80,80,80,80,80,80,80,80,80,80,80],"card_choices":[{"not_picked":["Iron Wave","Shockwave"],"picked":"Clothesline","floor":1},{"not_picked":["Ghostly Armor","Perfected Strike"],"picked":"Hemokinesis","floor":2},{"not_picked":["Clash","Pummel"],"picked":"Disarm","floor":3},{"not_picked":["Combust","Sentinel","Clash"],"picked":"SKIP","floor":4},{"not_picked":["Warcry","Anger"],"picked":"Rampage","floor":7},{"not_picked":["Twin Strike","Pommel Strike","Sever Soul"],"picked":"SKIP","floor":8},{"not_picked":["Brutality","Wild Strike","Carnage"],"picked":"SKIP","floor":10},{"not_picked":["Clothesline","Searing Blow"],"picked":"Sword Boomerang","floor":13},{"not_picked":["Anger","Seeing Red"],"picked":"Thunderclap","floor":14},{"not_picked":["Feed","Bludgeon"],"picked":"Juggernaut","floor":16},{"not_picked":["Twin Strike+1","Thunderclap"],"picked":"Iron Wave","floor":18},{"not_picked":["Entrench+1","Bloodletting","Heavy Blade"],"picked":"SKIP","floor":24},{"not_picked":["Clothesline","Headbutt","Reckless Charge"],"picked":"SKIP","floor":25},{"not_picked":["Heavy Blade","Anger","Pommel Strike"],"picked":"SKIP","floor":27},{"not_picked":["Headbutt","Iron Wave+1"],"picked":"Intimidate","floor":30},{"not_picked":["Headbutt","Corruption+1","Shockwave"],"picked":"SKIP","floor":31}],"player_experience":409872,"relics_obtained":[{"floor":9,"key":"Lantern"},{"floor":10,"key":"Sundial"},{"floor":13,"key":"Pen Nib"},{"floor":21,"key":"Necronomicon"},{"floor":26,"key":"Ancient Tea Set"},{"floor":27,"key":"Bag of Marbles"}],"event_choices":[{"damage_healed":0,"gold_gain":0,"player_choice":"Got Potions","damage_taken":0,"max_hp_gain":0,"max_hp_loss":0,"event_name":"Lab","floor":11,"gold_loss":0},{"damage_healed":0,"gold_gain":0,"player_choice":"Read","damage_taken":0,"max_hp_gain":0,"max_hp_loss":0,"event_name":"The Library","floor":20,"gold_loss":0,"cards_obtained":["Seeing Red"]},{"damage_healed":0,"gold_gain":0,"player_choice":"Obtained Book","damage_taken":16,"max_hp_gain":0,"max_hp_loss":0,"event_name":"Cursed Tome","floor":21,"gold_loss":0},{"damage_healed":0,"gold_gain":200,"player_choice":"Gold","damage_taken":0,"max_hp_gain":0,"max_hp_loss":0,"event_name":"Wheel of Change","floor":28,"gold_loss":0}],"is_beta":false,"boss_relics":[{"not_picked":["White Beast Statue","Lizard Tail"],"picked":"Philosopher\u0027s Stone"}],"items_purged_floors":[5,12,19],"is_endless":false,"potions_floor_spawned":[2,8,10,14,16,18,27,30],"killed_by":"Collector","ascension_level":0}