{"gold_per_floor":[114,34,134,149,160,160,190,203,229,229,259,23,40,40,40,130,130,103,34,34,53,53,53],"floor_reached":23,"playtime":985,"items_purged":[],"score":328,"play_id":"9ab33b67-9898-43ff-ad62-0068e5e7328a","local_time":"20190301130420","is_ascension_mode":true,"campfire_choices":[{"data":"Poisoned Stab","floor":6,"key":"SMITH"},{"data":"Neutralize","floor":10,"key":"SMITH"},{"data":"Noxious Fumes","floor":15,"key":"SMITH"}],"neow_cost":"NONE","seed_source_timestamp":746594893272536,"circlet_count":0,"master_deck":["AscendersBane","Defend_G","Defend_G","Defend_G","Defend_G","Defend_G","Strike_G","Strike_G","Strike_G","Strike_G","Strike_G","Survivor","Neutralize+1","Terror","Blur","Noxious Fumes+1","Poisoned Stab+1","Acrobatics","Dodge and Roll","Cloak And Dagger","Riddle With Holes","PiercingWail","Malaise","Footwork","Caltrops"],"relics":["Ring of the Snake","Ancient Tea Set","Bag of Marbles","Bronze Scales","PreservedInsect","Golden Idol","Sozu"],"potions_floor_usage":[16,16,18],"damage_taken":[{"damage":3,"enemies":"2 Louse","floor":1,"turns":5},{"damage":0,"enemies":"Cultist","floor":4,"turns":4},{"damage":7,"enemies":"Small Slimes","floor":5,"turns":4},{"damage":16,"enemies":"Gremlin Nob","floor":7,"turns":4},{"damage":5,"enemies":"2 Fungi Beasts","floor":8,"turns":5},{"damage":14,"enemies":"3 Sentries","floor":11,"turns":8},{"damage":2,"enemies":"3 Louse","floor":13,"turns":5},{"damage":1,"enemies":"Hexaghost","floor":16,"turns":8},{"damage":10,"enemies":"2 Thieves","floor":18,"turns":5},{"damage":16,"enemies":"Spheric Guardian","floor":21,"turns":5},{"damage":39,"enemies":"3 Cultists","floor":23,"turns":5}],"seed_played":"7575669421738583801","potions_obtained":[{"floor":8,"key":"Block Potion"},{"floor":13,"key":"AttackPotion"},{"floor":16,"key":"EssenceOfSteel"}],"is_trial":false,"path_per_floor":["M","$","?","M","M","R","E","M","T","R","E","$","M","?","R","B",null,"M","$","?","M","$","M"],"character_chosen":"THE_SILENT","items_purchased":["Blur","PreservedInsect","Cloak And Dagger","Riddle With Holes","Footwork"],"campfire_rested":0,"item_purchase_floors":[2,12,12,12,19],"current_hp_per_floor":[60,60,60,60,53,53,37,32,32,32,18,18,16,16,16,15,53,43,43,43,27,27,0],"gold":53,"neow_bonus":"RANDOM_COMMON_RELIC","is_prod":false,"is_daily":false,"chose_seed":false,"campfire_upgraded":3,"win_rate":0,"timestamp":1551463460,"path_taken":["M","$","?","M","M","R","E","M","T","R","E","$","?","?","R","BOSS","M","$","?","M","$","M"],"build_version":"2019-01-23","purchased_purges":0,"victory":false,"max_hp_per_floor":[70,70,70,70,70,70,70,70,70,70,70,70,70,65,65,65,65,65,65,65,65,65,65],"card_choices":[{"not_picked":["Cloak And Dagger","Caltrops"],"picked":"Terror","floor":1},{"not_picked":["Dagger Throw","Masterful Stab"],"picked":"Noxious Fumes","floor":4},{"not_picked":["Riddle With Holes","Dagger Spray"],"picked":"Poisoned Stab","floor":5},{"not_picked":["Tactician","PiercingWail"],"picked":"Acrobatics","floor":7},{"not_picked":["Distraction","Accuracy"],"picked":"Dodge and Roll","floor":8},{"not_picked":["Prepared","Dodge and Roll","Slice"],"picked":"SKIP","floor":11},{"not_picked":["Cloak And Dagger","Underhanded Strike"],"picked":"PiercingWail","floor":13},{"not_picked":["Bullet Time","Venomology"],"picked":"Malaise","floor":16},{"not_picked":["Distraction","Quick Slash","Dagger Spray"],"picked":"SKIP","floor":18},{"not_picked":["Caltrops","Bane","Prepared"],"picked":"SKIP","floor":21}],"player_experience":741243,"relics_obtained":[{"floor":7,"key":"Bag of Marbles"},{"floor":11,"key":"Bronze Scales"}],"event_choices":[{"damage_healed":0,"gold_gain":100,"player_choice":"Pray","damage_taken":0,"max_hp_gain":0,"max_hp_loss":0,"event_name":"Golden Shrine","floor":3,"gold_loss":0},{"damage_healed":0,"gold_gain":0,"player_choice":"Lose Max HP","damage_taken":0,"relics_obtained":["Golden Idol"],"max_hp_gain":0,"max_hp_loss":5,"event_name":"Golden Idol","floor":14,"gold_loss":0},{"damage_healed":0,"gold_gain":0,"player_choice":"Read","damage_taken":0,"max_hp_gain":0,"max_hp_loss":0,"event_name":"The Library","floor":20,"gold_loss":0,"cards_obtained":["Caltrops"]}],"is_beta":false,"boss_relics":[{"not_picked":["Runic Pyramid","Tiny House"],"picked":"Sozu"}],"items_purged_floors":[],"is_endless":false,"potions_floor_spawned":[8,13,16],"killed_by":"3 Cultists","ascension_level":13}