{"gold_per_floor":[115,131,131,150,150,180,180,241,241,275,275,308,308,318,318,416,416,430,430,443,443,114,147,162,179,233,233,245,279,279,291,291,394,394,405,423,383,395,156,156,181,181,181,181,207,218,218,231,231,231],"floor_reached":50,"playtime":5548,"items_purged":[],"score":852,"play_id":"f55898ef-e713-40a1-8153-4ba3dfd27c5e","local_time":"20190225154224","is_ascension_mode":true,"campfire_choices":[{"data":"Carnage","floor":7.0,"key":"SMITH"},{"data":"Iron Wave","floor":11.0,"key":"SMITH"},{"data":"Evolve","floor":13.0,"key":"SMITH"},{"data":"Anger","floor":15.0,"key":"SMITH"},{"data":"Corruption","floor":30.0,"key":"SMITH"},{"data":"Bite","floor":32.0,"key":"SMITH"},{"data":"Power Through","floor":40.0,"key":"SMITH"},{"data":"Dark Embrace","floor":42.0,"key":"SMITH"},{"data":"Power Through","floor":44.0,"key":"SMITH"},{"floor":49,"key":"RECALL"}],"neow_cost":"NONE","seed_source_timestamp":0,"circlet_count":0,"master_deck":["Defend_R","Defend_R","Defend_R","Defend_R","Bash+1","Carnage+1","Iron Wave+1","Headbutt","Anger+1","Evolve+1","Immolate","True Grit+1","Bite+1","Bite","Bite","Bite","Bite+1","Shrug It Off","Feed","Mayhem","Corruption+1","Metallicize","Juggernaut+1","Power Through+1","Second Wind+1","Power Through+1","Dark Embrace+1","True Grit+1"],"special_seed":0,"relics":["Burning Blood","Orichalcum","Ice Cream","Tiny Chest","Sundial","Champion Belt","Incense Burner","Coffee Dripper","Dodecahedron","Smiling Mask","Omamori","Lantern","Runic Pyramid","Happy Flower","Girya","Torii"],"potions_floor_usage":[50,50],"damage_taken":[{"damage":0.0,"enemies":"Small Slimes","floor":1.0,"turns":4.0},{"damage":2.0,"enemies":"2 Louse","floor":2.0,"turns":3.0},{"damage":0.0,"enemies":"Cultist","floor":4.0,"turns":2.0},{"damage":28.0,"enemies":"Lagavulin","floor":6.0,"turns":6.0},{"damage":12.0,"enemies":"3 Sentries","floor":8.0,"turns":7.0},{"damage":29.0,"enemies":"Lagavulin","floor":10.0,"turns":4.0},{"damage":12.0,"enemies":"3 Sentries","floor":12.0,"turns":7.0},{"damage":0.0,"enemies":"Large Slime","floor":14.0,"turns":4.0},{"damage":8.0,"enemies":"Hexaghost","floor":16.0,"turns":9.0},{"damage":2.0,"enemies":"Chosen","floor":18.0,"turns":4.0},{"damage":27.0,"enemies":"Shell Parasite","floor":20.0,"turns":5.0},{"damage":26.0,"enemies":"Book of Stabbing","floor":23.0,"turns":5.0},{"damage":17.0,"enemies":"Centurion and Healer","floor":24.0,"turns":5.0},{"damage":4.0,"enemies":"3 Cultists","floor":25.0,"turns":4.0},{"damage":4.0,"enemies":"Cultist and Chosen","floor":28.0,"turns":7.0},{"damage":36.0,"enemies":"Slavers","floor":29.0,"turns":5.0},{"damage":26.0,"enemies":"Shelled Parasite and Fungi","floor":31.0,"turns":5.0},{"damage":34.0,"enemies":"Champ","floor":33.0,"turns":10.0},{"damage":5.0,"enemies":"3 Shapes","floor":35.0,"turns":6.0},{"damage":5.0,"enemies":"Orb Walker","floor":36.0,"turns":3.0},{"damage":36.0,"enemies":"Spire Growth","floor":38.0,"turns":5.0},{"damage":44.0,"enemies":"Giant Head","floor":41.0,"turns":9.0},{"damage":46.0,"enemies":"Reptomancer","floor":45.0,"turns":10.0},{"damage":35.0,"enemies":"Sphere and 2 Shapes","floor":46.0,"turns":5.0},{"damage":17,"enemies":"Jaw Worm Horde","floor":48,"turns":5},{"damage":80,"enemies":"Awakened One","floor":50,"turns":10}],"seed_played":"6587489030133782860","potions_obtained":[{"floor":4.0,"key":"SteroidPotion"},{"floor":8.0,"key":"GamblersBrew"},{"floor":10.0,"key":"Weak Potion"},{"floor":16.0,"key":"PowerPotion"},{"floor":24.0,"key":"SpeedPotion"},{"floor":28.0,"key":"PowerPotion"},{"floor":29.0,"key":"Poison Potion"},{"floor":33.0,"key":"FearPotion"},{"floor":48,"key":"EssenceOfSteel"}],"is_trial":false,"path_per_floor":["M","M","?","M","?","E","R","E","T","E","R","E","R","M","R","B",null,"M","?","M","?","$","E","M","M","T","?","M","E","R","M","R","B",null,"M","M","?","M","$","R","E","R","T","R","E","M","$","M","R","B"],"character_chosen":"IRONCLAD","items_purchased":["Feed","Mayhem","Power Through","Happy Flower"],"campfire_rested":0,"item_purchase_floors":[22,22,39,39],"current_hp_per_floor":[78,80,73,79,84,62,62,56,56,33,33,27,27,33,33,31,72,76,59,46,36,36,24,29,40,40,40,65,39,39,36,36,40,65,69,79,79,59,59,59,50,50,50,50,37,25,25,31,31,0],"gold":231,"neow_bonus":"UPGRADE_CARD","is_prod":false,"is_daily":false,"chose_seed":false,"campfire_upgraded":9,"win_rate":0,"timestamp":1551127344,"path_taken":["M","M","?","M","?","E","R","E","T","E","R","E","R","M","R","BOSS","M","?","M","?","$","E","M","M","T","?","M","E","R","M","R","BOSS","M","M","?","M","$","R","E","R","T","R","E","M","$","?","R","BOSS"],"build_version":"2019-01-23","purchased_purges":0,"victory":false,"max_hp_per_floor":[80,80,80,80,85,85,85,85,85,85,85,85,85,85,85,85,85,85,59,59,64,64,64,64,67,67,67,70,70,70,73,73,73,73,76,79,79,79,79,79,79,79,79,79,82,85,85,88,88,91],"card_choices":[{"not_picked":["True Grit","Whirlwind"],"picked":"Carnage","floor":1.0},{"not_picked":["Shrug It Off","Power Through"],"picked":"Iron Wave","floor":2.0},{"not_picked":["Shrug It Off","Perfected Strike"],"picked":"Headbutt","floor":4.0},{"not_picked":["Second Wind","Body Slam","Warcry"],"picked":"SKIP","floor":6.0},{"not_picked":["Warcry","Juggernaut"],"picked":"Anger","floor":8.0},{"not_picked":["Heavy Blade","Thunderclap"],"picked":"Evolve","floor":10.0},{"not_picked":["Body Slam","Barricade","Blood for Blood"],"picked":"SKIP","floor":12.0},{"not_picked":["Flex","Sentinel","Sever Soul"],"picked":"SKIP","floor":14.0},{"not_picked":["Brutality","Double Tap"],"picked":"Immolate","floor":16.0},{"not_picked":["Intimidate","Pommel Strike"],"picked":"True Grit+1","floor":18.0},{"not_picked":["Burning Pact","Thunderclap"],"picked":"Shrug It Off","floor":20.0},{"not_picked":["Clothesline+1","Sever Soul"],"picked":"Corruption","floor":23.0},{"not_picked":["Twin Strike","Pommel Strike"],"picked":"Metallicize","floor":24.0},{"not_picked":["Twin Strike","Iron Wave+1","Second Wind"],"picked":"SKIP","floor":25.0},{"not_picked":["Intimidate+1","Iron Wave","Searing Blow"],"picked":"SKIP","floor":28.0},{"not_picked":["Twin Strike","Ghostly Armor","Immolate"],"picked":"SKIP","floor":29.0},{"not_picked":["Wild Strike+1","Sever Soul+1","Headbutt"],"picked":"SKIP","floor":31.0},{"not_picked":["Feed","Fiend Fire"],"picked":"Juggernaut","floor":33.0},{"not_picked":["Dual Wield","Combust+1","Thunderclap"],"picked":"SKIP","floor":35.0},{"not_picked":["Havoc","Anger+1"],"picked":"Power Through","floor":36.0},{"not_picked":["Thunderclap","True Grit"],"picked":"Second Wind+1","floor":38.0},{"not_picked":["Wild Strike","Cleave+1"],"picked":"Dark Embrace","floor":41.0},{"not_picked":["Twin Strike+1","Corruption","Dark Embrace"],"picked":"SKIP","floor":45.0},{"not_picked":["Carnage+1","Hemokinesis"],"picked":"True Grit+1","floor":46.0},{"not_picked":["Dual Wield","Pommel Strike+1","Cleave"],"picked":"SKIP","floor":48}],"player_experience":1668036,"relics_obtained":[{"floor":6.0,"key":"Ice Cream"},{"floor":8.0,"key":"Tiny Chest"},{"floor":9.0,"key":"Sundial"},{"floor":10.0,"key":"Champion Belt"},{"floor":12.0,"key":"Incense Burner"},{"floor":23.0,"key":"Dodecahedron"},{"floor":26.0,"key":"Smiling Mask"},{"floor":29.0,"key":"Lantern"},{"floor":41.0,"key":"Girya"},{"floor":45.0,"key":"Torii"}],"event_choices":[{"damage_healed":0.0,"max_hp_gain":0.0,"max_hp_loss":0.0,"gold_gain":0.0,"event_name":"Scrap Ooze","player_choice":"Success","floor":3.0,"gold_loss":0.0,"damage_taken":7.0,"relics_obtained":["Orichalcum"]},{"damage_healed":0.0,"max_hp_gain":5.0,"max_hp_loss":0.0,"gold_gain":0.0,"event_name":"Big Fish","player_choice":"Donut","floor":5.0,"gold_loss":0.0,"damage_taken":0.0},{"damage_healed":0.0,"max_hp_gain":0.0,"max_hp_loss":26.0,"gold_gain":0.0,"event_name":"Vampires","player_choice":"Became a vampire","floor":19.0,"gold_loss":0.0,"damage_taken":0.0,"cards_obtained":["Bite","Bite","Bite","Bite","Bite"]},{"damage_healed":0.0,"max_hp_gain":5.0,"max_hp_loss":0.0,"gold_gain":0.0,"event_name":"Forgotten Altar","player_choice":"Shed Blood","floor":21.0,"gold_loss":0.0,"damage_taken":15.0},{"damage_healed":0.0,"max_hp_gain":0.0,"max_hp_loss":0.0,"gold_gain":0.0,"event_name":"The Mausoleum","player_choice":"Opened","floor":27.0,"gold_loss":0.0,"damage_taken":0.0,"relics_obtained":["Omamori"]},{"damage_healed":0.0,"max_hp_gain":0.0,"max_hp_loss":0.0,"gold_gain":0.0,"event_name":"Designer","player_choice":"Upgraded Two","floor":37.0,"gold_loss":40.0,"damage_taken":0.0,"cards_upgraded":["Juggernaut","Bite"]}],"is_beta":false,"boss_relics":[{"not_picked":["Cursed Key","Busted Crown"],"picked":"Coffee Dripper"},{"not_picked":["Mark of Pain","Eternal Feather"],"picked":"Runic Pyramid"}],"items_purged_floors":[],"is_endless":false,"potions_floor_spawned":[4,8,10,16,24,28,29,33,35,45,48],"killed_by":"Awakened One","ascension_level":9}