{"gold_per_floor":[112,129,229,240,253,281,281,281,281,293,293,327,29,45,45,142,142,130,145,145,157,157,157,191,191,273,302,302,320,340,350,350,350],"floor_reached":33,"playtime":2278,"items_purged":["Strike_B"],"score":299,"play_id":"4406f81c-bb58-47ea-8ad6-293377be2b86","local_time":"20180807172533","is_ascension_mode":false,"campfire_choices":[{"data":"Defragment","floor":7,"key":"SMITH"},{"floor":11,"key":"REST"},{"data":"Biased Cognition","floor":15,"key":"SMITH"},{"data":"White Noise","floor":23,"key":"SMITH"},{"data":"Rainbow","floor":25,"key":"SMITH"},{"floor":28,"key":"REST"},{"floor":32,"key":"REST"}],"neow_cost":"","seed_source_timestamp":442782526829259,"circlet_count":0,"master_deck":["Strike_B","Strike_B","Defend_B","Defend_B","Defend_B","Defend_B","Zap","Dualcast","Genetic Algorithm","Cold Snap","Heatsinks","Defragment+1","Ball Lightning","Meteor Strike","Leap","Biased Cognition+1","Capacitor","Redo","Rainbow+1","White Noise+1","Cold Snap","Echo Form"],"relics":["Cracked Core","Shuriken","Pantograph","Question Card","Anchor","Inserter","Smiling Mask","Gambling Chip","Ornamental Fan","Singing Bowl"],"potions_floor_usage":[6,16,18,31],"damage_taken":[{"damage":1,"enemies":"Cultist","floor":1,"turns":3},{"damage":2,"enemies":"Small Slimes","floor":2,"turns":4},{"damage":5,"enemies":"Jaw Worm","floor":4,"turns":4},{"damage":0,"enemies":"Looter","floor":5,"turns":3},{"damage":13,"enemies":"3 Sentries","floor":6,"turns":9},{"damage":18,"enemies":"Gremlin Gang","floor":10,"turns":4},{"damage":36,"enemies":"Gremlin Nob","floor":12,"turns":5},{"damage":1,"enemies":"3 Louse","floor":14,"turns":4},{"damage":21,"enemies":"Hexaghost","floor":16,"turns":7},{"damage":5,"enemies":"2 Thieves","floor":18,"turns":5},{"damage":24,"enemies":"Spheric Guardian","floor":19,"turns":6},{"damage":8,"enemies":"Snake Plant","floor":21,"turns":5},{"damage":8,"enemies":"Book of Stabbing","floor":24,"turns":7},{"damage":17,"enemies":"Slavers","floor":27,"turns":6},{"damage":5,"enemies":"Snecko","floor":29,"turns":4},{"damage":24,"enemies":"Sentry and Sphere","floor":30,"turns":6},{"damage":0,"enemies":"Snake Plant","floor":31,"turns":3},{"damage":70,"enemies":"Champ","floor":33,"turns":9}],"seed_played":"3319855733782603564","potions_obtained":[{"floor":1,"key":"PowerPotion"},{"floor":2,"key":"SneckoOil"},{"floor":10,"key":"SteroidPotion"},{"floor":14,"key":"LiquidBronze"},{"floor":24,"key":"GamblersBrew"},{"floor":29,"key":"FearPotion"},{"floor":30,"key":"Weak Potion"}],"is_trial":false,"path_per_floor":["M","M","?","M","M","E","R","?","T","M","R","E","$","M","R","B",null,"M","M","?","M","?","R","E","R","T","E","R","M","M","M","R"],"character_chosen":"DEFECT","items_purchased":["Capacitor","Anchor"],"campfire_rested":3,"item_purchase_floors":[13,13],"current_hp_per_floor":[74,72,72,67,67,54,54,54,54,36,58,22,22,21,21,25,75,70,46,46,38,38,38,30,30,30,15,38,35,13,13,37,0],"gold":350,"neow_bonus":"","is_prod":false,"is_daily":false,"chose_seed":false,"campfire_upgraded":4,"win_rate":0,"timestamp":1533677133,"path_taken":["M","?","?","M","M","E","R","?","T","?","R","E","$","?","R","BOSS","M","M","?","M","?","R","E","R","T","E","R","M","M","?","R","BOSS"],"build_version":"2018-08-02","purchased_purges":1,"victory":false,"max_hp_per_floor":[75,75,75,75,75,75,75,75,75,75,75,75,75,75,75,75,75,75,75,75,75,75,75,75,75,75,77,77,79,81,81,81,81],"card_choices":[{"not_picked":["Static Discharge","Ball Lightning"],"picked":"Genetic Algorithm","floor":1},{"not_picked":["Go for the Eyes","Compile Driver"],"picked":"Cold Snap","floor":2},{"not_picked":["Static Discharge","Darkness"],"picked":"Heatsinks","floor":4},{"not_picked":["Cold Snap","Beam Cell"],"picked":"Defragment","floor":5},{"not_picked":["Go for the Eyes","Blizzard"],"picked":"Ball Lightning","floor":6},{"not_picked":["Reprogram","Fusion"],"picked":"Leap","floor":10},{"not_picked":["Coolheaded","Stack"],"picked":"Biased Cognition","floor":12},{"not_picked":["Sweeping Beam","Reprogram","Steam Power"],"picked":"Redo","floor":14},{"not_picked":["Multi-Cast","Fission","Core Surge"],"picked":"Rainbow","floor":16},{"not_picked":["Ball Lightning","Sweeping Beam+1","Chaos+1","Melter+1"],"picked":"SKIP","floor":18},{"not_picked":["Lockon","Rebound","Cold Snap"],"picked":"White Noise","floor":19},{"not_picked":["Steam","Sweeping Beam","Go for the Eyes"],"picked":"Cold Snap","floor":21},{"not_picked":["Sweeping Beam","Compile Driver","Cold Snap","Ball Lightning+1"],"picked":"SKIP","floor":24},{"not_picked":["Ball Lightning","Stack","Gash","Reinforced Body"],"picked":"Singing Bowl","floor":27},{"not_picked":["Conserve Battery+1","Stack+1","Blizzard","Leap"],"picked":"Singing Bowl","floor":29},{"not_picked":["Gash","Barrage","Go for the Eyes","Sweeping Beam"],"picked":"Singing Bowl","floor":30},{"not_picked":["Auto Shields","Sunder+1","Coolheaded"],"picked":"Echo Form","floor":31}],"player_experience":688088,"relics_obtained":[{"floor":6,"key":"Shuriken"},{"floor":9,"key":"Pantograph"},{"floor":12,"key":"Question Card"},{"floor":24,"key":"Gambling Chip"},{"floor":26,"key":"Ornamental Fan"},{"floor":27,"key":"Singing Bowl"}],"event_choices":[{"event_name":"Golden Shrine","player_choice":"Pray","floor":3,"damage_taken":0},{"event_name":"Transmorgrifier","player_choice":"Transform","floor":8,"damage_taken":0},{"event_name":"WeMeetAgain","player_choice":"Potion","floor":20,"damage_taken":0},{"event_name":"Drug Dealer","player_choice":"Ignored","floor":22,"damage_taken":0}],"is_beta":false,"boss_relics":[{"not_picked":["Runic Dome","Tiny House"],"picked":"Inserter"}],"items_purged_floors":[13],"is_endless":false,"potions_floor_spawned":[1,2,10,14,24,29,30],"killed_by":"Champ","ascension_level":0}