{"path_per_floor":["M","M","M","$","M","R","E","M","T","?","M","$","R","M","R","B",null,"M","?","?","M","$","R"],"character_chosen":"IRONCLAD","items_purchased":["Reaper"],"gold_per_floor":[219,235,251,32,46,46,79,91,91,91,102,2,2,21,21,116,116,130,130,130,145,20,20,20],"floor_reached":24,"campfire_rested":0,"playtime":1081,"current_hp_per_floor":[79,80,80,80,80,80,81,88,88,88,86,86,86,86,86,89,94,72,72,72,60,60,60,0],"items_purged":["Strike_R","Strike_R","Strike_R"],"gold":20,"score":238,"play_id":"6e68f2f6-8c6f-48b5-adee-b21b94ce8027","local_time":"20180515025136","is_prod":false,"is_daily":false,"chose_seed":false,"is_ascension_mode":true,"campfire_upgraded":4,"timestamp":1526367096,"path_taken":["M","M","M","$","M","R","E","M","T","?","?","$","R","M","R","BOSS","M","?","?","M","$","R","E"],"build_version":"2018-05-12v2","seed_source_timestamp":509301178187386,"purchased_purges":4,"victory":false,"master_deck":["Defend_R","Defend_R","Defend_R","Defend_R","Bash+1","Hemokinesis+1","Shrug It Off","True Grit+1","Reaper","Bloodletting+1","Clothesline","Cleave","Demon Form","Fiend Fire","Rupture+1","Shrug It Off+1"],"max_hp_per_floor":[80,80,80,80,80,80,94,94,94,94,94,94,94,94,94,94,94,94,94,94,94,94,94,94],"relics":["Burning Blood","Mango","Ornamental Fan","Black Star"],"card_choices":[{"not_picked":["Flex","Clash"],"picked":"Hemokinesis","floor":1},{"not_picked":["Disarm","Cleave"],"picked":"Shrug It Off","floor":2},{"not_picked":["Sever Soul","Flex"],"picked":"True Grit","floor":3},{"not_picked":["Corruption","Iron Wave"],"picked":"Bloodletting","floor":5},{"not_picked":["Juggernaut","Flex"],"picked":"Clothesline","floor":7},{"not_picked":["Perfected Strike","Warcry","Corruption"],"picked":"SKIP","floor":8},{"not_picked":["Perfected Strike","Warcry","Corruption"],"picked":"SKIP","floor":8},{"not_picked":["Thunderclap","Combust"],"picked":"Cleave","floor":11},{"not_picked":["Clothesline","Spot Weakness"],"picked":"Demon Form","floor":14},{"not_picked":["Feed","Bludgeon"],"picked":"Fiend Fire","floor":16},{"not_picked":["Anger+1","Perfected Strike+1"],"picked":"Rupture+1","floor":18},{"not_picked":["Power Through","Reckless Charge"],"picked":"Shrug It Off+1","floor":21}],"player_experience":135168,"potions_floor_usage":[7,16,18,21,21],"damage_taken":[{"damage":7,"enemies":"Jaw Worm","floor":1,"turns":3},{"damage":4,"enemies":"Cultist","floor":2,"turns":3},{"damage":3,"enemies":"Small Slimes","floor":3,"turns":2},{"damage":10,"enemies":"Gremlin Gang","floor":5,"turns":8},{"damage":19,"enemies":"Gremlin Nob","floor":7,"turns":4},{"damage":3,"enemies":"3 Louse","floor":8,"turns":3},{"damage":14,"enemies":"Large Slime","floor":11,"turns":8},{"damage":6,"enemies":"Blue Slaver","floor":14,"turns":3},{"damage":31,"enemies":"Slime Boss","floor":16,"turns":6},{"damage":28,"enemies":"Shell Parasite","floor":18,"turns":8},{"damage":18,"enemies":"Chosen","floor":21,"turns":6},{"damage":61,"enemies":"Slavers","floor":24,"turns":5}],"event_choices":[{"event_name":"Bonfire Elementals","player_choice":"BASIC","floor":10,"damage_taken":0},{"event_name":"Back to Basics","player_choice":"Elegance","floor":19,"damage_taken":0},{"event_name":"The Mausoleum","player_choice":"No","floor":20,"damage_taken":0}],"boss_relics":[{"not_picked":["Tiny House","White Beast Statue"],"picked":"Black Star"}],"potions_floor_spawned":[1,2,7,8,18,21],"seed_played":"-5146493306674087182","killed_by":"Slavers","ascension_level":4,"is_trial":false}