{"path_per_floor":["M","M","M","M","M","E","R","E","T","E","?","M","M","$","R","B",null,"M","?","?","M","M","E","R","E","T","M","R","?","$","M","R","B",null,"M","?","?","$","M","E","$","M","T","M","R","$","E","M","R"],"character_chosen":"THE_SILENT","items_purchased":["Orichalcum","Noxious Fumes","Dead Branch","Catalyst","Oddly Smooth Stone"],"gold_per_floor":[13,32,49,65,78,106,106,136,209,242,272,283,301,78,78,183,183,195,195,195,206,226,251,251,284,336,354,354,354,280,298,298,399,399,413,413,513,214,230,258,66,79,79,96,96,96,123,143,143,143],"floor_reached":50,"campfire_rested":2,"playtime":3423,"current_hp_per_floor":[76,56,50,45,45,23,48,34,34,23,23,23,20,20,45,14,67,67,42,36,36,40,40,40,40,40,40,40,40,40,40,40,42,46,45,45,45,45,45,52,52,54,54,54,54,54,54,54,54,0],"items_purged":["Strike_G"],"gold":143,"score":1152,"play_id":"183e3d14-2dec-4b87-8dcc-3d2d66a3a3c3","local_time":"20180420184530","is_prod":false,"is_daily":false,"chose_seed":false,"is_ascension_mode":true,"campfire_upgraded":5,"timestamp":1524242730,"path_taken":["M","M","M","M","M","E","R","E","T","E","?","?","M","$","R","BOSS","M","?","?","M","M","E","R","E","T","M","R","?","$","?","R","BOSS","M","?","?","?","M","E","$","M","T","M","R","$","E","?","R","BOSS"],"build_version":"2018-04-19","seed_source_timestamp":0,"purchased_purges":1,"victory":false,"master_deck":["Defend_G","Defend_G","Defend_G","Defend_G","Strike_G+1","Survivor","Neutralize","AscendersBane","Slice","Backflip","Poisoned Stab+1","Heel Hook","Bane","Dagger Spray","Deadly Poison+1","Leg Sweep+1","Quick Slash","Adrenaline","Terror+1","Ghostly","Ghostly","Ghostly","Ghostly","Ghostly","Flying Knee","Deadly Poison","Parasite","Backflip","Noxious Fumes+1","Envenom+1","Finisher+1","Sucker Punch+1","Cloak And Dagger+1","Footwork+1","Bane+1","Cloak And Dagger+1","Catalyst+1","Writhe","Backstab"],"max_hp_per_floor":[84,84,84,84,84,84,84,84,84,84,84,84,84,84,84,84,84,84,42,47,47,47,47,47,47,47,47,47,47,47,47,47,47,47,47,47,47,47,47,54,54,54,54,54,54,54,54,54,54,54],"relics":["Ring of the Snake","Whetstone","Du-Vu Doll","Toolbox","Paper Crane","Vajra","Orichalcum","Cursed Key","Dream Catcher","Centennial Puzzle","Lantern","Astrolabe","Dead Branch","Strawberry","Oddly Smooth Stone","Pen Nib","Frozen Egg 2"],"card_choices":[{"not_picked":["Deflect","Outmaneuver"],"picked":"Slice","floor":1.0},{"not_picked":["Bane","Calculated Gamble"],"picked":"Backflip","floor":2.0},{"not_picked":["Bullet Time","Dodge and Roll"],"picked":"Poisoned Stab","floor":3.0},{"not_picked":["Outmaneuver","Caltrops"],"picked":"Heel Hook","floor":4.0},{"not_picked":["Acrobatics","Backflip"],"picked":"Bane","floor":5.0},{"not_picked":["Prepared","Distraction"],"picked":"Dagger Spray","floor":6.0},{"not_picked":["Cloak And Dagger","Deflect"],"picked":"Deadly Poison","floor":8.0},{"not_picked":["Grand Finale","Dagger Spray"],"picked":"Leg Sweep","floor":10.0},{"not_picked":["Outmaneuver","Expertise"],"picked":"Quick Slash","floor":12.0},{"not_picked":["Venomology","A Thousand Cuts"],"picked":"Adrenaline","floor":16.0},{"not_picked":["Blur","Dodge and Roll"],"picked":"Terror","floor":18},{"not_picked":["Deflect","Finisher"],"picked":"Flying Knee","floor":21},{"not_picked":["Prepared","Tactician"],"picked":"Deadly Poison","floor":25},{"not_picked":["Quick Slash","Deadly Poison"],"picked":"Backflip","floor":27},{"not_picked":["Die Die Die","Tactician"],"picked":"Envenom","floor":33},{"not_picked":["Dodge and Roll","Acrobatics"],"picked":"Footwork","floor":35},{"not_picked":["Dagger Throw","Deflect"],"picked":"Bane","floor":39},{"not_picked":["Infinite Blades","Heel Hook"],"picked":"Cloak And Dagger","floor":40},{"not_picked":["Dagger Throw","Well Laid Plans"],"picked":"Backstab","floor":48}],"player_experience":369391,"potions_floor_usage":[50,50,50],"damage_taken":[{"damage":1.0,"enemies":"Small Slimes","floor":1.0,"turns":5.0},{"damage":20.0,"enemies":"Jaw Worm","floor":2.0,"turns":7.0},{"damage":6.0,"enemies":"Cultist","floor":3.0,"turns":4.0},{"damage":5.0,"enemies":"2 Fungi Beasts","floor":4.0,"turns":4.0},{"damage":0.0,"enemies":"Exordium Wildlife","floor":5.0,"turns":4.0},{"damage":22.0,"enemies":"Lagavulin","floor":6.0,"turns":9.0},{"damage":14.0,"enemies":"3 Sentries","floor":8.0,"turns":7.0},{"damage":15.0,"enemies":"Lagavulin","floor":10.0,"turns":5.0},{"damage":0.0,"enemies":"Exordium Thugs","floor":12.0,"turns":3.0},{"damage":3.0,"enemies":"Large Slime","floor":13.0,"turns":4.0},{"damage":31.0,"enemies":"Slime Boss","floor":16.0,"turns":11.0},{"damage":0,"enemies":"3 Byrds","floor":18,"turns":3},{"damage":0,"enemies":"Chosen","floor":21,"turns":5},{"damage":0,"enemies":"Sentry and Sphere","floor":22,"turns":6},{"damage":0,"enemies":"Gremlin Leader","floor":23,"turns":6},{"damage":0,"enemies":"Book of Stabbing","floor":25,"turns":5},{"damage":0,"enemies":"Cultist and Chosen","floor":27,"turns":5},{"damage":0,"enemies":"Snecko","floor":31,"turns":3},{"damage":2,"enemies":"Automaton","floor":33,"turns":9},{"damage":2,"enemies":"3 Shapes","floor":35,"turns":6},{"damage":0,"enemies":"Orb Walker","floor":39,"turns":4},{"damage":0,"enemies":"2 Orb Walkers","floor":40,"turns":4},{"damage":0,"enemies":"3 Darklings","floor":42,"turns":4},{"damage":0,"enemies":"Sphere and 2 Shapes","floor":44,"turns":4},{"damage":0,"enemies":"Giant Head","floor":47,"turns":5},{"damage":0,"enemies":"4 Shapes","floor":48,"turns":3},{"damage":64,"enemies":"Awakened One","floor":50,"turns":12}],"event_choices":[{"event_name":"Dead Adventurer","player_choice":"Searched \u00272\u0027 times","floor":11.0,"damage_taken":0.0},{"event_name":"Ghosts","player_choice":"Became a Ghost","floor":19,"damage_taken":0},{"event_name":"Forgotten Altar","player_choice":"Shed Blood","floor":20,"damage_taken":0},{"event_name":"Drug Dealer","player_choice":"Ignored","floor":29,"damage_taken":0},{"event_name":"Purifier","player_choice":"One Purge","floor":36,"damage_taken":0},{"event_name":"Golden Shrine","player_choice":"Pray","floor":37,"damage_taken":0}],"boss_relics":[{"not_picked":["Velvet Choker","Pandora\u0027s Box"],"picked":"Cursed Key"},{"not_picked":["Snecko Eye","Lizard Tail"],"picked":"Astrolabe"}],"potions_floor_spawned":[2,5,8,12,18,25,27,33,39,42,48],"seed_played":"8509630501549067991","killed_by":"Awakened One","ascension_level":12,"is_trial":false}