{"gold_per_floor":[115,125,90,103,103,132,144,144,144,144,164,181,199,199,199,294,294,313,413,430,201,216,216,249,266,266,293,305,328,359,382,394,510,522],"floor_reached":34,"playtime":3387,"items_purged":["Strike_R"],"score":423,"play_id":"6612faca-b76f-44a9-b555-d4ef84eeed5c","local_time":"20190225013841","is_ascension_mode":false,"campfire_choices":[{"data":"True Grit","floor":8,"key":"SMITH"},{"data":"Bash","floor":10,"key":"SMITH"},{"data":"Uppercut","floor":15,"key":"SMITH"},{"data":"Corruption","floor":23,"key":"SMITH"},{"floor":28,"key":"REST"},{"data":"Pommel Strike","floor":32,"key":"SMITH"}],"neow_cost":"PERCENT_DAMAGE","seed_source_timestamp":26761005584690,"circlet_count":0,"master_deck":["Defend_R","Defend_R","Bash+1","Pommel Strike+1","Anger","Ghostly Armor","True Grit+1","Cleave","Combust","Shrug It Off","Uppercut+1","Feed","Flame Barrier+1","Corruption+1","Exhume","Shrug It Off","Inflame","Body Slam+1","Reaper","Feel No Pain","Shrug It Off+1","Demon Form","Infernal Blade+1","Flex+1","Bloodletting+1"],"relics":["Burning Blood","Gremlin Horn","Nunchaku","Torii","Velvet Choker","Du-Vu Doll","Sundial","Juzu Bracelet","Magic Flower","MawBank","Astrolabe"],"potions_floor_usage":[19,20,25,33],"damage_taken":[{"damage":5,"enemies":"Small Slimes","floor":1,"turns":5},{"damage":7,"enemies":"2 Louse","floor":2,"turns":3},{"damage":1,"enemies":"Jaw Worm","floor":4,"turns":4},{"damage":14,"enemies":"Gremlin Nob","floor":6,"turns":3},{"damage":1,"enemies":"Large Slime","floor":7,"turns":5},{"damage":1,"enemies":"Looter","floor":11,"turns":2},{"damage":1,"enemies":"3 Louse","floor":12,"turns":3},{"damage":3,"enemies":"Exordium Thugs","floor":13,"turns":4},{"damage":38,"enemies":"Hexaghost","floor":16,"turns":10},{"damage":3,"enemies":"Shell Parasite","floor":18,"turns":4},{"damage":1,"enemies":"Colosseum Slavers","floor":19,"turns":5},{"damage":14,"enemies":"Colosseum Nobs","floor":19,"turns":5},{"damage":0,"enemies":"Chosen","floor":20,"turns":4},{"damage":17,"enemies":"Centurion and Healer","floor":22,"turns":8},{"damage":54,"enemies":"Book of Stabbing","floor":24,"turns":7},{"damage":1,"enemies":"Snecko","floor":25,"turns":6},{"damage":38,"enemies":"Gremlin Leader","floor":27,"turns":6},{"damage":15,"enemies":"Snake Plant","floor":29,"turns":4},{"damage":3,"enemies":"3 Cultists","floor":30,"turns":5},{"damage":21,"enemies":"Snecko","floor":31,"turns":7},{"damage":70,"enemies":"Automaton","floor":33,"turns":10}],"seed_played":"3634790551051242083","potions_obtained":[{"floor":2,"key":"EssenceOfSteel"},{"floor":11,"key":"FearPotion"},{"floor":12,"key":"Ancient Potion"},{"floor":16,"key":"Poison Potion"},{"floor":18,"key":"Strength Potion"},{"floor":19,"key":"Ancient Potion"},{"floor":25,"key":"BloodPotion"},{"floor":27,"key":"SkillPotion"},{"floor":29,"key":"LiquidBronze"},{"floor":31,"key":"Ancient Potion"},{"floor":33,"key":"Energy Potion"}],"is_trial":false,"path_per_floor":["M","M","?","M","?","E","M","R","T","R","M","M","M","?","R","B",null,"M","?","M","$","M","R","E","M","T","E","R","M","M","M","R","B",null],"character_chosen":"IRONCLAD","items_purchased":["Corruption","Exhume"],"campfire_rested":1,"item_purchase_floors":[21,21],"current_hp_per_floor":[57,56,76,80,73,65,70,70,70,70,75,80,80,73,73,41,80,83,81,90,90,82,82,34,39,39,15,44,38,94,91,91,37,98],"gold":522,"neow_bonus":"REMOVE_TWO","is_prod":false,"is_daily":false,"chose_seed":false,"campfire_upgraded":5,"win_rate":0,"timestamp":1551051521,"path_taken":["M","M","?","M","?","E","M","R","T","R","M","M","M","?","R","BOSS","M","?","M","$","M","R","E","M","T","E","R","M","M","M","R","BOSS"],"build_version":"2019-01-23","purchased_purges":1,"victory":false,"max_hp_per_floor":[80,80,80,80,80,80,80,80,80,80,80,80,80,80,80,80,80,83,89,92,92,95,95,95,95,95,98,98,98,98,98,98,98,98],"card_choices":[{"not_picked":["True Grit","Warcry"],"picked":"Pommel Strike","floor":1},{"not_picked":["Pommel Strike","Clash"],"picked":"Anger","floor":2},{"not_picked":["Flex","Sever Soul"],"picked":"Ghostly Armor","floor":4},{"not_picked":["Headbutt","Heavy Blade"],"picked":"True Grit","floor":6},{"not_picked":["Heavy Blade","Havoc"],"picked":"Cleave","floor":7},{"not_picked":["Sentinel","Heavy Blade"],"picked":"Combust","floor":11},{"not_picked":["Sword Boomerang","Bludgeon"],"picked":"Shrug It Off","floor":12},{"not_picked":["Clash","Flex"],"picked":"Uppercut","floor":13},{"not_picked":["Brutality","Reaper"],"picked":"Feed","floor":16},{"not_picked":["Cleave","Searing Blow"],"picked":"Flame Barrier+1","floor":18},{"not_picked":["Cleave","Thunderclap","Iron Wave"],"picked":"SKIP","floor":20},{"not_picked":["Seeing Red","Perfected Strike+1"],"picked":"Shrug It Off","floor":22},{"not_picked":["Heavy Blade","Feel No Pain"],"picked":"Inflame","floor":24},{"not_picked":["Shrug It Off","Thunderclap"],"picked":"Body Slam+1","floor":25},{"not_picked":["Warcry","Metallicize","Wild Strike"],"picked":"SKIP","floor":27},{"not_picked":["Wild Strike","Rage"],"picked":"Reaper","floor":29},{"not_picked":["Pommel Strike","Armaments"],"picked":"Feel No Pain","floor":30},{"not_picked":["Wild Strike","Sword Boomerang+1"],"picked":"Shrug It Off+1","floor":31},{"not_picked":["Immolate","Offering"],"picked":"Demon Form","floor":33}],"player_experience":507677,"relics_obtained":[{"floor":6,"key":"Gremlin Horn"},{"floor":9,"key":"Nunchaku"},{"floor":19,"key":"Du-Vu Doll"},{"floor":19,"key":"Sundial"},{"floor":24,"key":"Juzu Bracelet"},{"floor":26,"key":"Magic Flower"},{"floor":27,"key":"MawBank"}],"event_choices":[{"damage_healed":20,"gold_gain":0,"player_choice":"Healed","damage_taken":0,"max_hp_gain":0,"max_hp_loss":0,"event_name":"The Cleric","floor":3,"gold_loss":35},{"cards_removed":["Strike_R"],"damage_healed":0,"gold_gain":0,"player_choice":"Card Removal","damage_taken":7,"max_hp_gain":0,"max_hp_loss":0,"event_name":"Golden Wing","floor":5,"gold_loss":0},{"damage_healed":0,"gold_gain":0,"player_choice":"Success","damage_taken":7,"relics_obtained":["Torii"],"max_hp_gain":0,"max_hp_loss":0,"event_name":"Scrap Ooze","floor":14,"gold_loss":0},{"damage_healed":0,"gold_gain":0,"player_choice":"Fight","damage_taken":0,"max_hp_gain":0,"max_hp_loss":0,"event_name":"Colosseum","floor":19,"gold_loss":0},{"damage_healed":0,"gold_gain":0,"player_choice":"Fought Nobs","damage_taken":0,"max_hp_gain":0,"max_hp_loss":0,"event_name":"Colosseum","floor":19,"gold_loss":0}],"is_beta":false,"boss_relics":[{"not_picked":["Fusion Hammer","Pandora\u0027s Box"],"picked":"Velvet Choker"},{"not_picked":["Black Star","Coffee Dripper"],"picked":"Astrolabe"}],"items_purged_floors":[21],"is_endless":false,"potions_floor_spawned":[2,11,12,16,18,19,25,27,29,31,33],"ascension_level":0}