{"gold_per_floor":[117,136,154,1,19,49,49,68,91,122,140,155,173,207,207,311,361,341,341,341,352,369,369,369],"floor_reached":24,"playtime":1400,"items_purged":["Strike_R"],"score":303,"play_id":"89c82303-c115-420d-adbb-8844073c67d3","local_time":"20180921230840","is_ascension_mode":true,"campfire_choices":[{"data":"Whirlwind","floor":7,"key":"SMITH"},{"data":"Disarm","floor":15,"key":"SMITH"},{"data":"Shrug It Off","floor":23,"key":"SMITH"}],"neow_cost":"PERCENT_DAMAGE","seed_source_timestamp":5038440369603,"circlet_count":0,"master_deck":["Strike_R+1","Strike_R+1","Strike_R+1","Strike_R+1","Defend_R+1","Defend_R+1","Defend_R+1","Defend_R+1","Bash","Headbutt","Second Wind","Whirlwind+1","Clothesline","Inflame","Battle Trance+1","Inflame","Shrug It Off+1","Disarm+1","Offering","Evolve","Metallicize","Uppercut"],"relics":["Burning Blood","Du-Vu Doll","Potion Belt","Smiling Mask","War Paint","Tiny House"],"potions_floor_usage":[5,6,10,18,21,24],"damage_taken":[{"damage":5,"enemies":"2 Louse","floor":1,"turns":3},{"damage":6,"enemies":"Cultist","floor":2,"turns":4},{"damage":7,"enemies":"Jaw Worm","floor":3,"turns":3},{"damage":10,"enemies":"Large Slime","floor":5,"turns":6},{"damage":28,"enemies":"3 Sentries","floor":6,"turns":7},{"damage":11,"enemies":"Looter","floor":8,"turns":2},{"damage":17,"enemies":"Gremlin Nob","floor":10,"turns":4},{"damage":0,"enemies":"Exordium Wildlife","floor":11,"turns":3},{"damage":4,"enemies":"Blue Slaver","floor":12,"turns":4},{"damage":8,"enemies":"Gremlin Gang","floor":13,"turns":3},{"damage":17,"enemies":"Lagavulin","floor":14,"turns":7},{"damage":14,"enemies":"The Guardian","floor":16,"turns":12},{"damage":32,"enemies":"2 Thieves","floor":18,"turns":4},{"damage":6,"enemies":"3 Byrds","floor":21,"turns":3},{"damage":57,"enemies":"Sentry and Sphere","floor":22,"turns":9},{"damage":54,"enemies":"Gremlin Leader","floor":24,"turns":5}],"seed_played":"2759558570856978552","potions_obtained":[{"floor":1,"key":"SkillPotion"},{"floor":3,"key":"SneckoOil"},{"floor":6,"key":"EssenceOfSteel"},{"floor":11,"key":"Dexterity Potion"},{"floor":13,"key":"Weak Potion"},{"floor":14,"key":"SpeedPotion"},{"floor":16,"key":"LiquidBronze"},{"floor":17,"key":"BloodPotion"},{"floor":18,"key":"Weak Potion"},{"floor":21,"key":"Strength Potion"}],"is_trial":false,"path_per_floor":["M","M","M","$","M","E","R","M","T","E","M","M","M","E","R","B",null,"M","?","?","M","M","R"],"character_chosen":"IRONCLAD","items_purchased":["Whirlwind"],"campfire_rested":0,"item_purchase_floors":[4],"current_hp_per_floor":[70,70,69,69,65,43,43,38,38,27,33,35,33,22,22,14,81,65,101,101,101,50,50,0],"gold":369,"neow_bonus":"TWENTY_PERCENT_HP_BONUS","is_prod":false,"is_daily":false,"chose_seed":false,"campfire_upgraded":3,"win_rate":0,"timestamp":1537585720,"path_taken":["M","M","M","$","M","E","R","M","T","E","M","M","M","E","R","BOSS","M","?","?","M","M","R","E"],"build_version":"2018-09-20","purchased_purges":1,"victory":false,"max_hp_per_floor":[96,96,96,96,96,96,96,96,96,96,96,96,96,96,96,96,101,101,101,101,101,101,101,101],"card_choices":[{"not_picked":["Entrench","Evolve"],"picked":"Shockwave","floor":1},{"not_picked":["Reckless Charge","Pummel"],"picked":"Headbutt","floor":2},{"not_picked":["Combust","Hemokinesis"],"picked":"Second Wind","floor":3},{"not_picked":["Body Slam","Havoc"],"picked":"Clothesline","floor":5},{"not_picked":["Exhume","Whirlwind"],"picked":"Inflame","floor":6},{"not_picked":["Bloodletting","Headbutt"],"picked":"Battle Trance","floor":8},{"not_picked":["Corruption","Rage","Blood for Blood"],"picked":"SKIP","floor":10},{"not_picked":["Iron Wave","Dropkick"],"picked":"Inflame","floor":11},{"not_picked":["Rupture","Seeing Red","Carnage"],"picked":"SKIP","floor":12},{"not_picked":["Dropkick","Body Slam"],"picked":"Shrug It Off","floor":13},{"not_picked":["Cleave","Impervious"],"picked":"Disarm","floor":14},{"not_picked":["Reaper","Berserk"],"picked":"Offering","floor":16},{"not_picked":["Whirlwind","Shockwave"],"picked":"Evolve","floor":17},{"not_picked":["Dropkick","Clash+1"],"picked":"Metallicize","floor":18},{"not_picked":["Armaments","Blood for Blood","Searing Blow+1"],"picked":"SKIP","floor":21},{"not_picked":["Flex","Intimidate"],"picked":"Uppercut","floor":22}],"player_experience":562481,"relics_obtained":[{"floor":6,"key":"Du-Vu Doll"},{"floor":9,"key":"Potion Belt"},{"floor":10,"key":"Smiling Mask"},{"floor":14,"key":"War Paint"}],"event_choices":[{"event_name":"Bonfire Elementals","player_choice":"UNCOMMON","floor":19,"damage_taken":0},{"event_name":"Back to Basics","player_choice":"Simplicity","floor":20,"damage_taken":0}],"is_beta":false,"boss_relics":[{"not_picked":["Philosopher\u0027s Stone","Pandora\u0027s Box"],"picked":"Tiny House"}],"items_purged_floors":[4],"is_endless":false,"potions_floor_spawned":[1,3,6,11,13,14,16,18,21],"killed_by":"Gremlin Leader","ascension_level":5}