{"gold_per_floor":[113,123,143,153,167,167,197,197,222,139,166,166,199,221,221,221],"floor_reached":16,"playtime":727,"items_purged":[],"score":222,"play_id":"0cc3436d-2702-4400-a3b9-0fa17f30c022","local_time":"20190305010817","is_ascension_mode":true,"campfire_choices":[{"data":"Uppercut","floor":6,"key":"SMITH"},{"floor":12,"key":"REST"},{"data":"Corruption","floor":15,"key":"SMITH"}],"neow_cost":"NONE","seed_source_timestamp":90783174140049,"circlet_count":0,"master_deck":["AscendersBane","Strike_R","Strike_R","Strike_R","Strike_R","Strike_R","Defend_R","Defend_R","Defend_R","Defend_R","Bash+1","Spot Weakness","Shrug It Off","Battle Trance","Uppercut+1","Immolate","Demon Form","Iron Wave","Headbutt","Corruption+1","Brutality"],"relics":["Burning Blood","Shovel","Art of War","Pen Nib","Boot","Odd Mushroom"],"potions_floor_usage":[7,11,11,16],"damage_taken":[{"damage":21,"enemies":"Jaw Worm","floor":1,"turns":5},{"damage":4,"enemies":"Small Slimes","floor":2,"turns":3},{"damage":3,"enemies":"2 Louse","floor":3,"turns":4},{"damage":8,"enemies":"Blue Slaver","floor":4,"turns":6},{"damage":12,"enemies":"2 Fungi Beasts","floor":5,"turns":4},{"damage":23,"enemies":"Lagavulin","floor":7,"turns":6},{"damage":11,"enemies":"Gremlin Nob","floor":11,"turns":3},{"damage":27,"enemies":"3 Sentries","floor":13,"turns":6},{"damage":6,"enemies":"The Mushroom Lair","floor":14,"turns":2},{"damage":36,"enemies":"The Guardian","floor":16,"turns":5}],"seed_played":"-4756392002083474194","potions_obtained":[{"floor":1,"key":"FearPotion"},{"floor":4,"key":"LiquidBronze"},{"floor":5,"key":"Swift Potion"},{"floor":11,"key":"SpeedPotion"}],"is_trial":false,"path_per_floor":["M","M","M","M","M","R","E","?","T","$","E","R","E","?","R","B"],"character_chosen":"IRONCLAD","items_purchased":["Iron Wave","Poison Potion"],"campfire_rested":1,"item_purchase_floors":[10,10],"current_hp_per_floor":[53,55,58,56,50,50,33,33,33,33,28,50,29,29,29,0],"gold":221,"neow_bonus":"UPGRADE_CARD","is_prod":false,"is_daily":false,"chose_seed":false,"campfire_upgraded":2,"win_rate":0,"timestamp":1551766097,"path_taken":["M","M","M","M","M","R","E","?","T","$","E","R","E","?","R","BOSS"],"build_version":"2019-01-23","purchased_purges":0,"victory":false,"max_hp_per_floor":[75,75,75,75,75,75,75,75,75,75,75,75,75,75,75,75],"card_choices":[{"not_picked":["Fire Breathing","Flex"],"picked":"Spot Weakness","floor":1},{"not_picked":["True Grit","Cleave"],"picked":"Shrug It Off","floor":2},{"not_picked":["Sword Boomerang","Flame Barrier"],"picked":"Battle Trance","floor":3},{"not_picked":["Fire Breathing","Burning Pact"],"picked":"Uppercut","floor":4},{"not_picked":["Body Slam","Seeing Red"],"picked":"Immolate","floor":5},{"not_picked":["Armaments","Havoc"],"picked":"Demon Form","floor":7},{"not_picked":["Thunderclap","Flex"],"picked":"Headbutt","floor":11},{"not_picked":["True Grit","Heavy Blade"],"picked":"Corruption","floor":13},{"not_picked":["Twin Strike","Clash"],"picked":"Brutality","floor":14}],"player_experience":854650,"relics_obtained":[{"floor":7,"key":"Shovel"},{"floor":9,"key":"Art of War"},{"floor":11,"key":"Pen Nib"},{"floor":13,"key":"Boot"},{"floor":14,"key":"Odd Mushroom"}],"event_choices":[{"damage_healed":0,"gold_gain":0,"player_choice":"Ignored","damage_taken":0,"max_hp_gain":0,"max_hp_loss":0,"event_name":"Shining Light","floor":8,"gold_loss":0},{"damage_healed":0,"gold_gain":0,"player_choice":"Fought Mushrooms","damage_taken":0,"max_hp_gain":0,"max_hp_loss":0,"event_name":"Mushrooms","floor":14,"gold_loss":0}],"is_beta":false,"boss_relics":[],"items_purged_floors":[],"is_endless":false,"potions_floor_spawned":[1,4,5,11],"killed_by":"The Guardian","ascension_level":17}