{"gold_per_floor":[117,132,150,100,23,53,53,53,53,63,63,82,82,0,0,121,121,141,161,180,206,206,246,16,16],"floor_reached":25,"playtime":3482,"items_purged":[],"score":221,"play_id":"5793a2ad-49db-48ca-a250-c96d60af43b9","local_time":"20190127104808","is_ascension_mode":false,"campfire_choices":[{"data":"Backstab","floor":7,"key":"SMITH"},{"floor":15,"key":"REST"}],"neow_cost":"NONE","seed_source_timestamp":830703243575021,"circlet_count":0,"master_deck":["Defend_G","Defend_G","Defend_G","Defend_G","Strike_G","Strike_G","Strike_G","Survivor","Neutralize","Caltrops","Flying Knee","Dash","Backstab+1","Deadly Poison","Slice","Well Laid Plans","Bane","Dagger Spray","Infinite Blades","Wraith Form v2","Heel Hook+1","Poisoned Stab","Dagger Spray","Backstab","Noxious Fumes","Die Die Die"],"relics":["Ring of the Snake","Question Card","Orichalcum","Golden Idol","White Beast Statue","Boot","Bag of Preparation"],"potions_floor_usage":[6,16,18,19,20,23,23,25],"damage_taken":[{"damage":0,"enemies":"2 Louse","floor":1,"turns":5},{"damage":0,"enemies":"Small Slimes","floor":2,"turns":6},{"damage":9,"enemies":"Jaw Worm","floor":3,"turns":6},{"damage":19,"enemies":"Lagavulin","floor":6,"turns":9},{"damage":0,"enemies":"Blue Slaver","floor":10,"turns":3},{"damage":5,"enemies":"3 Louse","floor":12,"turns":3},{"damage":10,"enemies":"The Guardian","floor":16,"turns":10},{"damage":5,"enemies":"3 Byrds","floor":18,"turns":5},{"damage":3,"enemies":"Shell Parasite","floor":19,"turns":6},{"damage":0,"enemies":"Snake Plant","floor":20,"turns":4},{"damage":51,"enemies":"Slavers","floor":23,"turns":7},{"damage":14,"enemies":"Shelled Parasite and Fungi","floor":25,"turns":2}],"seed_played":"-6201641984256585962","potions_obtained":[{"floor":2,"key":"Strength Potion"},{"floor":3,"key":"SpeedPotion"},{"floor":6,"key":"Fire Potion"},{"floor":10,"key":"Block Potion"},{"floor":18,"key":"PowerPotion"},{"floor":19,"key":"SkillPotion"},{"floor":20,"key":"GamblersBrew"},{"floor":23,"key":"AttackPotion"}],"is_trial":false,"path_per_floor":["M","M","M","?","$","E","R","?","T","M","?","M","?","$","R","B",null,"M","M","M","T","?","E","$","M"],"character_chosen":"THE_SILENT","items_purchased":["Backstab","Infinite Blades","Noxious Fumes","Die Die Die"],"campfire_rested":1,"item_purchase_floors":[5,14,24,24],"current_hp_per_floor":[77,77,68,68,68,49,49,49,49,49,49,44,44,44,65,55,71,66,63,63,63,63,12,12,0],"gold":16,"neow_bonus":"TEN_PERCENT_HP_BONUS","is_prod":false,"is_daily":false,"chose_seed":false,"campfire_upgraded":1,"win_rate":0.0,"timestamp":1548614888,"path_taken":["M","M","M","?","$","E","R","?","T","M","?","?","?","?","R","BOSS","M","M","M","?","?","E","$","?"],"build_version":"2019-01-23","purchased_purges":0,"victory":false,"max_hp_per_floor":[77,77,77,77,77,77,77,77,77,77,71,71,71,71,71,71,71,71,71,71,71,71,71,71,71],"card_choices":[{"not_picked":["Outmaneuver","Escape Plan"],"picked":"Caltrops","floor":1},{"not_picked":["Acrobatics","Prepared"],"picked":"Flying Knee","floor":2},{"not_picked":["Deflect","Quick Slash"],"picked":"Dash","floor":3},{"not_picked":["Expertise","Dodge and Roll"],"picked":"Deadly Poison","floor":6},{"not_picked":["Underhanded Strike","Backflip","Heel Hook"],"picked":"Well Laid Plans","floor":10},{"not_picked":["Escape Plan","Bouncing Flask","Finisher"],"picked":"Bane","floor":12},{"not_picked":["After Image","Venomology","Envenom"],"picked":"Wraith Form v2","floor":16},{"not_picked":["Quick Slash","Blade Dance","Slice+1"],"picked":"Heel Hook+1","floor":18},{"not_picked":["Caltrops","Eviscerate","PiercingWail+1"],"picked":"Poisoned Stab","floor":19},{"not_picked":["Heel Hook","Dodge and Roll","Blade Dance"],"picked":"Dagger Spray","floor":20},{"not_picked":["Predator","Sucker Punch","Flying Knee"],"picked":"Backstab","floor":23}],"player_experience":75813,"relics_obtained":[{"floor":6,"key":"Question Card"},{"floor":9,"key":"Orichalcum"},{"floor":21,"key":"Boot"},{"floor":23,"key":"Bag of Preparation"}],"event_choices":[{"cards_removed":["Strike_G"],"damage_healed":0,"gold_gain":0,"player_choice":"Card Removal","damage_taken":0,"max_hp_gain":0,"max_hp_loss":0,"event_name":"The Cleric","floor":4,"gold_loss":50},{"damage_healed":0,"gold_gain":0,"cards_transformed":["Strike_G"],"player_choice":"Change","damage_taken":0,"max_hp_gain":0,"max_hp_loss":0,"event_name":"Living Wall","floor":8,"gold_loss":0,"cards_obtained":["Slice"]},{"damage_healed":0,"gold_gain":0,"player_choice":"Lose Max HP","damage_taken":0,"relics_obtained":["Golden Idol"],"max_hp_gain":0,"max_hp_loss":6,"event_name":"Golden Idol","floor":11,"gold_loss":0},{"damage_healed":0,"gold_gain":0,"cards_transformed":["Defend_G"],"player_choice":"Transformed","damage_taken":0,"max_hp_gain":0,"max_hp_loss":0,"event_name":"Transmorgrifier","floor":13,"gold_loss":0,"cards_obtained":["Dagger Spray"]},{"damage_healed":0,"gold_gain":0,"player_choice":"Ignored","damage_taken":0,"max_hp_gain":0,"max_hp_loss":0,"event_name":"NoteForYourself","floor":22,"gold_loss":0}],"is_beta":false,"boss_relics":[{"not_picked":["Fusion Hammer","Calling Bell"],"picked":"White Beast Statue"}],"items_purged_floors":[],"is_endless":false,"potions_floor_spawned":[2,3,6,10,18,19,20,23],"killed_by":"Shelled Parasite and Fungi","ascension_level":0}