{"path_per_floor":["M","M","M","?","M","E","R","?","T","R","M","M","R","E","R","B",null,"M","M","?","M","M","E","R","E","T","R","T","M","R","$","R","B",null,"M","?","$","M","M","E","?"],"character_chosen":"IRONCLAD","items_purchased":["Orichalcum","Panacea","PowerPotion","Fruit Juice"],"gold_per_floor":[113,124,135,85,97,132,132,132,132,132,149,165,165,190,190,293,293,309,325,325,342,353,379,379,405,405,405,405,416,416,22,22,123,123,134,134,54,74,90,124,124,124],"floor_reached":42,"campfire_rested":0,"playtime":2710,"current_hp_per_floor":[77,79,78,78,76,65,65,58,58,58,58,60,60,55,55,40,70,72,72,72,70,55,71,71,57,57,57,57,63,63,63,63,26,70,74,63,63,65,48,23,23,0],"items_purged":["Strike_R","Strike_R"],"gold":124,"score":817,"play_id":"857e6d8f-5cde-4920-9758-24dce9f20b9a","local_time":"20180519002743","is_prod":false,"is_daily":false,"chose_seed":false,"is_ascension_mode":true,"campfire_upgraded":8,"timestamp":1526704063,"campfire_choices":[{"data":"Metallicize","floor":7,"key":"SMITH"},{"data":"Thunderclap","floor":10,"key":"SMITH"},{"data":"Offering","floor":13,"key":"SMITH"},{"data":"Sword Boomerang","floor":15,"key":"SMITH"},{"data":"Whirlwind","floor":24,"key":"SMITH"},{"data":"Exhume","floor":27,"key":"SMITH"},{"data":"Iron Wave","floor":30,"key":"SMITH"},{"data":"Panacea","floor":32,"key":"SMITH"}],"path_taken":["M","M","M","?","M","E","R","?","T","R","?","M","R","E","R","BOSS","M","?","?","M","M","E","R","E","T","R","?","M","R","$","R","BOSS","M","?","$","?","M","E","?","E"],"build_version":"2018-05-17","seed_source_timestamp":844643843554432,"purchased_purges":2,"victory":false,"master_deck":["Defend_R","Defend_R","Defend_R","Defend_R","Bash","AscendersBane","Spot Weakness","Ghostly Armor","Metallicize+1","Thunderclap+1","Offering+1","Twin Strike","Pommel Strike","Sword Boomerang+1","Impervious","Pommel Strike","Whirlwind+1","Flame Barrier+1","Iron Wave","Exhume+1","Limit Break","Heavy Blade+1","Panacea+1","Feed+1","Headbutt+1","Madness","Madness","Iron Wave+1"],"max_hp_per_floor":[80,80,80,80,80,80,80,80,80,80,80,80,80,80,80,80,80,80,80,80,80,80,80,80,80,80,80,80,80,80,80,80,85,85,89,89,89,93,102,102,102,102],"relics":["Burning Blood","Shuriken","Ginger","Sundial","Velvet Choker","Champion Belt","Molten Egg 2","Pantograph","The Courier","Orichalcum","White Beast Statue","Happy Flower"],"card_choices":[{"not_picked":["Perfected Strike","Armaments"],"picked":"Spot Weakness","floor":1},{"not_picked":["Seeing Red","Fire Breathing"],"picked":"Ghostly Armor","floor":2},{"not_picked":["Blood for Blood","Uppercut"],"picked":"Metallicize","floor":3},{"not_picked":["Ghostly Armor","Flex"],"picked":"Thunderclap","floor":5},{"not_picked":["Twin Strike","Armaments"],"picked":"Offering","floor":6},{"not_picked":["Intimidate","Flex"],"picked":"Twin Strike","floor":11},{"not_picked":["Fire Breathing","Hemokinesis"],"picked":"Pommel Strike","floor":12},{"not_picked":["Clothesline","Juggernaut"],"picked":"Sword Boomerang","floor":14},{"not_picked":["Juggernaut","Bludgeon"],"picked":"Impervious","floor":16},{"not_picked":["Perfected Strike+1","Sever Soul"],"picked":"Pommel Strike","floor":18},{"not_picked":["Combust+1","Thunderclap"],"picked":"Whirlwind","floor":19},{"not_picked":["Cleave","Infernal Blade"],"picked":"Flame Barrier+1","floor":21},{"not_picked":["Havoc","Clash"],"picked":"Iron Wave","floor":22},{"not_picked":["Spot Weakness","Berserk"],"picked":"Exhume","floor":23},{"not_picked":["Heavy Blade+1","Battle Trance"],"picked":"Limit Break","floor":25},{"not_picked":["Armaments","Anger+1"],"picked":"Heavy Blade+1","floor":29},{"not_picked":["Berserk","Double Tap"],"picked":"Feed+1","floor":33},{"not_picked":["Cleave+1","Pommel Strike+1"],"picked":"Headbutt+1","floor":35},{"not_picked":["Rupture","Clash+1","Body Slam+1"],"picked":"SKIP","floor":38},{"not_picked":["Flex+1","Flame Barrier","Infernal Blade+1"],"picked":"SKIP","floor":39},{"not_picked":["Flex+1","Anger+1"],"picked":"Iron Wave+1","floor":40}],"player_experience":197032,"potions_floor_usage":[14,21,22,23,25,33,33,39,40,40,40,42],"damage_taken":[{"damage":1,"enemies":"Cultist","floor":1,"turns":3},{"damage":4,"enemies":"Small Slimes","floor":2,"turns":4},{"damage":7,"enemies":"Jaw Worm","floor":3,"turns":3},{"damage":8,"enemies":"3 Louse","floor":5,"turns":8},{"damage":17,"enemies":"3 Sentries","floor":6,"turns":9},{"damage":6,"enemies":"Gremlin Gang","floor":11,"turns":4},{"damage":4,"enemies":"Red Slaver","floor":12,"turns":3},{"damage":11,"enemies":"Gremlin Nob","floor":14,"turns":4},{"damage":21,"enemies":"Slime Boss","floor":16,"turns":8},{"damage":4,"enemies":"Chosen","floor":18,"turns":3},{"damage":6,"enemies":"Spheric Guardian","floor":19,"turns":3},{"damage":8,"enemies":"Snecko","floor":21,"turns":3},{"damage":21,"enemies":"Cultist and Chosen","floor":22,"turns":5},{"damage":4,"enemies":"Gremlin Leader","floor":23,"turns":5},{"damage":20,"enemies":"Slavers","floor":25,"turns":2},{"damage":0,"enemies":"Snake Plant","floor":29,"turns":2},{"damage":65,"enemies":"Collector","floor":33,"turns":11},{"damage":6,"enemies":"Flame Bruiser 1 Orb","floor":35,"turns":6},{"damage":8,"enemies":"3 Darklings","floor":38,"turns":4},{"damage":32,"enemies":"4 Shapes","floor":39,"turns":14},{"damage":31,"enemies":"Giant Head","floor":40,"turns":8},{"damage":37,"enemies":"Nemesis","floor":42,"turns":6}],"relics_obtained":[{"floor":6,"key":"Shuriken"},{"floor":9,"key":"Ginger"},{"floor":14,"key":"Sundial"},{"floor":23,"key":"Champion Belt"},{"floor":25,"key":"Molten Egg 2"},{"floor":26,"key":"Pantograph"},{"floor":28,"key":"The Courier"},{"floor":40,"key":"Happy Flower"}],"event_choices":[{"event_name":"The Cleric","player_choice":"Card Removal","floor":4,"damage_taken":0},{"event_name":"Golden Wing","player_choice":"Card Removal","floor":8,"damage_taken":0},{"event_name":"Vampires","player_choice":"Ignored","floor":20,"damage_taken":0},{"event_name":"Winding Halls","player_choice":"Embrace Madness","floor":36,"damage_taken":0}],"boss_relics":[{"not_picked":["Philosopher\u0027s Stone","Eternal Feather"],"picked":"Velvet Choker"},{"not_picked":["Runic Dome","Lizard Tail"],"picked":"White Beast Statue"}],"potions_floor_spawned":[3,12,14,16,18,22,33,35,38,39,40],"seed_played":"7459526670839641013","killed_by":"Nemesis","ascension_level":10,"potions_obtained":[{"floor":3,"key":"Swift Potion"},{"floor":12,"key":"Weak Potion"},{"floor":14,"key":"EssenceOfSteel"},{"floor":16,"key":"EssenceOfSteel"},{"floor":22,"key":"Regen Potion"},{"floor":33,"key":"Block Potion"},{"floor":35,"key":"AttackPotion"},{"floor":38,"key":"Fruit Juice"},{"floor":39,"key":"Weak Potion"},{"floor":40,"key":"BloodPotion"}],"is_trial":false}