{"gold_per_floor":[115,115,115,127,141,141,152,163,163,113,147,72,72,83,83,83],"floor_reached":16,"playtime":1381,"items_purged":["Strike_G"],"score":107,"play_id":"29bb1efd-ea2a-48f9-a565-5d1484476667","local_time":"20180929054754","is_ascension_mode":true,"campfire_choices":[{"data":"Neutralize","floor":6,"key":"SMITH"},{"floor":13,"key":"REST"},{"data":"Prepared","floor":15,"key":"SMITH"}],"neow_cost":"NONE","seed_source_timestamp":69573176120822,"circlet_count":0,"master_deck":["Defend_G","Defend_G","Defend_G","Strike_G","Strike_G","Survivor","Neutralize+1","Prepared+1","Escape Plan","Backflip","Acrobatics"],"relics":["Ring of the Snake","Ginger","Unceasing Top"],"potions_floor_usage":[16],"damage_taken":[{"damage":0,"enemies":"Small Slimes","floor":1,"turns":4},{"damage":2,"enemies":"Jaw Worm","floor":4,"turns":7},{"damage":0,"enemies":"2 Louse","floor":5,"turns":3},{"damage":17,"enemies":"Exordium Thugs","floor":7,"turns":7},{"damage":0,"enemies":"Blue Slaver","floor":8,"turns":5},{"damage":27,"enemies":"3 Sentries","floor":11,"turns":15},{"damage":1,"enemies":"Gremlin Gang","floor":14,"turns":8},{"damage":40,"enemies":"Slime Boss","floor":16,"turns":11}],"seed_played":"-1312953491830185774","potions_obtained":[{"floor":5,"key":"SpeedPotion"},{"floor":8,"key":"Energy Potion"},{"floor":11,"key":"SteroidPotion"}],"is_trial":false,"path_per_floor":["M","?","?","M","M","R","M","M","T","?","E","$","R","M","R"],"character_chosen":"THE_SILENT","items_purchased":[],"campfire_rested":1,"item_purchase_floors":[],"current_hp_per_floor":[70,63,63,61,61,61,44,44,44,44,17,17,38,37,37,0],"gold":83,"neow_bonus":"REMOVE_CARD","is_prod":false,"is_daily":false,"chose_seed":false,"campfire_upgraded":2,"win_rate":0,"timestamp":1538189274,"path_taken":["M","?","?","?","M","R","M","M","T","?","E","$","R","M","R","BOSS"],"build_version":"2018-09-27","purchased_purges":1,"victory":false,"max_hp_per_floor":[70,70,70,70,70,70,70,70,70,70,70,70,70,70,70,70],"card_choices":[{"not_picked":["Slice","Bane","Cloak And Dagger"],"picked":"SKIP","floor":1},{"not_picked":["Terror","Blade Dance","Dagger Spray"],"picked":"SKIP","floor":4},{"not_picked":["Dagger Spray","A Thousand Cuts"],"picked":"Prepared","floor":5},{"not_picked":["Deadly Poison","Prepared"],"picked":"Escape Plan","floor":7},{"not_picked":["Dodge and Roll","Poisoned Stab","Underhanded Strike"],"picked":"SKIP","floor":8},{"not_picked":["Finisher","Dagger Spray"],"picked":"Backflip","floor":11},{"not_picked":["Riddle With Holes","Tactician"],"picked":"Acrobatics","floor":14}],"player_experience":169416,"relics_obtained":[{"floor":9,"key":"Ginger"},{"floor":11,"key":"Unceasing Top"}],"event_choices":[{"event_name":"Golden Wing","player_choice":"Card Removal","floor":2,"damage_taken":0},{"event_name":"Bonfire Elementals","player_choice":"BASIC","floor":3,"damage_taken":0},{"event_name":"The Cleric","player_choice":"Card Removal","floor":10,"damage_taken":0}],"is_beta":false,"boss_relics":[],"items_purged_floors":[12],"is_endless":false,"potions_floor_spawned":[5,8,11],"killed_by":"Slime Boss","ascension_level":1}