{"gold_per_floor":[109,109,133,152,170,234,234,269,269,269,269,294,318,89,89,217,217,235,256,85,85,118,157,157,201,225,238,238,256,297,313,313,436,436,452,468,343,343,366,366],"floor_reached":40,"playtime":3673,"items_purged":["Strike_B","Strike_B","Strike_B"],"score":573,"play_id":"c27f4eb4-4c6a-4879-95e0-f5e23ec4ce23","local_time":"20181031225214","is_ascension_mode":true,"campfire_choices":[{"floor":7,"key":"REST"},{"floor":11,"key":"REST"},{"data":"Creative AI","floor":15,"key":"SMITH"},{"data":"Genetic Algorithm","floor":24,"key":"SMITH"},{"floor":28,"key":"REST"},{"floor":32,"key":"REST"}],"neow_cost":"NONE","seed_source_timestamp":1072615448986394,"circlet_count":0,"master_deck":["Strike_B","Defend_B","Defend_B","Defend_B","Defend_B","Zap","Dualcast","Steam","Coolheaded","Genetic Algorithm+1","Sunder","Creative AI+1","Reinforced Body","Loop","Sweeping Beam+1","Core Surge","Ball Lightning","Ball Lightning","Cold Snap+1","Echo Form"],"relics":["Cracked Core","Golden Idol","Tiny Chest","Matryoshka","Gambling Chip","Bronze Scales","Sozu","Red Mask","Ice Cream","Unceasing Top","Pen Nib","Omamori","PreservedInsect","Runic Pyramid"],"potions_floor_usage":[6,6,16,22],"damage_taken":[{"damage":2,"enemies":"Jaw Worm","floor":1,"turns":3},{"damage":0,"enemies":"2 Louse","floor":3,"turns":2},{"damage":10,"enemies":"Small Slimes","floor":4,"turns":3},{"damage":9,"enemies":"3 Louse","floor":5,"turns":4},{"damage":20,"enemies":"Gremlin Nob","floor":6,"turns":4},{"damage":37,"enemies":"Lagavulin","floor":8,"turns":8},{"damage":5,"enemies":"Large Slime","floor":12,"turns":6},{"damage":3,"enemies":"Lots of Slimes","floor":13,"turns":3},{"damage":7,"enemies":"Hexaghost","floor":16,"turns":9},{"damage":26,"enemies":"Shell Parasite","floor":18,"turns":7},{"damage":14,"enemies":"Spheric Guardian","floor":19,"turns":4},{"damage":23,"enemies":"Masked Bandits","floor":22,"turns":4},{"damage":23,"enemies":"Book of Stabbing","floor":23,"turns":5},{"damage":32,"enemies":"Slavers","floor":25,"turns":5},{"damage":5,"enemies":"Snake Plant","floor":27,"turns":6},{"damage":0,"enemies":"Cultist and Chosen","floor":29,"turns":5},{"damage":23,"enemies":"Gremlin Leader","floor":30,"turns":6},{"damage":0,"enemies":"Chosen and Byrds","floor":31,"turns":5},{"damage":9,"enemies":"Champ","floor":33,"turns":11},{"damage":6,"enemies":"3 Shapes","floor":35,"turns":5},{"damage":43,"enemies":"3 Darklings","floor":36,"turns":5},{"damage":11,"enemies":"Spire Growth","floor":39,"turns":6},{"damage":83,"enemies":"Giant Head","floor":40,"turns":7}],"seed_played":"-8677940805621988631","potions_obtained":[{"floor":3,"key":"PowerPotion"},{"floor":4,"key":"SteroidPotion"},{"floor":13,"key":"Poison Potion"},{"floor":16,"key":"SpeedPotion"}],"is_trial":false,"path_per_floor":["M","?","M","M","M","E","R","E","T","?","R","M","M","$","R","B",null,"M","M","$","?","?","E","R","E","T","M","R","M","E","M","R","B",null,"M","M","$","?","M"],"character_chosen":"DEFECT","items_purchased":["Loop","FTL","Core Surge"],"campfire_rested":4,"item_purchase_floors":[14,14,20],"current_hp_per_floor":[80,60,60,50,41,21,45,8,8,13,39,34,31,31,31,24,71,45,31,31,87,64,41,41,9,9,4,30,30,7,7,33,24,71,65,22,22,87,76,0],"gold":366,"neow_bonus":"TEN_PERCENT_HP_BONUS","is_prod":false,"is_daily":false,"chose_seed":false,"campfire_upgraded":2,"win_rate":0,"timestamp":1541044334,"path_taken":["M","?","M","?","M","E","R","E","T","?","R","M","?","?","R","BOSS","M","M","?","?","?","E","R","E","T","M","R","M","E","M","R","BOSS","M","M","$","?","?","E"],"build_version":"2018-10-25v2","purchased_purges":3,"victory":false,"max_hp_per_floor":[82,82,82,82,82,82,82,82,82,87,87,87,87,87,87,87,87,87,87,87,87,87,87,87,87,87,87,87,87,87,87,87,87,87,87,87,87,87,87,87],"card_choices":[{"not_picked":["Turbo","Recycle"],"picked":"Steam","floor":1},{"not_picked":["Fusion","Hello World"],"picked":"Coolheaded","floor":3},{"not_picked":["Undo","Go for the Eyes"],"picked":"Genetic Algorithm","floor":4},{"not_picked":["Barrage","Sweeping Beam","Go for the Eyes"],"picked":"SKIP","floor":5},{"not_picked":["Fusion","Beam Cell"],"picked":"Sunder","floor":6},{"not_picked":["Cold Snap","Heatsinks"],"picked":"Creative AI","floor":8},{"not_picked":["Skim","Heatsinks","Auto Shields"],"picked":"SKIP","floor":12},{"not_picked":["Undo","Beam Cell"],"picked":"Reinforced Body","floor":13},{"not_picked":["Conserve Battery","Leap"],"picked":"Sweeping Beam+1","floor":18},{"not_picked":["Compile Driver","Reinforced Body","Beam Cell"],"picked":"SKIP","floor":19},{"not_picked":["Lockon","Aggregate","Tempest+1"],"picked":"SKIP","floor":23},{"not_picked":["Barrage","Consume","Multi-Cast"],"picked":"SKIP","floor":25},{"not_picked":["Static Discharge","Go for the Eyes","Undo"],"picked":"SKIP","floor":27},{"not_picked":["Compile Driver","Doom and Gloom"],"picked":"Ball Lightning","floor":29},{"not_picked":["Sweeping Beam+1","Skim"],"picked":"Ball Lightning","floor":30},{"not_picked":["Barrage","Conserve Battery"],"picked":"Cold Snap+1","floor":31},{"not_picked":["Buffer","Multi-Cast"],"picked":"Echo Form","floor":33},{"not_picked":["Genetic Algorithm+1","Double Energy","Beam Cell"],"picked":"SKIP","floor":35},{"not_picked":["Barrage","Compile Driver+1","Sweeping Beam+1"],"picked":"SKIP","floor":36},{"not_picked":["Barrage+1","Stack","Storm+1"],"picked":"SKIP","floor":39}],"player_experience":152198,"relics_obtained":[{"floor":6,"key":"Tiny Chest"},{"floor":8,"key":"Matryoshka"},{"floor":9,"key":"Gambling Chip"},{"floor":9,"key":"Bronze Scales"},{"floor":22,"key":"Red Mask"},{"floor":23,"key":"Ice Cream"},{"floor":25,"key":"Unceasing Top"},{"floor":26,"key":"Pen Nib"},{"floor":26,"key":"Omamori"},{"floor":30,"key":"PreservedInsect"}],"event_choices":[{"damage_healed":0,"gold_gain":0,"player_choice":"Take Damage","damage_taken":20,"relics_obtained":["Golden Idol"],"max_hp_gain":0,"max_hp_loss":0,"event_name":"Golden Idol","floor":2,"gold_loss":0},{"damage_healed":0,"gold_gain":0,"player_choice":"Donut","damage_taken":0,"max_hp_gain":5,"max_hp_loss":0,"event_name":"Big Fish","floor":10,"gold_loss":0},{"cards_removed":["FTL"],"damage_healed":56,"gold_gain":0,"player_choice":"Offered Uncommon","damage_taken":0,"max_hp_gain":0,"max_hp_loss":0,"event_name":"Bonfire Elementals","floor":21,"gold_loss":0},{"damage_healed":0,"gold_gain":0,"player_choice":"Fought Bandits","damage_taken":0,"max_hp_gain":0,"max_hp_loss":0,"event_name":"Masked Bandits","floor":22,"gold_loss":0},{"damage_healed":65,"gold_gain":0,"player_choice":"Full Heal","damage_taken":0,"max_hp_gain":0,"max_hp_loss":0,"event_name":"Wheel of Change","floor":38,"gold_loss":0}],"is_beta":false,"boss_relics":[{"not_picked":["Busted Crown","Inserter"],"picked":"Sozu"},{"not_picked":["Coffee Dripper","Calling Bell"],"picked":"Runic Pyramid"}],"items_purged_floors":[14,20,37],"is_endless":false,"potions_floor_spawned":[3,4,13,16,18,23,29,30,31,36,39],"killed_by":"Giant Head","ascension_level":5}