{"gold_per_floor":[110,125,125,50,97,127,127,138,138,138,168,168,184,214,214,288,288,303,226,226,6,406,406,440,365,365,377,377,387,45,59,59,136,136,152,1151,1151,1164,1164,1164,1190,851,926,936,936,954,410,422,422,422,422,422,263,290,290],"floor_reached":55,"playtime":2582,"items_purged":["Injury","Normality","Defend_R","Normality"],"score":1276,"play_id":"9e79b33b-4eba-4b19-86e8-d3c5f26bf896","local_time":"20190303145408","is_ascension_mode":true,"campfire_choices":[{"data":"Disarm","floor":7,"key":"SMITH"},{"data":"Pommel Strike","floor":10,"key":"SMITH"},{"data":"Whirlwind","floor":15,"key":"SMITH"},{"data":"Corruption","floor":23,"key":"SMITH"},{"data":"Offering","floor":28,"key":"SMITH"},{"data":"Rage","floor":32,"key":"SMITH"},{"data":"Fiend Fire","floor":40,"key":"SMITH"},{"floor":45,"key":"RECALL"},{"data":"Apotheosis","floor":49,"key":"SMITH"},{"data":"Spot Weakness","floor":52,"key":"SMITH"}],"neow_cost":"NONE","seed_source_timestamp":68398650987713,"circlet_count":0,"master_deck":["AscendersBane","Strike_R+1","Strike_R+1","Defend_R","Defend_R","Defend_R","Bash","Disarm+1","Pommel Strike+1","Pummel","Whirlwind+1","Uppercut+1","Evolve","Iron Wave","Offering+1","Corruption+1","Rage+1","Dropkick","Thunderclap+1","Fiend Fire+1","Pummel","Fiend Fire+1","Dropkick","Headbutt","Purity","Regret","Battle Trance+1","Apotheosis+1","Spot Weakness+1","Burning Pact","Dropkick","Shrug It Off","Wild Strike"],"relics":["Burning Blood","Whetstone","Pen Nib","Red Skull","Orichalcum","Blue Candle","Cursed Key","Membership Card","Old Coin","Letter Opener","Mercury Hourglass","Pear","Meat on the Bone","PreservedInsect","Runic Pyramid","Boot","Mummified Hand","Brimstone","Pantograph","Ancient Tea Set","Lantern","Lee\u0027s Waffle","Torii"],"potions_floor_usage":[6,11,14,22,33,41,50],"damage_taken":[{"damage":2,"enemies":"Jaw Worm","floor":1,"turns":3},{"damage":0,"enemies":"2 Louse","floor":2,"turns":3},{"damage":36,"enemies":"Gremlin Nob","floor":6,"turns":5},{"damage":0,"enemies":"Cultist","floor":8,"turns":2},{"damage":19,"enemies":"Lagavulin","floor":11,"turns":7},{"damage":0,"enemies":"3 Louse","floor":13,"turns":1},{"damage":4,"enemies":"3 Sentries","floor":14,"turns":3},{"damage":21,"enemies":"Slime Boss","floor":16,"turns":5},{"damage":1,"enemies":"Spheric Guardian","floor":18,"turns":3},{"damage":33,"enemies":"Colosseum Slavers","floor":22,"turns":4},{"damage":15,"enemies":"Colosseum Nobs","floor":22,"turns":3},{"damage":9,"enemies":"Book of Stabbing","floor":24,"turns":4},{"damage":16,"enemies":"2 Thieves","floor":27,"turns":3},{"damage":6,"enemies":"Centurion and Healer","floor":29,"turns":1},{"damage":6,"enemies":"Shelled Parasite and Fungi","floor":31,"turns":3},{"damage":21,"enemies":"Champ","floor":33,"turns":7},{"damage":8,"enemies":"Orb Walker","floor":35,"turns":2},{"damage":22,"enemies":"3 Shapes","floor":38,"turns":2},{"damage":38,"enemies":"Reptomancer","floor":41,"turns":3},{"damage":24,"enemies":"Writhing Mass","floor":44,"turns":2},{"damage":0,"enemies":"Jaw Worm Horde","floor":46,"turns":1},{"damage":20,"enemies":"Transient","floor":48,"turns":5},{"damage":64,"enemies":"Awakened One","floor":50,"turns":5},{"damage":79,"enemies":"Shield and Spear","floor":54,"turns":4},{"damage":56,"enemies":"The Heart","floor":55,"turns":2}],"seed_played":"-988580374711922240","potions_obtained":[{"floor":1,"key":"SkillPotion"},{"floor":6,"key":"Swift Potion"},{"floor":8,"key":"SteroidPotion"},{"floor":18,"key":"PowerPotion"},{"floor":24,"key":"Dexterity Potion"},{"floor":29,"key":"EssenceOfSteel"},{"floor":33,"key":"Dexterity Potion"},{"floor":38,"key":"Strength Potion"},{"floor":41,"key":"SteroidPotion"},{"floor":54,"key":"Explosive Potion"}],"is_trial":false,"path_per_floor":["M","M","?","?","T","E","R","M","T","R","E","?","M","E","R","B",null,"M","$","?","$","?","R","E","?","T","M","R","M","$","M","R","B",null,"M","?","?","M","?","R","E","$","T","M","R","M","$","M","R","B",null,"R","$","E","B"],"character_chosen":"IRONCLAD","items_purchased":["Corruption","Membership Card","Meat on the Bone","PreservedInsect","Fiend Fire","Mummified Hand","Purity","Brimstone","Apotheosis","Ancient Tea Set","Lantern","Lee\u0027s Waffle","Spot Weakness","Burning Pact","Dropkick","FairyPotion","Wild Strike"],"campfire_rested":0,"item_purchase_floors":[19,21,30,30,30,42,42,42,47,47,47,47,47,47,47,53,53],"current_hp_per_floor":[72,75,68,68,68,38,38,44,44,44,31,31,37,39,39,24,62,67,67,67,67,31,31,28,28,38,28,28,28,28,40,40,37,73,71,71,71,55,55,55,35,35,35,29,29,47,88,74,74,42,77,77,77,26,0],"gold":290,"neow_bonus":"RANDOM_COMMON_RELIC","is_prod":false,"is_daily":false,"chose_seed":false,"campfire_upgraded":9,"win_rate":0,"timestamp":1551642848,"path_taken":["M","M","?","?","?","E","R","M","T","R","E","?","M","E","R","BOSS","M","$","?","$","?","R","E","?","T","M","R","M","?","M","R","BOSS","M","?","?","M","?","R","E","$","T","M","R","M","$","?","R","BOSS","R","$","E","BOSS"],"build_version":"2019-01-23","purchased_purges":4,"victory":false,"max_hp_per_floor":[75,75,75,75,75,75,75,75,75,75,75,75,75,75,75,75,75,75,75,75,75,75,75,75,75,85,85,85,85,85,85,85,85,85,85,85,81,81,81,81,81,81,81,81,81,81,88,88,88,88,88,88,88,88,88],"card_choices":[{"not_picked":["Heavy Blade","Perfected Strike"],"picked":"Disarm","floor":1},{"not_picked":["Dropkick","Power Through"],"picked":"Pommel Strike","floor":2},{"not_picked":["Thunderclap","Headbutt"],"picked":"Pummel","floor":6},{"not_picked":["Pommel Strike","Heavy Blade"],"picked":"Whirlwind","floor":8},{"not_picked":["Infernal Blade","Clothesline"],"picked":"Uppercut","floor":11},{"not_picked":["Wild Strike","Ghostly Armor"],"picked":"Evolve","floor":13},{"not_picked":["Warcry","Blood for Blood"],"picked":"Iron Wave","floor":14},{"not_picked":["Bludgeon","Double Tap"],"picked":"Offering","floor":16},{"not_picked":["Second Wind","Havoc","Sword Boomerang"],"picked":"SKIP","floor":18},{"not_picked":["Seeing Red","Inflame"],"picked":"Rage","floor":22},{"not_picked":["Thunderclap","Twin Strike"],"picked":"Dropkick","floor":24},{"not_picked":["Armaments","Metallicize"],"picked":"Thunderclap+1","floor":27},{"not_picked":["Twin Strike","Thunderclap+1","Iron Wave"],"picked":"SKIP","floor":29},{"not_picked":["Power Through","Ghostly Armor"],"picked":"Pummel","floor":31},{"not_picked":["Barricade","Reaper"],"picked":"Fiend Fire","floor":33},{"not_picked":["Headbutt","Spot Weakness"],"picked":"Dropkick","floor":35},{"not_picked":["Warcry+1","Clash","Wild Strike"],"picked":"SKIP","floor":38},{"not_picked":["Perfected Strike","Clash"],"picked":"Headbutt","floor":41},{"not_picked":["Uppercut+1","Pummel"],"picked":"Battle Trance+1","floor":44},{"not_picked":["Seeing Red","Rampage","Twin Strike+1"],"picked":"SKIP","floor":46},{"not_picked":["Carnage","Warcry+1"],"picked":"Shrug It Off","floor":48},{"not_picked":["Combust","Rage","Thunderclap"],"picked":"SKIP","floor":54}],"player_experience":803201,"relics_obtained":[{"floor":5,"key":"Pen Nib"},{"floor":6,"key":"Red Skull"},{"floor":11,"key":"Orichalcum"},{"floor":14,"key":"Blue Candle"},{"floor":22,"key":"Old Coin"},{"floor":22,"key":"Letter Opener"},{"floor":24,"key":"Mercury Hourglass"},{"floor":26,"key":"Pear"},{"floor":41,"key":"Boot"},{"floor":43,"key":"Pantograph"},{"floor":54,"key":"Torii"}],"event_choices":[{"cards_removed":["Strike_R"],"damage_healed":0,"gold_gain":0,"player_choice":"Card Removal","damage_taken":7,"max_hp_gain":0,"max_hp_loss":0,"event_name":"Golden Wing","floor":3,"gold_loss":0},{"cards_removed":["Strike_R"],"damage_healed":0,"gold_gain":0,"player_choice":"Card Removal","damage_taken":0,"max_hp_gain":0,"max_hp_loss":0,"event_name":"The Cleric","floor":4,"gold_loss":75},{"damage_healed":0,"gold_gain":0,"player_choice":"Forge","damage_taken":0,"max_hp_gain":0,"max_hp_loss":0,"event_name":"Accursed Blacksmith","floor":12,"gold_loss":0,"cards_upgraded":["Uppercut"]},{"damage_healed":0,"gold_gain":0,"player_choice":"Ignored","damage_taken":0,"max_hp_gain":0,"max_hp_loss":0,"event_name":"Ghosts","floor":20,"gold_loss":0},{"damage_healed":0,"gold_gain":0,"player_choice":"Fight","damage_taken":0,"max_hp_gain":0,"max_hp_loss":0,"event_name":"Colosseum","floor":22,"gold_loss":0},{"damage_healed":0,"gold_gain":0,"player_choice":"Fought Nobs","damage_taken":0,"max_hp_gain":0,"max_hp_loss":0,"event_name":"Colosseum","floor":22,"gold_loss":0},{"cards_removed":["Strike_R"],"damage_healed":0,"gold_gain":0,"player_choice":"Gave Gold","damage_taken":0,"max_hp_gain":0,"max_hp_loss":0,"event_name":"Beggar","floor":25,"gold_loss":75},{"damage_healed":0,"gold_gain":999,"player_choice":"Gold","damage_taken":0,"max_hp_gain":0,"max_hp_loss":0,"event_name":"MindBloom","floor":36,"gold_loss":0,"cards_obtained":["Normality","Normality"]},{"damage_healed":0,"gold_gain":0,"player_choice":"Max HP","damage_taken":0,"max_hp_gain":0,"max_hp_loss":4,"event_name":"Winding Halls","floor":37,"gold_loss":0},{"damage_healed":0,"gold_gain":0,"player_choice":"Upgraded","damage_taken":0,"max_hp_gain":0,"max_hp_loss":0,"event_name":"Upgrade Shrine","floor":39,"gold_loss":0,"cards_upgraded":["Fiend Fire"]}],"is_beta":false,"boss_relics":[{"not_picked":["Philosopher\u0027s Stone","Coffee Dripper"],"picked":"Cursed Key"},{"not_picked":["Snecko Eye","Astrolabe"],"picked":"Runic Pyramid"}],"items_purged_floors":[30,42,47,53],"is_endless":false,"potions_floor_spawned":[1,6,8,18,24,29,31,33,38,41,44,54],"killed_by":"The Heart","ascension_level":16}