{"path_per_floor":["M","M","M","M","M","R","E","M","T","R","$","R","M","E","R","B",null,"M","M","M","T","?","R"],"character_chosen":"IRONCLAD","items_purchased":["Meat on the Bone"],"gold_per_floor":[109,126,145,165,179,179,212,224,294,294,52,52,64,91,91,194,194,212,222,233,233,233,233,233],"floor_reached":24,"campfire_rested":0,"playtime":1433,"current_hp_per_floor":[77,80,79,73,70,70,57,57,57,57,57,57,60,56,56,56,74,49,46,41,41,31,31,0],"items_purged":[],"gold":233,"score":315,"play_id":"e37606e0-afef-45ec-a14e-c0791977e4b4","local_time":"20180518224812","is_prod":false,"is_daily":false,"chose_seed":false,"is_ascension_mode":true,"campfire_upgraded":5,"timestamp":1526698092,"campfire_choices":[{"data":"Barricade","floor":6,"key":"SMITH"},{"data":"Rampage","floor":10,"key":"SMITH"},{"data":"True Grit","floor":12,"key":"SMITH"},{"data":"Pommel Strike","floor":15,"key":"SMITH"},{"data":"Iron Wave","floor":23,"key":"SMITH"}],"path_taken":["M","M","M","M","?","R","E","M","T","R","$","R","M","E","R","BOSS","M","M","?","?","?","R","E"],"build_version":"2018-05-17","seed_source_timestamp":839950871288939,"purchased_purges":0,"victory":false,"master_deck":["Strike_R","Strike_R","Defend_R","Defend_R","Defend_R","Defend_R","Bash+1","AscendersBane","Shrug It Off","Pommel Strike+1","True Grit+1","Barricade+1","Iron Wave+1","Rampage+1","Ghostly Armor","Iron Wave","Reaper","Clothesline+1","Battle Trance+1","Exhume+1","Iron Wave","Shockwave+1","Necronomicurse"],"max_hp_per_floor":[80,80,80,80,80,80,80,80,80,80,80,80,80,80,80,80,80,80,80,80,80,86,86,86],"relics":["Burning Blood","Bag of Preparation","Darkstone Periapt","Meat on the Bone","Frozen Egg 2","Astrolabe","Toolbox","Necronomicon"],"card_choices":[{"not_picked":["Cleave","Reckless Charge"],"picked":"Shrug It Off","floor":1},{"not_picked":["Infernal Blade","Heavy Blade"],"picked":"Pommel Strike","floor":2},{"not_picked":["Armaments","Pommel Strike"],"picked":"True Grit","floor":3},{"not_picked":["Uppercut","Sword Boomerang"],"picked":"Barricade","floor":4},{"not_picked":["Anger","Pummel"],"picked":"Iron Wave","floor":5},{"not_picked":["Sword Boomerang","Thunderclap"],"picked":"Rampage","floor":7},{"not_picked":["Searing Blow","True Grit"],"picked":"Ghostly Armor","floor":8},{"not_picked":["Twin Strike","Clothesline","Sword Boomerang"],"picked":"SKIP","floor":13},{"not_picked":["Seeing Red","Body Slam"],"picked":"Iron Wave","floor":14},{"not_picked":["Limit Break","Bludgeon"],"picked":"Reaper","floor":16},{"not_picked":["Sword Boomerang","Anger"],"picked":"Iron Wave","floor":18},{"not_picked":["Havoc+1","True Grit","Sword Boomerang"],"picked":"SKIP","floor":19},{"not_picked":["Body Slam","True Grit"],"picked":"Shockwave+1","floor":20}],"player_experience":195599,"potions_floor_usage":[7,16,16,16,24,24],"damage_taken":[{"damage":1,"enemies":"Cultist","floor":1,"turns":3},{"damage":2,"enemies":"2 Louse","floor":2,"turns":4},{"damage":7,"enemies":"Jaw Worm","floor":3,"turns":3},{"damage":12,"enemies":"Looter","floor":4,"turns":3},{"damage":9,"enemies":"3 Louse","floor":5,"turns":4},{"damage":19,"enemies":"3 Sentries","floor":7,"turns":14},{"damage":6,"enemies":"Red Slaver","floor":8,"turns":4},{"damage":3,"enemies":"Blue Slaver","floor":13,"turns":4},{"damage":10,"enemies":"Gremlin Nob","floor":14,"turns":4},{"damage":33,"enemies":"Hexaghost","floor":16,"turns":16},{"damage":37,"enemies":"3 Byrds","floor":18,"turns":9},{"damage":25,"enemies":"Chosen","floor":19,"turns":7},{"damage":26,"enemies":"Snake Plant","floor":20,"turns":9},{"damage":40,"enemies":"Slavers","floor":24,"turns":3}],"relics_obtained":[{"floor":7,"key":"Bag of Preparation"},{"floor":9,"key":"Darkstone Periapt"},{"floor":14,"key":"Frozen Egg 2"},{"floor":21,"key":"Toolbox"},{"floor":22,"key":"Necronomicon"}],"event_choices":[{"event_name":"Cursed Tome","player_choice":"Obtained Book","floor":22,"damage_taken":0}],"boss_relics":[{"not_picked":["Philosopher\u0027s Stone","Orrery"],"picked":"Astrolabe"}],"potions_floor_spawned":[4,5,8,14,18,20],"seed_played":"-5558791963078656860","killed_by":"Slavers","ascension_level":10,"potions_obtained":[{"floor":4,"key":"SkillPotion"},{"floor":5,"key":"Regen Potion"},{"floor":8,"key":"LiquidBronze"},{"floor":14,"key":"AttackPotion"},{"floor":18,"key":"BloodPotion"},{"floor":20,"key":"Swift Potion"}],"is_trial":false}