{"gold_per_floor":[119,119,44,44,119,119,119,119,119,119,130,140,156,183,183,256,256,272,292,53,71,71,106,106,122,146,146,163,59,59,92,92,92],"floor_reached":33,"playtime":1707,"items_purged":["Strike_B"],"score":577,"play_id":"6e28d3ef-65eb-440a-90c5-97cc21ab2633","local_time":"20190303102131","is_ascension_mode":true,"campfire_choices":[{"data":"Zap","floor":6.0,"key":"SMITH"},{"data":"Dualcast","floor":8.0,"key":"SMITH"},{"data":"Strike_B","floor":10.0,"key":"SMITH"},{"data":"Ball Lightning","floor":15.0,"key":"SMITH"},{"floor":24,"key":"REST"},{"floor":27,"key":"REST"},{"floor":32,"key":"REST"}],"neow_cost":"NONE","seed_source_timestamp":0,"circlet_count":0,"master_deck":["AscendersBane","Strike_B+1","Strike_B+1","Strike_B+1","Defend_B","Defend_B","Defend_B+1","Defend_B+1","Zap+1","Dualcast+1","Cold Snap+1","Ball Lightning","Ball Lightning+1","Reinforced Body","Seek","Cold Snap","Genetic Algorithm","Sweeping Beam","Glacier","BootSequence","Compile Driver","Shame","Consume"],"special_seed":0,"relics":["Cracked Core","NeowsBlessing","War Paint","Whetstone","Fusion Hammer","PreservedInsect","MutagenicStrength","Matryoshka","Regal Pillow","Orichalcum","Vajra","Mango"],"potions_floor_usage":[28,31],"damage_taken":[{"damage":0.0,"enemies":"2 Louse","floor":1.0,"turns":1.0},{"damage":0.0,"enemies":"Jaw Worm","floor":11.0,"turns":1.0},{"damage":0.0,"enemies":"Small Slimes","floor":12.0,"turns":1.0},{"damage":1.0,"enemies":"3 Louse","floor":13.0,"turns":3.0},{"damage":21.0,"enemies":"3 Sentries","floor":14.0,"turns":8.0},{"damage":25.0,"enemies":"Slime Boss","floor":16.0,"turns":7.0},{"damage":3,"enemies":"Chosen","floor":18,"turns":4},{"damage":16,"enemies":"Shell Parasite","floor":19,"turns":4},{"damage":12,"enemies":"Snake Plant","floor":21,"turns":5},{"damage":11,"enemies":"Gremlin Leader","floor":23,"turns":5},{"damage":11,"enemies":"Sentry and Sphere","floor":25,"turns":5},{"damage":24,"enemies":"Chosen and Byrds","floor":28,"turns":7},{"damage":18,"enemies":"Slavers","floor":31,"turns":5},{"damage":80,"enemies":"Champ","floor":33,"turns":18}],"seed_played":"3085262627657671683","potions_obtained":[{"floor":11.0,"key":"GamblersBrew"},{"floor":13.0,"key":"SkillPotion"},{"floor":18,"key":"Explosive Potion"},{"floor":19,"key":"Ancient Potion"}],"is_trial":false,"path_per_floor":["M","?","$","?","?","R","?","R","T","R","M","M","M","E","R","B",null,"M","M","$","M","?","E","R","M","T","R","M","$","?","E","R","B"],"character_chosen":"DEFECT","items_purchased":["PreservedInsect","Genetic Algorithm","Compile Driver","Swift Potion"],"campfire_rested":3,"item_purchase_floors":[20,20,29,29],"current_hp_per_floor":[64,69,69,69,58,58,58,58,58,58,58,58,57,36,36,11,60,57,41,41,29,29,18,40,29,29,66,42,42,42,38,80,0],"gold":92,"neow_bonus":"THREE_ENEMY_KILL","is_prod":false,"is_daily":false,"chose_seed":false,"campfire_upgraded":4,"win_rate":0,"timestamp":1551630091,"path_taken":["M","?","$","?","?","R","?","R","T","R","M","?","M","E","R","BOSS","M","M","$","M","?","E","R","M","T","R","M","$","?","E","R","BOSS"],"build_version":"2019-01-23","purchased_purges":1,"victory":false,"max_hp_per_floor":[71,76,76,76,76,76,76,76,76,76,76,76,76,76,76,76,76,76,76,76,76,76,76,76,76,76,76,76,76,76,90,90,90],"card_choices":[{"not_picked":["Sweeping Beam","Barrage"],"picked":"Cold Snap","floor":1.0},{"not_picked":["Hyperbeam","Self Repair"],"picked":"Ball Lightning","floor":11.0},{"not_picked":["Steam Power","Rebound"],"picked":"Ball Lightning","floor":12.0},{"not_picked":["Stack","Barrage"],"picked":"Reinforced Body","floor":13.0},{"not_picked":["Barrage","Reprogram","Steam"],"picked":"SKIP","floor":14.0},{"not_picked":["Hyperbeam","Fission"],"picked":"Seek","floor":16.0},{"not_picked":["Skim","Static Discharge"],"picked":"Cold Snap","floor":18},{"not_picked":["Redo","Fusion","Gash"],"picked":"SKIP","floor":19},{"not_picked":["Ball Lightning","Redo"],"picked":"Sweeping Beam","floor":21},{"not_picked":["Undo","Double Energy+1","Melter"],"picked":"SKIP","floor":23},{"not_picked":["Thunder Strike","Chill"],"picked":"Glacier","floor":25},{"not_picked":["Beam Cell","Skim"],"picked":"BootSequence","floor":28},{"not_picked":["Redo","Barrage"],"picked":"Consume","floor":31}],"player_experience":555781,"relics_obtained":[{"floor":9.0,"key":"War Paint"},{"floor":14.0,"key":"Whetstone"},{"floor":23,"key":"Matryoshka"},{"floor":26,"key":"Regal Pillow"},{"floor":26,"key":"Orichalcum"},{"floor":31,"key":"Mango"}],"event_choices":[{"damage_healed":0.0,"max_hp_gain":5.0,"max_hp_loss":0.0,"gold_gain":0.0,"event_name":"Big Fish","player_choice":"Donut","floor":2.0,"gold_loss":0.0,"damage_taken":0.0},{"damage_healed":0.0,"max_hp_gain":0.0,"max_hp_loss":0.0,"gold_gain":0.0,"event_name":"Shining Light","player_choice":"Ignored","floor":4.0,"gold_loss":0.0,"damage_taken":0.0},{"damage_healed":0.0,"max_hp_gain":0.0,"max_hp_loss":0.0,"gold_gain":75.0,"event_name":"World of Goop","player_choice":"Gather Gold","floor":5.0,"gold_loss":0.0,"damage_taken":11.0},{"damage_healed":0.0,"max_hp_gain":0.0,"max_hp_loss":0.0,"gold_gain":0.0,"event_name":"Upgrade Shrine","player_choice":"Upgraded","floor":7.0,"gold_loss":0.0,"damage_taken":0.0,"cards_upgraded":["Cold Snap"]},{"damage_healed":0,"gold_gain":0,"player_choice":"Inject Mutagens","damage_taken":0,"relics_obtained":["MutagenicStrength"],"max_hp_gain":0,"max_hp_loss":0,"event_name":"Drug Dealer","floor":22,"gold_loss":0},{"damage_healed":0,"gold_gain":0,"player_choice":"Stole Relic","damage_taken":0,"relics_obtained":["Vajra"],"max_hp_gain":0,"max_hp_loss":0,"event_name":"Addict","floor":30,"gold_loss":0,"cards_obtained":["Shame"]}],"is_beta":false,"boss_relics":[{"not_picked":["Runic Dome","Black Star"],"picked":"Fusion Hammer"}],"items_purged_floors":[3],"is_endless":false,"potions_floor_spawned":[11,13,18,19,25],"killed_by":"Champ","ascension_level":19}