{"path_per_floor":["M","M","?","M","M","R","?","E","T","E","R","E","R","M","R","B",null,"M","M","$","M","M","E","R","?","T","$","R","?","E","M","R","B",null,"M","?","M","?","M","R","M","$","T","M","$","M","?","?","R","B"],"character_chosen":"IRONCLAD","items_purchased":["Matryoshka","Master of Strategy","Strength Potion"],"gold_per_floor":[119,136,86,105,120,120,141,168,168,196,196,222,222,232,232,335,335,350,362,362,372,390,425,425,425,474,148,148,48,74,87,87,192,192,208,208,227,274,293,293,307,307,357,375,17,28,28,28,28,28],"floor_reached":51,"campfire_rested":0,"playtime":4429,"current_hp_per_floor":[80,80,80,80,80,80,67,50,50,52,52,45,45,44,44,42,80,72,72,72,77,72,76,76,76,76,76,76,76,70,76,76,13,80,79,79,80,60,66,66,80,80,87,60,60,68,87,87,87,76],"items_purged":["Strike_R","Strike_R"],"gold":28,"play_id":"91c642f0-cb6b-42e2-8e9a-1ef91d261498","is_prod":false,"is_daily":false,"is_ascension_mode":false,"campfire_upgraded":9,"path_taken":["M","?","?","M","M","R","?","E","T","E","R","E","R","M","R","BOSS","M","M","$","?","M","E","R","?","T","$","R","?","E","M","R","BOSS","M","?","M","?","?","R","M","$","T","M","$","M","?","?","R","BOSS"],"build_version":"2018-01-23-BETA1","purchased_purges":2,"victory":true,"master_deck":["Strike_R","Strike_R","Defend_R","Defend_R","Defend_R","Defend_R","Bash","True Grit","Bludgeon","Cleave","Headbutt","Shrug It Off","Thunderclap","Double Tap","Shrug It Off","Corruption","Disarm","Bloodletting","Pommel Strike","J.A.X.","Flame Barrier","Reaper","Offering","Burning Pact","Whirlwind","Power Through","Fiend Fire","Master of Strategy"],"max_hp_per_floor":[80,80,80,80,80,80,80,80,80,80,80,80,80,80,80,80,80,80,80,80,80,80,80,80,80,80,80,80,80,80,80,80,80,80,80,80,80,80,80,80,80,80,87,87,87,87,87,87,87,87],"relics":["Burning Blood","NeowsBlessing","Odd Mushroom","Omamori","Kunai","Lantern","Pantograph","Mark of Pain","Bag of Preparation","Bag of Marbles","Matryoshka","Shuriken","Lizard Tail","Torii","Strawberry","Molten Egg"],"card_choices":[{"not_picked":["Anger","Body Slam"],"picked":"True Grit"},{"not_picked":["Thunderclap","Rupture"],"picked":"Bludgeon"},{"not_picked":["Iron Wave","Heavy Blade"],"picked":"Cleave"},{"not_picked":["Thunderclap","Heavy Blade"],"picked":"Clothesline"},{"not_picked":["Perfected Strike","Bloodletting"],"picked":"Headbutt"},{"not_picked":["Spot Weakness","Wild Strike"],"picked":"Shrug It Off"},{"not_picked":["Combust","Wild Strike"],"picked":"Thunderclap"},{"not_picked":["Brutality","Impervious"],"picked":"Double Tap"},{"not_picked":["Clothesline","True Grit"],"picked":"Shrug It Off"},{"not_picked":["Rupture","Heavy Blade"],"picked":"Corruption"},{"not_picked":["Wild Strike","Headbutt"],"picked":"Disarm"},{"not_picked":["Inflame","Second Wind"],"picked":"Bloodletting"},{"not_picked":["Second Wind","Intimidate"],"picked":"Flame Barrier"},{"not_picked":["Twin Strike","Shrug It Off"],"picked":"Reaper"},{"not_picked":["Bludgeon","Immolate"],"picked":"Offering"},{"not_picked":["Heavy Blade","Perfected Strike"],"picked":"Burning Pact"},{"not_picked":["Thunderclap","Evolve"],"picked":"Whirlwind"},{"not_picked":["Dropkick","Immolate"],"picked":"Power Through"},{"not_picked":["Cleave","Clothesline"],"picked":"Fiend Fire"}],"player_experience":15671,"potions_floor_usage":[12,18,21,30,41,50,50,50],"damage_taken":[{"damage":0,"enemies":"Blue Slaver","floor":1,"turns":1},{"damage":0,"enemies":"Jaw Worm","floor":2,"turns":1},{"damage":0,"enemies":"Small Slimes","floor":4,"turns":1},{"damage":4,"enemies":"Red Slaver","floor":5,"turns":5},{"damage":19,"enemies":"The Mushroom Lair","floor":7,"turns":5},{"damage":23,"enemies":"3 Sentries","floor":8,"turns":6},{"damage":4,"enemies":"Gremlin Nob","floor":10,"turns":3},{"damage":13,"enemies":"Lagavulin","floor":12,"turns":4},{"damage":7,"enemies":"3 Louse","floor":14,"turns":2},{"damage":33,"enemies":"The Guardian","floor":16,"turns":10},{"damage":14,"enemies":"2 Thieves","floor":18,"turns":3},{"damage":6,"enemies":"Shell Parasite","floor":19,"turns":7},{"damage":1,"enemies":"Snake Plant","floor":21,"turns":2},{"damage":11,"enemies":"3 Cultists","floor":22,"turns":4},{"damage":2,"enemies":"Book of Stabbing","floor":23,"turns":3},{"damage":12,"enemies":"Slavers","floor":30,"turns":4},{"damage":0,"enemies":"Centurion and Healer","floor":31,"turns":6},{"damage":79,"enemies":"Champ","floor":33,"turns":11},{"damage":7,"enemies":"3 Shapes","floor":35,"turns":6},{"damage":0,"enemies":"Orb Walker","floor":37,"turns":1},{"damage":34,"enemies":"Mysterious Sphere","floor":38,"turns":9},{"damage":0,"enemies":"4 Shapes","floor":39,"turns":6},{"damage":0,"enemies":"Flame Bruiser 2 Orb","floor":41,"turns":3},{"damage":33,"enemies":"Spire Growth","floor":44,"turns":5},{"damage":8,"enemies":"Maw","floor":46,"turns":9},{"damage":30,"enemies":"Awakened One","floor":50,"turns":13}],"event_choices":[{"event_name":"The Cleric","player_choice":"Card Removal","floor":3,"damage_taken":0},{"event_name":"Mushrooms","player_choice":"Fought Mushrooms","floor":7,"damage_taken":0},{"event_name":"The Library","player_choice":"Read","floor":25,"damage_taken":0},{"event_name":"Drug Dealer","player_choice":"Got JAXXED","floor":29,"damage_taken":0},{"event_name":"Tomb of Lord Red Mask","player_choice":"Ignored","floor":36,"damage_taken":0},{"event_name":"Mysterious Sphere","player_choice":"Fight","floor":38,"damage_taken":0},{"event_name":"Winding Halls","player_choice":"Writhe","floor":47,"damage_taken":0}],"boss_relics":[{"not_picked":["White Beast Statue","Ectoplasm"],"picked":"Mark of Pain"},{"not_picked":["Velvet Choker","Sozu"],"picked":"Lizard Tail"}],"potions_floor_spawned":[2,4,7,8,10,19,21,31,33,37,46],"seed_played":"1487483054258148334","ascension_level":0,"is_trial":false}