{"path_per_floor":["M","M","M","M","M","E","R","M","T","R","M","M","M","$","R","B",null,"M","?","$","M","M","R","?","R","T","$","M"],"character_chosen":"IRONCLAD","items_purchased":["Shrug It Off"],"gold_per_floor":[112,130,149,104,120,151,151,163,163,163,175,191,207,79,79,182,182,200,100,0,17,27,27,27,27,27,27,40],"floor_reached":29,"campfire_rested":0,"playtime":2382,"current_hp_per_floor":[68,73,78,80,80,62,62,61,61,61,67,73,72,72,72,26,80,76,76,76,73,68,68,68,68,68,68,46],"items_purged":["Strike_R","Doubt"],"gold":40,"play_id":"f9d19826-4cd7-47ae-bc5d-0c7c7a332e69","is_prod":false,"is_daily":false,"is_ascension_mode":false,"campfire_upgraded":5,"path_taken":["M","M","M","M","M","E","R","M","T","R","M","M","M","$","R","BOSS","M","?","$","M","?","R","?","R","T","$","M","E"],"build_version":"2018-01-23-BETA1","purchased_purges":2,"victory":false,"master_deck":["Strike_R","Strike_R","Strike_R","Strike_R","Defend_R","Defend_R","Defend_R","Defend_R","Bash","True Grit","Clothesline","Armaments","Sever Soul","Infernal Blade","Whirlwind","Pommel Strike","Brutality","Seeing Red","Shrug It Off","Feed","Injury","Decay","True Grit","J.A.X.","Sever Soul","Headbutt"],"max_hp_per_floor":[80,80,80,80,80,80,80,80,80,80,80,80,80,80,80,80,80,80,80,80,83,87,87,87,87,87,87,87],"relics":["Burning Blood","Ancient Tea Set","Matryoshka","Calling Bell","Calipers","Oddly Smooth Stone","Unceasing Top","Blood Vial","Sundial"],"card_choices":[{"not_picked":["Havoc","Dual Wield"],"picked":"True Grit"},{"not_picked":["Evolve","Warcry"],"picked":"Clothesline"},{"not_picked":["Dual Wield","Infernal Blade"],"picked":"Armaments"},{"not_picked":["Twin Strike","Wild Strike"],"picked":"Sever Soul"},{"not_picked":["Havoc","Sword Boomerang"],"picked":"Infernal Blade"},{"not_picked":["Headbutt","Thunderclap"],"picked":"Whirlwind"},{"not_picked":["Juggernaut","Body Slam"],"picked":"Pommel Strike"},{"not_picked":["Rupture","True Grit"],"picked":"Brutality"},{"not_picked":["Headbutt","Pummel"],"picked":"Seeing Red"},{"not_picked":["Juggernaut","Bludgeon"],"picked":"Feed"},{"not_picked":["Thunderclap","Heavy Blade"],"picked":"True Grit"},{"not_picked":["Clothesline","Pommel Strike"],"picked":"Sever Soul"},{"not_picked":["Shockwave","Thunderclap"],"picked":"Headbutt"}],"player_experience":15671,"potions_floor_usage":[8,13,16,22,22],"damage_taken":[{"damage":18,"enemies":"Blue Slaver","floor":1,"turns":7},{"damage":1,"enemies":"Jaw Worm","floor":2,"turns":4},{"damage":1,"enemies":"Small Slimes","floor":3,"turns":4},{"damage":0,"enemies":"Looter","floor":4,"turns":5},{"damage":4,"enemies":"3 Louse","floor":5,"turns":5},{"damage":24,"enemies":"Gremlin Nob","floor":6,"turns":4},{"damage":7,"enemies":"Exordium Thugs","floor":8,"turns":3},{"damage":0,"enemies":"Lots of Slimes","floor":11,"turns":1},{"damage":0,"enemies":"2 Fungi Beasts","floor":12,"turns":3},{"damage":7,"enemies":"Exordium Thugs","floor":13,"turns":4},{"damage":52,"enemies":"Hexaghost","floor":16,"turns":11},{"damage":10,"enemies":"Chosen","floor":18,"turns":7},{"damage":12,"enemies":"3 Byrds","floor":21,"turns":6},{"damage":27,"enemies":"3 Cultists","floor":22,"turns":5},{"damage":30,"enemies":"Slaver and Parasite","floor":28,"turns":9},{"damage":48,"enemies":"Book of Stabbing","floor":29,"turns":5}],"event_choices":[{"event_name":"Drug Dealer","player_choice":"Got JAXXED","floor":19,"damage_taken":0},{"event_name":"Beggar","player_choice":"Ignored","floor":24,"damage_taken":0}],"boss_relics":[{"not_picked":["Lizard Tail","Snecko Eye"],"picked":"Calling Bell"}],"potions_floor_spawned":[2,5,6,8,11,16,21],"seed_played":"155787924204115584","killed_by":"Book of Stabbing","ascension_level":0,"is_trial":false}