{"path_per_floor":["M","?","$","?","M","R","E","R","T","M","M","E","T","M","R","B",null,"M","?","M","M","?","E","R","E","T","M","M","R","?","$","R","B",null,"M","?","$","M","$","R","E","M","T","E","?","M","M","M","R","B"],"character_chosen":"THE_SILENT","items_purchased":["Apotheosis","Matryoshka","Flash of Steel","Finesse","Well Laid Plans"],"gold_per_floor":[415,590,99,199,218,218,249,249,249,265,281,308,308,322,322,418,418,431,431,442,455,355,381,381,414,464,475,486,486,411,267,267,368,368,383,383,160,171,121,121,153,168,168,195,195,211,229,247,247,247],"floor_reached":51,"campfire_rested":0,"playtime":7530,"current_hp_per_floor":[70,70,70,70,70,70,40,40,40,40,37,45,45,43,43,35,70,70,49,35,49,49,42,42,35,35,36,49,49,49,49,49,40,49,35,35,35,44,44,44,49,49,49,39,29,38,32,49,49,28],"items_purged":["Doubt","Clumsy","Defend_G","Slice"],"gold":247,"play_id":"5896fce6-f1dd-404e-a7ac-68469ab50575","is_prod":false,"is_daily":false,"campfire_rituals":0,"campfire_upgraded":5,"is_hardmode":false,"path_taken":["M","?","$","?","?","R","E","R","T","?","M","E","?","M","R","BOSS","M","?","M","?","?","E","R","E","T","M","?","R","?","$","R","BOSS","M","?","$","M","$","R","E","?","T","E","?","?","?","M","R","BOSS"],"build_version":"2018-01-11-PROD2","purchased_purges":5,"victory":true,"master_deck":["Defend_G","Defend_G","Defend_G","Defend_G","Survivor","Neutralize","Backflip","Apotheosis","Dash","Footwork","Quick Slash","Outmaneuver","Infinite Blades","Backflip","Burst","Blur","Dagger Spray","Blade Dance","Bite_G","Bite_G","Bite_G","Bite_G","Bite_G","Leg Sweep","J.A.X.","Backflip","Flechettes","Flash of Steel","Phantasmal Killer","Backflip","J.A.X.","Finesse","Well Laid Plans","Deflect","Sucker Punch","Caltrops","Madness","Madness","Backflip","Deflect","After Image"],"max_hp_per_floor":[70,70,70,70,70,70,70,70,70,70,70,70,70,70,70,70,70,70,49,49,49,49,49,49,49,49,49,49,49,49,49,49,49,49,49,49,49,49,49,49,49,49,49,49,49,49,49,49,49,49],"relics":["Calling Bell","Smiling Mask","Omamori","Old Coin","Matryoshka","Toxic Egg","Blue Candle","Girya","Vajra","Toolbox","Tough Bandages","Astrolabe","Oddly Smooth Stone","Bag of Marbles","Blood Vial","Philosopher\u0027s Stone","Gremlin Horn","Bird Faced Urn","Ancient Tea Set"],"campfire_meditates":0,"card_choices":[{"not_picked":["Eviscerate","PiercingWail"],"picked":"Backflip"},{"not_picked":["Outmaneuver","Bullet Time"],"picked":"Dash"},{"not_picked":["Deflect","Prepared"],"picked":"Footwork"},{"not_picked":["Poisoned Stab","Skewer"],"picked":"Quick Slash"},{"not_picked":["Dagger Throw","Quick Slash"],"picked":"Outmaneuver"},{"not_picked":["Riddle With Holes","Accuracy"],"picked":"Infinite Blades"},{"not_picked":["Heel Hook","Masterful Stab"],"picked":"Backflip"},{"not_picked":["Envenom","A Thousand Cuts"],"picked":"Burst"},{"not_picked":["Terror","Slice"],"picked":"Blade Dance"},{"not_picked":["Malaise","Flechettes"],"picked":"Leg Sweep"},{"not_picked":["Sucker Punch","Cloak And Dagger"],"picked":"Backflip"},{"not_picked":["PiercingWail","Choke"],"picked":"Flechettes"},{"not_picked":["Night Terror","Venomology"],"picked":"Phantasmal Killer"},{"not_picked":["Sucker Punch","Masterful Stab"],"picked":"Backflip"},{"not_picked":["Poisoned Stab","Acrobatics"],"picked":"Deflect"},{"not_picked":["Dagger Throw","Underhanded Strike"],"picked":"Sucker Punch"},{"not_picked":["Bouncing Flask","Sucker Punch"],"picked":"Caltrops"},{"not_picked":["Eviscerate","Prepared"],"picked":"Backflip"},{"not_picked":["Dodge and Roll","Well Laid Plans"],"picked":"Deflect"},{"not_picked":["Choke","Flying Knee"],"picked":"After Image"}],"player_experience":161352,"potions_floor_usage":[21,21,33,47,47,50,50],"damage_taken":[{"damage":0.0,"enemies":"Small Slimes","floor":1.0,"turns":4.0},{"damage":0.0,"enemies":"2 Louse","floor":5.0,"turns":3.0},{"damage":30.0,"enemies":"Gremlin Nob","floor":7.0,"turns":6.0},{"damage":0.0,"enemies":"Blue Slaver","floor":10.0,"turns":5.0},{"damage":3.0,"enemies":"Lots of Slimes","floor":11.0,"turns":5.0},{"damage":7.0,"enemies":"Lagavulin","floor":12.0,"turns":9.0},{"damage":2.0,"enemies":"Exordium Wildlife","floor":14.0,"turns":3.0},{"damage":8.0,"enemies":"Hexaghost","floor":16.0,"turns":12.0},{"damage":0.0,"enemies":"3 Byrds","floor":18.0,"turns":4.0},{"damage":16.0,"enemies":"Spheric Guardian","floor":20.0,"turns":5.0},{"damage":6,"enemies":"Slaver and Parasite","floor":21,"turns":10},{"damage":20,"enemies":"Gremlin Leader","floor":23,"turns":10},{"damage":17,"enemies":"Book of Stabbing","floor":25,"turns":8},{"damage":15,"enemies":"Sentry and Sphere","floor":27,"turns":5},{"damage":7,"enemies":"Centurion and Healer","floor":28,"turns":9},{"damage":18,"enemies":"Automaton","floor":33,"turns":9},{"damage":17,"enemies":"Orb Walker","floor":35,"turns":7},{"damage":0,"enemies":"3 Shapes","floor":38,"turns":7},{"damage":6,"enemies":"Giant Head","floor":41,"turns":7},{"damage":6,"enemies":"Maw","floor":42,"turns":7},{"damage":22,"enemies":"Nemesis","floor":44,"turns":7},{"damage":0,"enemies":"3 Darklings","floor":46,"turns":2},{"damage":19,"enemies":"4 Shapes","floor":47,"turns":4},{"damage":3,"enemies":"Maw","floor":48,"turns":7},{"damage":46,"enemies":"Time Eater","floor":50,"turns":9}],"event_choices":[{"event_name":"Liars Game","player_choice":"agreed","floor":2.0,"damage_taken":0.0},{"event_name":"Wheel of Change","player_choice":"Gold","floor":4.0,"damage_taken":0.0},{"event_name":"Vampires","player_choice":"Became a vampire","floor":19.0,"damage_taken":0.0},{"event_name":"Drug Dealer","player_choice":"Got JAXXED","floor":22,"damage_taken":0},{"event_name":"Beggar","player_choice":"Gave Gold","floor":30,"damage_taken":0},{"event_name":"Duplicator","player_choice":"One dupe","floor":36,"damage_taken":0},{"event_name":"Winding Halls","player_choice":"Embrace Madness","floor":45,"damage_taken":0}],"boss_relics":[{"not_picked":["White Beast Statue","Runic Dome"],"picked":"Philosopher\u0027s Stone"}],"potions_floor_spawned":[7,11,14,20,23,28,38,41,42,47,48],"seed_played":"-6145996556396750720","is_trial":false}