{"gold_per_floor":[118,131,145,145,145,145,183,183,183,218,218,236,249,287,287,287],"floor_reached":16,"playtime":1358,"items_purged":[],"score":150,"play_id":"a1fb0852-0811-4092-8381-42bc49bfd94a","local_time":"20181126201313","is_ascension_mode":true,"campfire_choices":[{"floor":6,"key":"REST"},{"floor":8,"key":"REST"},{"floor":11,"key":"REST"},{"floor":15,"key":"REST"}],"neow_cost":"PERCENT_DAMAGE","seed_source_timestamp":10014644344610,"circlet_count":0,"master_deck":["Defend_G","Defend_G","Defend_G","Defend_G","Defend_G","Strike_G","Strike_G","Strike_G","Strike_G","Survivor","Neutralize","Well Laid Plans","Leg Sweep","Dagger Throw","Dash","Bouncing Flask","PiercingWail","Blade Dance","Cloak And Dagger"],"relics":["Ring of the Snake","Nunchaku","Golden Idol","Turnip","Mummified Hand","Strawberry"],"potions_floor_usage":[10,14,16],"damage_taken":[{"damage":0,"enemies":"Cultist","floor":1,"turns":4},{"damage":0,"enemies":"Small Slimes","floor":2,"turns":3},{"damage":0,"enemies":"Jaw Worm","floor":3,"turns":5},{"damage":26,"enemies":"3 Sentries","floor":7,"turns":14},{"damage":28,"enemies":"Gremlin Nob","floor":10,"turns":6},{"damage":0,"enemies":"2 Fungi Beasts","floor":12,"turns":4},{"damage":1,"enemies":"Blue Slaver","floor":13,"turns":4},{"damage":20,"enemies":"3 Sentries","floor":14,"turns":9},{"damage":62,"enemies":"Slime Boss","floor":16,"turns":15}],"seed_played":"3684550446456800001","potions_obtained":[{"floor":7,"key":"Block Potion"},{"floor":10,"key":"SteroidPotion"},{"floor":12,"key":"SkillPotion"}],"is_trial":false,"path_per_floor":["M","M","M","?","?","R","E","R","T","E","R","M","M","E","R","B"],"character_chosen":"THE_SILENT","items_purchased":[],"campfire_rested":4,"item_purchase_floors":[],"current_hp_per_floor":[49,49,49,49,49,65,39,58,58,30,49,49,48,35,56,0],"gold":287,"neow_bonus":"ONE_RARE_RELIC","is_prod":false,"is_daily":false,"chose_seed":false,"campfire_upgraded":0,"win_rate":0,"timestamp":1543284793,"path_taken":["M","M","M","?","?","R","E","R","T","E","R","?","?","E","R","BOSS"],"build_version":"2018-11-15","purchased_purges":0,"victory":false,"max_hp_per_floor":[70,70,70,65,65,65,65,65,65,65,65,65,65,72,72,72],"card_choices":[{"not_picked":["Bane","Blade Dance"],"picked":"Well Laid Plans","floor":1},{"not_picked":["Dagger Throw","Quick Slash"],"picked":"Leg Sweep","floor":2},{"not_picked":["Masterful Stab","Riddle With Holes"],"picked":"Dagger Throw","floor":3},{"not_picked":["Dodge and Roll","Reflex"],"picked":"Dash","floor":7},{"not_picked":["Underhanded Strike","Outmaneuver"],"picked":"Bouncing Flask","floor":10},{"not_picked":["Terror","Sucker Punch"],"picked":"PiercingWail","floor":12},{"not_picked":["Expertise","Outmaneuver"],"picked":"Blade Dance","floor":13},{"not_picked":["Flechettes","Bane"],"picked":"Cloak And Dagger","floor":14}],"player_experience":235284,"relics_obtained":[{"floor":7,"key":"Turnip"},{"floor":10,"key":"Mummified Hand"},{"floor":14,"key":"Strawberry"}],"event_choices":[{"damage_healed":0,"gold_gain":0,"player_choice":"Lose Max HP","damage_taken":0,"relics_obtained":["Golden Idol"],"max_hp_gain":0,"max_hp_loss":5,"event_name":"Golden Idol","floor":4,"gold_loss":0},{"cards_removed":["Strike_G"],"damage_healed":0,"gold_gain":0,"player_choice":"Purged","damage_taken":0,"max_hp_gain":0,"max_hp_loss":0,"event_name":"Purifier","floor":5,"gold_loss":0}],"is_beta":false,"boss_relics":[],"items_purged_floors":[],"is_endless":false,"potions_floor_spawned":[7,10,12],"killed_by":"Slime Boss","ascension_level":5}