{"gold_per_floor":[113,388,285,302,312,63,93,104,127,127,146,71,82,95,95,168,168,186,186,196,196,196],"floor_reached":22,"playtime":1036,"items_purged":["Regret","Strike_B"],"score":367,"play_id":"ccd37c67-adff-46f4-93af-52ea1ab58853","local_time":"20190305212114","is_ascension_mode":true,"campfire_choices":[{"data":"Zap","floor":10,"key":"SMITH"},{"floor":15,"key":"REST"}],"neow_cost":"NONE","seed_source_timestamp":1634019839861978,"circlet_count":0,"master_deck":["AscendersBane","Strike_B","Strike_B","Defend_B","Defend_B","Defend_B","Defend_B","Zap+1","Dualcast","Thunder Strike","Doom and Gloom","Coolheaded","Conserve Battery","Sweeping Beam","Chill","Cold Snap","Go for the Eyes","Electrodynamics","Static Discharge","Defragment","Echo Form","Chill"],"relics":["Cracked Core","Art of War","Potion Belt","Sozu"],"potions_floor_usage":[7,16,22,22,22],"damage_taken":[{"damage":3,"enemies":"2 Louse","floor":1,"turns":3},{"damage":0,"enemies":"Cultist","floor":4,"turns":4},{"damage":0,"enemies":"Small Slimes","floor":5,"turns":2},{"damage":16,"enemies":"Lagavulin","floor":7,"turns":6},{"damage":2,"enemies":"Looter","floor":8,"turns":3},{"damage":0,"enemies":"3 Louse","floor":11,"turns":1},{"damage":0,"enemies":"Lots of Slimes","floor":13,"turns":2},{"damage":4,"enemies":"Blue Slaver","floor":14,"turns":4},{"damage":28,"enemies":"Slime Boss","floor":16,"turns":7},{"damage":19,"enemies":"Shell Parasite","floor":18,"turns":5},{"damage":28,"enemies":"2 Thieves","floor":20,"turns":4},{"damage":10,"enemies":"Colosseum Slavers","floor":21,"turns":3},{"damage":24,"enemies":"Shelled Parasite and Fungi","floor":22,"turns":1}],"seed_played":"-514622574727644214","potions_obtained":[{"floor":1,"key":"Poison Potion"},{"floor":5,"key":"Strength Potion"},{"floor":11,"key":"Dexterity Potion"},{"floor":13,"key":"Explosive Potion"},{"floor":16,"key":"LiquidBronze"}],"is_trial":false,"path_per_floor":["M","?","$","M","M","$","E","M","T","R","M","?","M","M","R","B",null,"M","?","M","?","M"],"character_chosen":"DEFECT","items_purchased":["Coolheaded","Chill","Cold Snap"],"campfire_rested":1,"item_purchase_floors":[3,6,6],"current_hp_per_floor":[61,61,61,61,61,61,45,43,43,43,43,43,43,39,60,32,61,42,42,14,4,0],"gold":196,"neow_bonus":"ONE_RANDOM_RARE_CARD","is_prod":false,"is_daily":false,"chose_seed":false,"campfire_upgraded":1,"win_rate":0,"timestamp":1551842474,"path_taken":["M","?","$","M","M","?","E","M","T","R","M","?","M","M","R","BOSS","M","?","M","?","M"],"build_version":"2019-01-23","purchased_purges":2,"victory":false,"max_hp_per_floor":[71,71,71,71,71,71,71,71,71,71,71,71,71,71,71,71,71,71,71,71,71,71],"card_choices":[{"not_picked":["Stack","Scrape"],"picked":"Doom and Gloom","floor":1},{"not_picked":["Go for the Eyes","Barrage"],"picked":"Conserve Battery","floor":4},{"not_picked":["Aggregate","Turbo"],"picked":"Sweeping Beam","floor":5},{"not_picked":["Reprogram","Beam Cell"],"picked":"Go for the Eyes","floor":7},{"not_picked":["Cold Snap","Rip and Tear"],"picked":"Electrodynamics","floor":8},{"not_picked":["Barrage","Tempest"],"picked":"Static Discharge","floor":11},{"not_picked":["Hello World","Barrage","Chaos"],"picked":"SKIP","floor":13},{"not_picked":["Genetic Algorithm","Blizzard"],"picked":"Defragment","floor":14},{"not_picked":["Rainbow","Electrodynamics"],"picked":"Echo Form","floor":16},{"not_picked":["Coolheaded","Cold Snap"],"picked":"Chill","floor":18},{"not_picked":["Gash+1","Go for the Eyes","Sweeping Beam"],"picked":"SKIP","floor":20}],"player_experience":570031,"relics_obtained":[{"floor":7,"key":"Art of War"},{"floor":9,"key":"Potion Belt"}],"event_choices":[{"damage_healed":0,"gold_gain":275,"player_choice":"Desecrate","damage_taken":0,"max_hp_gain":0,"max_hp_loss":0,"event_name":"Golden Shrine","floor":2,"gold_loss":0,"cards_obtained":["Regret"]},{"cards_removed":["Strike_B"],"damage_healed":0,"gold_gain":0,"player_choice":"Card Removal","damage_taken":0,"max_hp_gain":0,"max_hp_loss":0,"event_name":"The Cleric","floor":12,"gold_loss":75},{"damage_healed":0,"gold_gain":0,"player_choice":"Ignored","damage_taken":0,"max_hp_gain":0,"max_hp_loss":0,"event_name":"Ghosts","floor":19,"gold_loss":0},{"damage_healed":0,"gold_gain":0,"player_choice":"Fight","damage_taken":0,"max_hp_gain":0,"max_hp_loss":0,"event_name":"Colosseum","floor":21,"gold_loss":0},{"damage_healed":0,"gold_gain":0,"player_choice":"Fled From Nobs","damage_taken":0,"max_hp_gain":0,"max_hp_loss":0,"event_name":"Colosseum","floor":21,"gold_loss":0}],"is_beta":false,"boss_relics":[{"not_picked":["Lizard Tail","Nuclear Battery"],"picked":"Sozu"}],"items_purged_floors":[3,6],"is_endless":false,"potions_floor_spawned":[1,5,11,13,16,18,20],"killed_by":"Shelled Parasite and Fungi","ascension_level":19}