{"gold_per_floor":[115,115,215,56,66,66,76,101,101,101,127,127,145,160,160,160],"floor_reached":16,"playtime":663,"items_purged":[],"score":215,"play_id":"1ae4624c-c8d5-4776-a729-03bf3c31ce22","local_time":"20190305200140","is_ascension_mode":true,"campfire_choices":[{"data":"Predator","floor":6,"key":"SMITH"},{"floor":10,"key":"REST"},{"data":"Leg Sweep","floor":15,"key":"SMITH"}],"neow_cost":"NONE","seed_source_timestamp":570349395499375,"circlet_count":0,"master_deck":["AscendersBane","Defend_G","Defend_G","Defend_G","Defend_G","Defend_G","Strike_G","Strike_G","Strike_G","Strike_G","Strike_G","Survivor","Neutralize","Skewer","Predator+1","Well Laid Plans","Prepared","All Out Attack","Leg Sweep+1","Doppelganger","Dash+1"],"relics":["Ring of the Snake","Bag of Marbles","Du-Vu Doll","Molten Egg 2","The Specimen","Calipers"],"potions_floor_usage":[8,11,16],"damage_taken":[{"damage":11,"enemies":"Jaw Worm","floor":1,"turns":4},{"damage":0,"enemies":"2 Louse","floor":5,"turns":2},{"damage":0,"enemies":"Cultist","floor":7,"turns":2},{"damage":8,"enemies":"Gremlin Nob","floor":8,"turns":3},{"damage":3,"enemies":"3 Sentries","floor":11,"turns":7},{"damage":1,"enemies":"3 Louse","floor":13,"turns":4},{"damage":1,"enemies":"Lots of Slimes","floor":14,"turns":4},{"damage":53,"enemies":"Hexaghost","floor":16,"turns":14}],"seed_played":"3675511002631174649","potions_obtained":[{"floor":5,"key":"Poison Potion"},{"floor":8,"key":"Dexterity Potion"},{"floor":14,"key":"Energy Potion"}],"is_trial":false,"path_per_floor":["M","?","?","$","M","R","M","E","T","R","E","?","M","M","R","B"],"character_chosen":"THE_SILENT","items_purchased":["Predator","Well Laid Plans"],"campfire_rested":1,"item_purchase_floors":[4,4],"current_hp_per_floor":[48,43,43,43,43,43,43,35,35,54,51,51,50,49,49,0],"gold":160,"neow_bonus":"RANDOM_COMMON_RELIC","is_prod":false,"is_daily":false,"chose_seed":false,"campfire_upgraded":2,"win_rate":0,"timestamp":1551783700,"path_taken":["M","?","?","$","M","R","?","E","T","R","E","?","M","M","R","BOSS"],"build_version":"2019-01-23","purchased_purges":0,"victory":false,"max_hp_per_floor":[66,66,66,66,66,66,66,66,66,66,66,66,66,66,66,66],"card_choices":[{"not_picked":["Poisoned Stab","PiercingWail"],"picked":"Skewer","floor":1},{"not_picked":["Dodge and Roll","Eviscerate"],"picked":"Prepared","floor":5},{"not_picked":["Acrobatics","Sucker Punch"],"picked":"All Out Attack","floor":7},{"not_picked":["Acrobatics","Tactician"],"picked":"Leg Sweep","floor":8},{"not_picked":["Deflect","Dagger Throw+1"],"picked":"Doppelganger","floor":11},{"not_picked":["Escape Plan","Blade Dance"],"picked":"Dash+1","floor":13},{"not_picked":["Dagger Throw+1","Reflex","Sucker Punch+1"],"picked":"SKIP","floor":14}],"player_experience":627225,"relics_obtained":[{"floor":8,"key":"Molten Egg 2"},{"floor":9,"key":"The Specimen"},{"floor":11,"key":"Calipers"}],"event_choices":[{"damage_healed":0,"gold_gain":0,"player_choice":"Success","damage_taken":5,"relics_obtained":["Du-Vu Doll"],"max_hp_gain":0,"max_hp_loss":0,"event_name":"Scrap Ooze","floor":2,"gold_loss":0},{"damage_healed":0,"gold_gain":100,"player_choice":"Gold","damage_taken":0,"max_hp_gain":0,"max_hp_loss":0,"event_name":"Wheel of Change","floor":3,"gold_loss":0},{"damage_healed":0,"gold_gain":0,"player_choice":"Leave","damage_taken":0,"max_hp_gain":0,"max_hp_loss":0,"event_name":"FaceTrader","floor":12,"gold_loss":0}],"is_beta":false,"boss_relics":[],"items_purged_floors":[],"is_endless":false,"potions_floor_spawned":[5,8,14],"killed_by":"Hexaghost","ascension_level":19}