{"gold_per_floor":[110,123,123,138,63,106,126,149,201,201,201,201,201],"floor_reached":13,"playtime":819,"items_purged":["Defend_B"],"score":85,"play_id":"9b65b128-5176-48cd-8d8b-327eb04cd7f6","local_time":"20180731191113","is_ascension_mode":false,"campfire_choices":[{"floor":11,"key":"REST"}],"neow_cost":"","seed_source_timestamp":267122775562733,"circlet_count":0,"master_deck":["Strike_B","Strike_B","Strike_B","Defend_B","Defend_B","Defend_B","Zap","Dualcast","FTL","Conserve Battery","Coolheaded","Fusion","Genetic Algorithm","Leap"],"relics":["Cracked Core","Golden Idol","Lantern","Oddly Smooth Stone","CultistMask"],"potions_floor_usage":[8,8,8],"damage_taken":[{"damage":2,"enemies":"Small Slimes","floor":1,"turns":3},{"damage":6,"enemies":"Jaw Worm","floor":2,"turns":2},{"damage":0,"enemies":"Cultist","floor":4,"turns":2},{"damage":11,"enemies":"3 Sentries","floor":6,"turns":9},{"damage":0,"enemies":"Large Slime","floor":7,"turns":6},{"damage":13,"enemies":"Exordium Thugs","floor":8,"turns":5},{"damage":63,"enemies":"Gremlin Nob","floor":13,"turns":5}],"seed_played":"-6772465686654876882","potions_obtained":[{"floor":1,"key":"Explosive Potion"},{"floor":4,"key":"Poison Potion"},{"floor":6,"key":"Poison Potion"}],"is_trial":false,"path_per_floor":["M","M","?","M","$","E","M","M","T","?","R","?"],"character_chosen":"DEFECT","items_purchased":[],"campfire_rested":1,"item_purchase_floors":[],"current_hp_per_floor":[73,67,49,49,49,38,38,25,25,25,47,40,0],"gold":201,"neow_bonus":"","is_prod":false,"is_daily":false,"chose_seed":false,"campfire_upgraded":0,"win_rate":0,"timestamp":1533078673,"path_taken":["M","M","?","M","?","E","M","M","T","?","R","?","E"],"build_version":"2018-07-26","purchased_purges":1,"victory":false,"max_hp_per_floor":[75,75,75,75,75,75,75,75,75,75,75,75,75],"card_choices":[{"not_picked":["Glacier","Streamline"],"picked":"FTL","floor":1},{"not_picked":["Compile Driver","Cold Snap"],"picked":"Conserve Battery","floor":2},{"not_picked":["Scrape","Melter"],"picked":"Coolheaded","floor":4},{"not_picked":["Stack","Skim"],"picked":"Fusion","floor":6},{"not_picked":["Steam","Recycle"],"picked":"Genetic Algorithm","floor":7},{"not_picked":["Fusion","Steam"],"picked":"Leap","floor":8}],"player_experience":681839,"relics_obtained":[{"floor":6,"key":"Lantern"},{"floor":9,"key":"Oddly Smooth Stone"}],"event_choices":[{"event_name":"Golden Idol","player_choice":"Take Damage","floor":3,"damage_taken":0},{"event_name":"FaceTrader","player_choice":"Trade","floor":10,"damage_taken":0},{"event_name":"Golden Wing","player_choice":"Card Removal","floor":12,"damage_taken":0}],"is_beta":false,"boss_relics":[],"items_purged_floors":[5],"is_endless":false,"potions_floor_spawned":[1,4,6],"killed_by":"Gremlin Nob","ascension_level":0}