{"gold_per_floor":[17,35,52,66,241,241,269,269,293,293,105,123,139,150,150,150],"floor_reached":16,"playtime":844,"items_purged":["Pain"],"score":197,"play_id":"c86e235e-0271-4ace-bc96-03746a8f90d0","local_time":"20190123202211","is_ascension_mode":true,"campfire_choices":[{"data":"Bash","floor":6.0,"key":"SMITH"},{"data":"True Grit","floor":8.0,"key":"SMITH"},{"data":"Uppercut","floor":15,"key":"SMITH"}],"neow_cost":"NO_GOLD","seed_source_timestamp":0,"circlet_count":0,"master_deck":["AscendersBane","Strike_R","Strike_R","Strike_R","Strike_R","Strike_R","Defend_R","Defend_R","Defend_R","Defend_R","Bash+1","Power Through","True Grit+1","Disarm","Doubt","Inflame","Uppercut+1","Shrug It Off","Pommel Strike"],"special_seed":0,"relics":["Burning Blood","Bag of Marbles","Bronze Scales","WarpedTongs"],"potions_floor_usage":[16,16],"damage_taken":[{"damage":1.0,"enemies":"Cultist","floor":1.0,"turns":3.0},{"damage":8.0,"enemies":"2 Louse","floor":2.0,"turns":3.0},{"damage":2.0,"enemies":"Jaw Worm","floor":3.0,"turns":4.0},{"damage":44.0,"enemies":"Gremlin Gang","floor":4.0,"turns":10.0},{"damage":35.0,"enemies":"Lagavulin","floor":7.0,"turns":9.0},{"damage":7.0,"enemies":"3 Louse","floor":12.0,"turns":4.0},{"damage":7.0,"enemies":"Exordium Wildlife","floor":13.0,"turns":6.0},{"damage":0,"enemies":"Looter","floor":14,"turns":4},{"damage":32,"enemies":"Slime Boss","floor":16,"turns":8}],"seed_played":"843292221413678211","potions_obtained":[{"floor":3.0,"key":"Strength Potion"},{"floor":4.0,"key":"SkillPotion"},{"floor":13.0,"key":"SteroidPotion"},{"floor":14,"key":"Energy Potion"}],"is_trial":false,"path_per_floor":["M","M","M","M","?","R","E","R","T","?","$","M","M","M","R","B"],"character_chosen":"IRONCLAD","items_purchased":["Uppercut","Shrug It Off"],"campfire_rested":0,"item_purchase_floors":[11,11],"current_hp_per_floor":[93,91,95,57,57,57,28,28,28,28,28,27,26,32,32,0],"gold":150,"neow_bonus":"TWENTY_PERCENT_HP_BONUS","is_prod":false,"is_daily":false,"chose_seed":false,"campfire_upgraded":3,"win_rate":0,"timestamp":1548296531,"path_taken":["M","?","M","M","?","R","E","R","T","?","$","M","M","?","R","BOSS"],"build_version":"2019-01-23","purchased_purges":1,"victory":false,"max_hp_per_floor":[96,96,96,96,96,96,96,96,96,96,96,96,96,96,96,96],"card_choices":[{"not_picked":["Thunderclap","Entrench","Warcry"],"picked":"SKIP","floor":1.0},{"not_picked":["Perfected Strike","Dual Wield"],"picked":"Power Through","floor":2.0},{"not_picked":["Havoc","Fire Breathing"],"picked":"True Grit","floor":3.0},{"not_picked":["Heavy Blade","Searing Blow"],"picked":"Disarm","floor":4.0},{"not_picked":["Rupture","Dual Wield"],"picked":"Inflame","floor":7.0},{"not_picked":["True Grit","Brutality","Bloodletting"],"picked":"SKIP","floor":12.0},{"not_picked":["Clash","Dropkick","Hemokinesis"],"picked":"SKIP","floor":13.0},{"not_picked":["Anger","Warcry"],"picked":"Pommel Strike","floor":14}],"player_experience":461540,"relics_obtained":[{"floor":7.0,"key":"Bag of Marbles"},{"floor":9.0,"key":"Bronze Scales"}],"event_choices":[{"damage_healed":0.0,"max_hp_gain":0.0,"max_hp_loss":0.0,"gold_gain":175.0,"event_name":"Liars Game","player_choice":"AGREE","floor":5.0,"gold_loss":0.0,"damage_taken":0.0,"cards_obtained":["Doubt"]},{"damage_healed":0.0,"max_hp_gain":0.0,"max_hp_loss":0.0,"gold_gain":0.0,"event_name":"Accursed Blacksmith","player_choice":"Rummage","floor":10.0,"gold_loss":0.0,"damage_taken":0.0,"relics_obtained":["WarpedTongs"],"cards_obtained":["Pain"]}],"is_beta":false,"boss_relics":[],"items_purged_floors":[11],"is_endless":false,"potions_floor_spawned":[3,4,13,14],"killed_by":"Slime Boss","ascension_level":13}