{"gold_per_floor":[115,130,130,141,160,160,194,194,244,244,47,61,96,111,111,214,214,231],"floor_reached":18,"playtime":1111,"items_purged":[],"score":200,"play_id":"ee73abb2-2a48-41d4-a898-201269f4b678","local_time":"20190309012903","is_ascension_mode":true,"campfire_choices":[{"data":"Zap","floor":6,"key":"SMITH"},{"data":"Beam Cell","floor":8,"key":"SMITH"},{"data":"Defend_B","floor":10,"key":"SMITH"},{"floor":15,"key":"REST"}],"neow_cost":"NONE","seed_source_timestamp":15923661106016,"circlet_count":0,"master_deck":["Strike_B","Strike_B","Strike_B","Defend_B","Defend_B","Defend_B","Defend_B+1","Zap+1","Dualcast","Beam Cell+1","Cold Snap","Ball Lightning","Compile Driver","Leap","Genetic Algorithm","Go for the Eyes","Reinforced Body","Biased Cognition"],"relics":["Cracked Core","Letter Opener","Pen Nib","Runic Capacitor","Bag of Preparation","Velvet Choker"],"potions_floor_usage":[],"damage_taken":[{"damage":4,"enemies":"Jaw Worm","floor":1,"turns":3},{"damage":0,"enemies":"Cultist","floor":2,"turns":2},{"damage":0,"enemies":"Small Slimes","floor":4,"turns":2},{"damage":8,"enemies":"Exordium Wildlife","floor":5,"turns":3},{"damage":22,"enemies":"3 Sentries","floor":7,"turns":6},{"damage":8,"enemies":"Gremlin Gang","floor":12,"turns":4},{"damage":13,"enemies":"Lagavulin","floor":13,"turns":6},{"damage":8,"enemies":"3 Louse","floor":14,"turns":2},{"damage":7,"enemies":"Hexaghost","floor":16,"turns":10},{"damage":0,"enemies":"Shell Parasite","floor":18,"turns":5}],"seed_played":"8769375488290492877","potions_obtained":[{"floor":0,"key":"Explosive Potion"},{"floor":0,"key":"Weak Potion"},{"floor":0,"key":"Poison Potion"},{"floor":5,"key":"Explosive Potion"},{"floor":13,"key":"Regen Potion"}],"is_trial":false,"path_per_floor":["M","M","?","M","M","R","E","R","T","R","$","M","E","M","R","B",null,"M"],"character_chosen":"DEFECT","items_purchased":["Runic Capacitor"],"campfire_rested":1,"item_purchase_floors":[11],"current_hp_per_floor":[71,71,71,71,63,63,41,41,41,41,41,33,20,12,34,27,75,75],"gold":231,"neow_bonus":"THREE_SMALL_POTIONS","is_prod":false,"is_daily":false,"chose_seed":false,"campfire_upgraded":3,"win_rate":0,"timestamp":1552087743,"path_taken":["M","M","?","?","M","R","E","R","T","R","?","M","E","M","R","BOSS","M"],"build_version":"2019-01-23","purchased_purges":0,"victory":false,"max_hp_per_floor":[75,75,75,75,75,75,75,75,75,75,75,75,75,75,75,75,75,75],"card_choices":[{"not_picked":["Tempest","Turbo"],"picked":"Beam Cell","floor":1},{"not_picked":["Skim","Gash"],"picked":"Cold Snap","floor":2},{"not_picked":["Turbo","Sweeping Beam"],"picked":"Compile Driver","floor":4},{"not_picked":["Stack","Scrape","Compile Driver"],"picked":"SKIP","floor":5},{"not_picked":["White Noise","Buffer"],"picked":"Leap","floor":7},{"not_picked":["Hologram","Hello World"],"picked":"Genetic Algorithm","floor":12},{"not_picked":["Double Energy","Conserve Battery"],"picked":"Go for the Eyes","floor":13},{"not_picked":["Turbo","Heatsinks"],"picked":"Reinforced Body","floor":14},{"not_picked":["Core Surge","Hyperbeam"],"picked":"Biased Cognition","floor":16}],"player_experience":711099,"relics_obtained":[{"floor":7,"key":"Letter Opener"},{"floor":9,"key":"Pen Nib"},{"floor":13,"key":"Bag of Preparation"}],"event_choices":[{"damage_healed":0,"gold_gain":0,"cards_transformed":["Strike_B"],"player_choice":"Transformed","damage_taken":0,"max_hp_gain":0,"max_hp_loss":0,"event_name":"Transmorgrifier","floor":3,"gold_loss":0,"cards_obtained":["Ball Lightning"]}],"is_beta":false,"boss_relics":[{"not_picked":["Snecko Eye","Eternal Feather"],"picked":"Velvet Choker"}],"items_purged_floors":[],"is_endless":false,"potions_floor_spawned":[5,7,13,14],"killed_by":"Shell Parasite","ascension_level":3}