{"path_per_floor":["M","?","?","$","M","R","?","M","T","R","?","R","M","M","R","B",null,"M","M","M","$","M","R","E","R","T","M","M","M"],"character_chosen":"DEFECT","items_purchased":["Turbo","Skim","Doom and Gloom","Reboot"],"gold_per_floor":[115,290,290,32,46,46,46,61,87,87,142,142,153,166,166,267,267,277,291,302,122,135,135,161,161,234,249,259,279,279],"floor_reached":30,"campfire_rested":0,"playtime":1437,"current_hp_per_floor":[73,73,73,73,73,73,73,67,67,67,34,34,30,30,30,6,75,68,66,66,66,58,58,29,29,39,28,21,14,0],"items_purged":["Strike_B","Strike_B"],"gold":279,"score":244,"play_id":"afc6125d-979f-493f-a74b-b81997dd6333","local_time":"20180511181551","is_prod":false,"is_daily":false,"chose_seed":false,"is_ascension_mode":false,"campfire_upgraded":6,"timestamp":1526076951,"path_taken":["M","?","?","$","M","R","?","M","T","R","?","R","?","M","R","BOSS","M","?","M","$","M","R","E","R","T","M","M","M","M"],"build_version":"2018-05-10","seed_source_timestamp":218774889493772,"purchased_purges":2,"victory":false,"master_deck":["Strike_B","Defend_B","Defend_B","Defend_B","Defend_B","Zap+1","Dualcast+1","Go for the Eyes+1","Turbo+1","Skim+1","Doom and Gloom","Hello World","Darkness+1","Go for the Eyes+1","Streamline+1","Fission","Hologram+1","Beam Cell+1","Melter+1","Reboot","Stack+1","Double Energy","Axe Kick+1","Recycle+1","All For One+1"],"max_hp_per_floor":[75,75,75,75,75,75,75,75,75,75,75,75,75,75,75,75,75,75,75,75,75,75,75,75,75,85,85,85,85,85],"relics":["Cracked Core","Art of War","Vajra","Molten Egg 2","Runic Dome","Ginger","Pear"],"card_choices":[{"not_picked":["Cold Snap","Scrape"],"picked":"Go for the Eyes","floor":1},{"not_picked":["Stack","Coolheaded"],"picked":"Hello World","floor":5},{"not_picked":["Leap","Rebound"],"picked":"Darkness","floor":11},{"not_picked":["Undo","Rebound"],"picked":"Go for the Eyes","floor":13},{"not_picked":["Double Energy","Hologram"],"picked":"Streamline","floor":14},{"not_picked":["Biased Cognition","Multi-Cast"],"picked":"Fission","floor":16},{"not_picked":["Stack","Barrage"],"picked":"Hologram","floor":18},{"not_picked":["Rebound","Conserve Battery"],"picked":"Beam Cell","floor":19},{"not_picked":["Capacitor","Steam"],"picked":"Melter","floor":20},{"not_picked":["Storm","Blizzard"],"picked":"Stack","floor":22},{"not_picked":["Ball Lightning","Beam Cell"],"picked":"Double Energy","floor":24},{"not_picked":["Darkness","Beam Cell"],"picked":"Axe Kick","floor":27},{"not_picked":["Static Discharge","Stack"],"picked":"Recycle","floor":28},{"not_picked":["Chill","Turbo"],"picked":"All For One","floor":29}],"player_experience":105424,"potions_floor_usage":[18,29,30,30],"damage_taken":[{"damage":2,"enemies":"2 Louse","floor":1,"turns":2},{"damage":0,"enemies":"Small Slimes","floor":5,"turns":2},{"damage":6,"enemies":"Jaw Worm","floor":8,"turns":2},{"damage":33,"enemies":"Gremlin Nob","floor":11,"turns":5},{"damage":4,"enemies":"3 Louse","floor":13,"turns":2},{"damage":0,"enemies":"Large Slime","floor":14,"turns":3},{"damage":24,"enemies":"The Guardian","floor":16,"turns":8},{"damage":7,"enemies":"2 Thieves","floor":18,"turns":3},{"damage":2,"enemies":"Shell Parasite","floor":19,"turns":3},{"damage":0,"enemies":"Centurion and Healer","floor":20,"turns":3},{"damage":8,"enemies":"Snecko","floor":22,"turns":3},{"damage":29,"enemies":"Book of Stabbing","floor":24,"turns":5},{"damage":11,"enemies":"Snake Plant","floor":27,"turns":3},{"damage":7,"enemies":"Sentry and Sphere","floor":28,"turns":3},{"damage":7,"enemies":"Slaver and Parasite","floor":29,"turns":2},{"damage":29,"enemies":"Snecko","floor":30,"turns":4}],"event_choices":[{"event_name":"Liars Game","player_choice":"agreed","floor":2,"damage_taken":0},{"event_name":"Living Wall","player_choice":"Forget","floor":3,"damage_taken":0},{"event_name":"Bonfire Elementals","player_choice":"BASIC","floor":7,"damage_taken":0},{"event_name":"Dead Adventurer","player_choice":"Searched \u00272\u0027 times","floor":11,"damage_taken":0}],"boss_relics":[{"not_picked":["Black Star","Pandora\u0027s Box"],"picked":"Runic Dome"}],"potions_floor_spawned":[8,14,16,20,24,27,28,29],"seed_played":"5230090403305567749","killed_by":"Snecko","ascension_level":0,"is_trial":false}