{"path_per_floor":["M","?","$","M","M","R","?","R","T","M","M","E","M","M","R","B",null,"M","$","?","$","M","E","R","$","T","E","R","?","T","?","R","B",null,"M","M","?","?","?","R","M","R","T","R","?","$","M","M","R","B"],"character_chosen":"THE_SILENT","items_purchased":["Caltrops","Singing Bowl","Terror","Flash of Steel","Glass Knife","Infinite Blades"],"gold_per_floor":[119,119,4,15,35,35,35,35,114,134,144,179,189,202,202,305,305,318,193,193,57,73,104,104,24,24,51,51,51,97,97,97,192,192,209,224,224,273,273,273,286,286,286,286,286,20,37,48,48,48],"floor_reached":51,"campfire_rested":2,"playtime":3109,"current_hp_per_floor":[67,67,67,67,62,62,55,55,55,50,49,42,42,39,39,29,70,64,64,51,51,46,29,51,51,51,45,45,45,45,45,45,38,75,75,75,75,77,79,79,79,79,79,79,69,69,46,46,71,40],"items_purged":["Strike_G","Strike_G","Strike_G"],"gold":48,"score":683,"play_id":"9c713a23-edb0-4299-b679-09ac270e159c","local_time":"20180511135725","is_prod":false,"is_daily":false,"chose_seed":false,"is_ascension_mode":false,"campfire_upgraded":8,"timestamp":1526061445,"path_taken":["M","?","$","M","M","R","?","R","T","M","M","E","M","M","R","BOSS","M","$","?","$","?","E","R","$","T","E","R","?","?","?","R","BOSS","M","?","?","?","?","R","M","R","T","R","?","?","M","M","R","BOSS"],"build_version":"2018-05-10","seed_source_timestamp":201602651694359,"purchased_purges":4,"victory":true,"master_deck":["Defend_G+1","Defend_G+1","Defend_G+1","Defend_G+1","Defend_G+1","Strike_G+1","Survivor","Neutralize+1","Finisher","Prepared","Caltrops+1","Backflip","Sucker Punch+1","Malaise","Quick Slash","Malaise+1","Dagger Throw+1","Flying Knee+1","Glass Knife+1","Terror+1","Flash of Steel+1","Well Laid Plans+1","Infinite Blades+1","Footwork+1","Glass Knife+1","A Thousand Cuts+1","Accuracy+1","Choke+1","Madness","Madness","Glass Knife+1","Infinite Blades"],"max_hp_per_floor":[70,70,70,70,70,70,70,70,70,70,70,70,70,70,70,70,70,70,70,75,75,75,75,75,75,75,75,75,75,75,75,75,75,75,77,77,77,79,81,81,81,81,81,81,81,81,83,85,85,85],"relics":["Lizard Tail","Orichalcum","The Courier","Molten Egg 2","Sozu","Singing Bowl","Kunai","Ninja Scroll","Bottled Lightning","Bag of Marbles","Cursed Key","Ice Cream"],"card_choices":[{"not_picked":["Distraction","Expertise"],"picked":"Finisher","floor":1},{"not_picked":["Dagger Spray","Slice"],"picked":"Backflip","floor":4},{"not_picked":["Bane","Prepared"],"picked":"Sucker Punch","floor":5},{"not_picked":["Outmaneuver","All Out Attack"],"picked":"Malaise","floor":10},{"not_picked":["Sucker Punch","PiercingWail"],"picked":"Quick Slash","floor":11},{"not_picked":["Deflect","Quick Slash"],"picked":"Malaise","floor":12},{"not_picked":["Backflip","Prepared"],"picked":"Dagger Throw","floor":13},{"not_picked":["Reflex","Deflect"],"picked":"Flying Knee","floor":14},{"not_picked":["After Image","Doppelganger"],"picked":"Glass Knife","floor":16},{"not_picked":["Dodge and Roll","Dash"],"picked":"Well Laid Plans","floor":22},{"not_picked":["Outmaneuver","PiercingWail"],"picked":"Infinite Blades","floor":23},{"not_picked":["Heel Hook","Masterful Stab"],"picked":"Footwork","floor":27},{"not_picked":["Venomology","After Image"],"picked":"A Thousand Cuts","floor":33},{"not_picked":["Slice","Flying Knee"],"picked":"Accuracy","floor":36},{"not_picked":["Crippling Poison","PiercingWail"],"picked":"Choke","floor":41}],"player_experience":88566,"potions_floor_usage":[12,14,16,47],"damage_taken":[{"damage":3,"enemies":"Jaw Worm","floor":1,"turns":6},{"damage":0,"enemies":"Cultist","floor":4,"turns":4},{"damage":5,"enemies":"Small Slimes","floor":5,"turns":5},{"damage":5,"enemies":"2 Fungi Beasts","floor":10,"turns":5},{"damage":1,"enemies":"Large Slime","floor":11,"turns":6},{"damage":7,"enemies":"3 Sentries","floor":12,"turns":9},{"damage":0,"enemies":"3 Louse","floor":13,"turns":6},{"damage":3,"enemies":"Gremlin Gang","floor":14,"turns":4},{"damage":10,"enemies":"Slime Boss","floor":16,"turns":9},{"damage":6,"enemies":"Shell Parasite","floor":18,"turns":5},{"damage":5,"enemies":"Chosen","floor":22,"turns":6},{"damage":17,"enemies":"Slavers","floor":23,"turns":6},{"damage":6,"enemies":"Gremlin Leader","floor":27,"turns":6},{"damage":7,"enemies":"Champ","floor":33,"turns":11},{"damage":2,"enemies":"3 Darklings","floor":35,"turns":4},{"damage":0,"enemies":"Flame Bruiser 1 Orb","floor":36,"turns":5},{"damage":0,"enemies":"Mysterious Sphere","floor":38,"turns":4},{"damage":0,"enemies":"4 Shapes","floor":41,"turns":5},{"damage":25,"enemies":"Flame Bruiser 2 Orb","floor":47,"turns":3},{"damage":2,"enemies":"Spire Growth","floor":48,"turns":4},{"damage":31,"enemies":"Awakened One","floor":50,"turns":11}],"event_choices":[{"event_name":"Transmorgrifier","player_choice":"Transform","floor":2,"damage_taken":0},{"event_name":"Scrap Ooze","player_choice":"success","floor":7,"damage_taken":7},{"event_name":"Forgotten Altar","player_choice":"Shed Blood","floor":20,"damage_taken":0},{"event_name":"Back to Basics","player_choice":"Simplicity","floor":29,"damage_taken":0},{"event_name":"Match and Keep!","player_choice":"1 cards matched","floor":31,"damage_taken":0},{"event_name":"SecretPortal","player_choice":"Rejected Portal.","floor":37,"damage_taken":0},{"event_name":"Mysterious Sphere","player_choice":"Fight","floor":38,"damage_taken":0},{"event_name":"SensoryStone","player_choice":"Memory 1","floor":39,"damage_taken":0},{"event_name":"Winding Halls","player_choice":"Embrace Madness","floor":45,"damage_taken":0}],"boss_relics":[{"not_picked":["Tiny House","Ectoplasm"],"picked":"Sozu"},{"not_picked":["Eternal Feather","Runic Dome"],"picked":"Cursed Key"}],"potions_floor_spawned":[1,5,10,14,22,33,35,38,41],"seed_played":"-7757626694213673816","ascension_level":0,"is_trial":false}