{"gold_per_floor":[115,134,409,409,409,409,67,90,116,130,203,153,153,174,174,302,302,322,322,307,325,12,12],"floor_reached":23,"playtime":1433,"items_purged":["Defend_R","Strike_R"],"score":201,"play_id":"142b01ff-4248-4555-9df0-be431248b71a","local_time":"20181022201639","is_ascension_mode":true,"campfire_choices":[{"data":"Strike_R","floor":6,"key":"SMITH"},{"data":"Body Slam","floor":15,"key":"SMITH"}],"neow_cost":"NONE","seed_source_timestamp":271169070799986,"circlet_count":0,"master_deck":["Strike_R+1","Strike_R","Strike_R","Strike_R","Defend_R","Defend_R","Defend_R","Bash","Battle Trance","Iron Wave","Body Slam+1","Flame Barrier","Barricade","Corruption","Limit Break"],"relics":["Burning Blood","Golden Idol","Ornamental Fan","Ancient Tea Set","Tiny Chest","Dodecahedron","Coffee Dripper","Sundial"],"potions_floor_usage":[16],"damage_taken":[{"damage":1,"enemies":"Jaw Worm","floor":1,"turns":3},{"damage":1,"enemies":"Cultist","floor":2,"turns":3},{"damage":3,"enemies":"Small Slimes","floor":8,"turns":4},{"damage":13,"enemies":"2 Fungi Beasts","floor":10,"turns":6},{"damage":17,"enemies":"Gremlin Nob","floor":11,"turns":5},{"damage":2,"enemies":"Blue Slaver","floor":14,"turns":4},{"damage":55,"enemies":"The Guardian","floor":16,"turns":16},{"damage":28,"enemies":"Spheric Guardian","floor":18,"turns":6},{"damage":15,"enemies":"2 Thieves","floor":20,"turns":4},{"damage":26,"enemies":"Snake Plant","floor":21,"turns":7},{"damage":50,"enemies":"Slavers","floor":23,"turns":3}],"seed_played":"-7664729843879246616","potions_obtained":[{"floor":1,"key":"SpeedPotion"},{"floor":10,"key":"SpeedPotion"},{"floor":16,"key":"SpeedPotion"},{"floor":20,"key":"FearPotion"},{"floor":21,"key":"BloodPotion"}],"is_trial":false,"path_per_floor":["M","M","?","?","?","R","$","M","T","M","E","?","T","M","R","B",null,"M","T","M","M","$"],"character_chosen":"IRONCLAD","items_purchased":["Body Slam","Ornamental Fan","Corruption","Limit Break"],"campfire_rested":0,"item_purchase_floors":[7,7,22,22],"current_hp_per_floor":[88,88,88,93,70,70,70,73,73,66,55,55,55,59,59,10,93,71,71,62,42,42,0],"gold":12,"neow_bonus":"TEN_PERCENT_HP_BONUS","is_prod":false,"is_daily":false,"chose_seed":false,"campfire_upgraded":2,"win_rate":0,"timestamp":1540253799,"path_taken":["M","M","?","?","?","R","$","M","T","?","E","?","?","M","R","BOSS","M","?","M","M","$","E"],"build_version":"2018-10-18","purchased_purges":2,"victory":false,"max_hp_per_floor":[88,88,88,93,93,93,93,93,93,93,93,93,93,93,93,93,93,93,93,93,93,93,93],"card_choices":[{"not_picked":["Pommel Strike","Spot Weakness"],"picked":"Battle Trance","floor":1},{"not_picked":["Perfected Strike","Second Wind"],"picked":"Iron Wave","floor":2},{"not_picked":["Perfected Strike","Anger"],"picked":"Flame Barrier","floor":8},{"not_picked":["Clothesline","Evolve","Flex"],"picked":"SKIP","floor":10},{"not_picked":["Wild Strike","Infernal Blade","Clash"],"picked":"SKIP","floor":11},{"not_picked":["Heavy Blade","Power Through","Twin Strike"],"picked":"SKIP","floor":14},{"not_picked":["Bludgeon","Juggernaut"],"picked":"Barricade","floor":16},{"not_picked":["Headbutt","Perfected Strike+1","Infernal Blade"],"picked":"SKIP","floor":18},{"not_picked":["Warcry","Heavy Blade","Infernal Blade"],"picked":"SKIP","floor":20},{"not_picked":["Clash","Intimidate","Havoc+1"],"picked":"SKIP","floor":21}],"player_experience":958327,"relics_obtained":[{"floor":9,"key":"Ancient Tea Set"},{"floor":11,"key":"Tiny Chest"},{"floor":13,"key":"Dodecahedron"},{"floor":19,"key":"Sundial"}],"event_choices":[{"damage_healed":0,"gold_gain":275,"player_choice":"Desecrate","damage_taken":0,"max_hp_gain":0,"max_hp_loss":0,"event_name":"Golden Shrine","floor":3,"gold_loss":0,"cards_obtained":["Regret"]},{"damage_healed":0,"gold_gain":0,"player_choice":"Donut","damage_taken":0,"max_hp_gain":5,"max_hp_loss":0,"event_name":"Big Fish","floor":4,"gold_loss":0},{"damage_healed":0,"gold_gain":0,"player_choice":"Take Damage","damage_taken":23,"relics_obtained":["Golden Idol"],"max_hp_gain":0,"max_hp_loss":0,"event_name":"Golden Idol","floor":5,"gold_loss":0},{"cards_removed":["Regret"],"damage_healed":0,"gold_gain":0,"player_choice":"Card Removal","damage_taken":0,"max_hp_gain":0,"max_hp_loss":0,"event_name":"The Cleric","floor":12,"gold_loss":50}],"is_beta":false,"boss_relics":[{"not_picked":["White Beast Statue","Philosopher\u0027s Stone"],"picked":"Coffee Dripper"}],"items_purged_floors":[7,22],"is_endless":false,"potions_floor_spawned":[1,10,16,20,21],"killed_by":"Slavers","ascension_level":1}