{"path_per_floor":["M","M","T","$","M","R","E","M","T","M","R","M","E","?","R"],"character_chosen":"THE_SILENT","items_purchased":["Footwork","Underhanded Strike"],"gold_per_floor":[115,133,133,12,32,32,67,78,78,95,95,114,148,148,148,148],"floor_reached":16,"campfire_rested":1,"playtime":1592,"current_hp_per_floor":[70,70,70,70,69,69,44,43,43,38,38,29,3,3,22,0],"items_purged":[],"gold":148,"score":134,"play_id":"e5a8320a-3c06-407d-adc7-7762e5ac6c48","local_time":"20180410002218","is_prod":false,"is_daily":false,"is_ascension_mode":true,"campfire_upgraded":2,"timestamp":1523312538,"path_taken":["M","M","?","$","M","R","E","M","T","M","R","M","E","?","R","BOSS"],"build_version":"2018-04-05v2","purchased_purges":0,"victory":false,"master_deck":["Defend_G","Defend_G","Defend_G","Defend_G","Defend_G","Strike_G","Strike_G","Strike_G","Strike_G","Strike_G","Survivor","Neutralize","Dagger Throw","Prepared","Footwork+1","Underhanded Strike","Dagger Spray","Acrobatics","After Image+1","Cloak And Dagger","Accuracy"],"max_hp_per_floor":[70,70,70,70,70,70,70,70,70,70,70,70,70,65,65,65],"relics":["Sozu","Calipers","Blue Candle","Darkstone Periapt","Pantograph","Golden Idol"],"card_choices":[{"not_picked":["Expertise","Quick Slash"],"picked":"Dagger Throw","floor":1},{"not_picked":["Bullet Time","Deadly Poison"],"picked":"Prepared","floor":2},{"not_picked":["Crippling Poison","Flying Knee"],"picked":"Dagger Spray","floor":5},{"not_picked":["Deflect","Calculated Gamble"],"picked":"Acrobatics","floor":7},{"not_picked":["Dash","Backstab"],"picked":"After Image","floor":8},{"not_picked":["PiercingWail","Storm of Steel"],"picked":"Cloak And Dagger","floor":12},{"not_picked":["Flying Knee","All Out Attack"],"picked":"Accuracy","floor":13}],"player_experience":164756,"potions_floor_usage":[],"damage_taken":[{"damage":0,"enemies":"Cultist","floor":1,"turns":5},{"damage":0,"enemies":"2 Louse","floor":2,"turns":2},{"damage":1,"enemies":"Small Slimes","floor":5,"turns":5},{"damage":25,"enemies":"Lagavulin","floor":7,"turns":8},{"damage":1,"enemies":"Looter","floor":8,"turns":3},{"damage":5,"enemies":"Exordium Wildlife","floor":10,"turns":4},{"damage":9,"enemies":"Exordium Thugs","floor":12,"turns":4},{"damage":26,"enemies":"Gremlin Nob","floor":13,"turns":6},{"damage":49,"enemies":"Slime Boss","floor":16,"turns":13}],"event_choices":[{"event_name":"Golden Idol","player_choice":"Lose Max HP","floor":14,"damage_taken":0}],"boss_relics":[],"potions_floor_spawned":[5,8,10,13],"seed_played":"-8479745702121410753","killed_by":"Slime Boss","ascension_level":4,"is_trial":false}