{"gold_per_floor":[365,365,63,63,76,107,107,132,132,150,182,200,30,55,55,153,153,171,171,183,201,201,227,36,36,36,36,66,66,99,119,119,214,214,233,248,266,6,6,40,40,74,74,90,105,130,33,53,53,53,53,53,15,40,40],"floor_reached":55,"playtime":3971,"items_purged":["Strike_R"],"score":1242,"play_id":"113cc99f-d1c6-46c9-b121-54aba801dd2e","local_time":"20190123210722","is_ascension_mode":true,"campfire_choices":[{"floor":7,"key":"REST"},{"data":"Armaments","floor":15,"key":"SMITH"},{"floor":25,"key":"DIG"},{"floor":27,"key":"DIG"},{"floor":32,"key":"DIG"},{"floor":41,"key":"RECALL"},{"floor":49,"key":"DIG"},{"floor":52,"key":"DIG"}],"neow_cost":"PERCENT_DAMAGE","seed_source_timestamp":58718231943609,"circlet_count":0,"master_deck":["Defend_R","Defend_R","Defend_R","Defend_R","Bash+1","Headbutt+1","Battle Trance","Carnage","Anger","Iron Wave","Cleave","Immolate","Armaments+1","Seeing Red","Pommel Strike","Twin Strike","Reaper","Heavy Blade","Pummel+1","Combust+1","Pummel","Anger+1","Flame Barrier+1","Panache","Anger","Heavy Blade+1","Bite","Bite","Bite","Bite","Fiend Fire","Shrug It Off+1","Clothesline","Shrug It Off+1","Shockwave+1","Flex+1","Feel No Pain+1","Whirlwind","True Grit","Pummel","Chrysalis","Pummel","Shrug It Off","Evolve","Rage+1","Rage+1","Dark Shackles","Shrug It Off","Flex+1","Twin Strike+1","Iron Wave","Shrug It Off"],"relics":["Burning Blood","Lantern","Shuriken","Oddly Smooth Stone","Centennial Puzzle","Prayer Wheel","Red Skull","Smiling Mask","Fusion Hammer","MutagenicStrength","Shovel","Bag of Preparation","Meat on the Bone","The Courier","Whetstone","PreservedInsect","Sundial","Velvet Choker","Blood Vial","Pen Nib","FossilizedHelix","Strawberry","Art of War","Bottled Tornado","Anchor"],"potions_floor_usage":[6,6,11,16,33,40,50,54,54],"damage_taken":[{"damage":11,"enemies":"2 Louse","floor":1,"turns":3},{"damage":2,"enemies":"Jaw Worm","floor":5,"turns":3},{"damage":30,"enemies":"Lagavulin","floor":6,"turns":5},{"damage":25,"enemies":"3 Sentries","floor":8,"turns":7},{"damage":0,"enemies":"Cultist","floor":10,"turns":3},{"damage":11,"enemies":"Lagavulin","floor":11,"turns":3},{"damage":11,"enemies":"Looter","floor":12,"turns":2},{"damage":0,"enemies":"Gremlin Nob","floor":14,"turns":2},{"damage":42,"enemies":"The Guardian","floor":16,"turns":8},{"damage":0,"enemies":"2 Thieves","floor":18,"turns":2},{"damage":0,"enemies":"Spheric Guardian","floor":20,"turns":2},{"damage":18,"enemies":"Snecko","floor":21,"turns":4},{"damage":21,"enemies":"Slavers","floor":23,"turns":3},{"damage":0,"enemies":"Gremlin Leader","floor":28,"turns":3},{"damage":13,"enemies":"Slavers","floor":30,"turns":4},{"damage":11,"enemies":"3 Cultists","floor":31,"turns":4},{"damage":46,"enemies":"Automaton","floor":33,"turns":6},{"damage":34,"enemies":"3 Shapes","floor":35,"turns":3},{"damage":10,"enemies":"Orb Walker","floor":36,"turns":2},{"damage":2,"enemies":"Transient","floor":37,"turns":5},{"damage":3,"enemies":"Giant Head","floor":40,"turns":5},{"damage":55,"enemies":"Nemesis","floor":42,"turns":5},{"damage":0,"enemies":"Sphere and 2 Shapes","floor":44,"turns":3},{"damage":0,"enemies":"Spire Growth","floor":45,"turns":3},{"damage":9,"enemies":"Reptomancer","floor":46,"turns":2},{"damage":6,"enemies":"4 Shapes","floor":48,"turns":3},{"damage":74,"enemies":"Donu and Deca","floor":50,"turns":7},{"damage":52,"enemies":"Shield and Spear","floor":54,"turns":6},{"damage":90,"enemies":"The Heart","floor":55,"turns":3}],"seed_played":"7024661024357021872","potions_obtained":[{"floor":5,"key":"Fruit Juice"},{"floor":8,"key":"PowerPotion"},{"floor":12,"key":"SteroidPotion"},{"floor":14,"key":"Regen Potion"},{"floor":18,"key":"Strength Potion"},{"floor":19,"key":"PowerPotion"},{"floor":35,"key":"Energy Potion"},{"floor":46,"key":"Energy Potion"}],"is_trial":false,"path_per_floor":["M","?","$","?","M","E","R","E","T","M","E","M","$","E","R","B",null,"M","?","M","M","?","E","$","R","T","R","E","?","E","M","R","B",null,"M","M","M","$","?","E","R","E","T","M","M","E","$","M","R","B",null,"R","$","E","B"],"character_chosen":"IRONCLAD","items_purchased":["Lantern","FearPotion","Battle Trance","Red Skull","Pommel Strike","Panache","Anger","Whirlwind","True Grit","Pummel","Blood Vial","Dark Shackles","Shrug It Off","Iron Wave"],"campfire_rested":1,"item_purchase_floors":[3,3,3,13,13,24,24,38,38,38,38,47,47,53],"current_hp_per_floor":[51,56,56,56,60,41,68,49,49,55,50,45,45,51,51,30,90,90,90,90,78,78,63,63,63,63,63,69,63,59,58,58,45,63,49,51,63,63,63,63,63,39,39,57,63,67,67,69,69,20,70,70,70,38,0],"gold":40,"neow_bonus":"TWO_FIFTY_GOLD","is_prod":false,"is_daily":false,"chose_seed":false,"campfire_upgraded":1,"win_rate":0,"timestamp":1548295642,"path_taken":["M","?","$","?","M","E","R","E","T","M","E","M","$","E","R","BOSS","M","?","M","?","?","E","$","R","T","R","E","?","E","M","R","BOSS","M","M","M","$","?","E","R","E","T","?","M","E","$","M","R","BOSS","R","$","E","BOSS"],"build_version":"2019-01-23","purchased_purges":1,"victory":false,"max_hp_per_floor":[80,85,85,85,85,90,90,90,90,90,90,90,90,90,90,90,90,90,90,90,90,90,90,90,90,90,90,90,63,63,63,63,63,63,63,63,63,63,63,63,63,63,63,63,63,70,70,70,70,70,70,70,70,70,70],"card_choices":[{"not_picked":["Havoc","Inflame"],"picked":"Headbutt","floor":1},{"not_picked":["Headbutt","Shrug It Off"],"picked":"Carnage","floor":5},{"not_picked":["Bloodletting","Body Slam"],"picked":"Anger","floor":6},{"not_picked":["Perfected Strike","Sever Soul"],"picked":"Iron Wave","floor":8},{"not_picked":["Clash","Flame Barrier"],"picked":"Cleave","floor":10},{"not_picked":["Second Wind","Flex"],"picked":"Immolate","floor":11},{"not_picked":["Perfected Strike","Fire Breathing"],"picked":"Armaments","floor":12},{"not_picked":["Flex","Thunderclap"],"picked":"Seeing Red","floor":12},{"not_picked":["Perfected Strike","True Grit"],"picked":"Twin Strike","floor":14},{"not_picked":["Exhume","Double Tap"],"picked":"Reaper","floor":16},{"not_picked":["Sever Soul","Sentinel"],"picked":"Heavy Blade","floor":18},{"not_picked":["True Grit","Ghostly Armor"],"picked":"Pummel+1","floor":18},{"not_picked":["Burning Pact","Bloodletting"],"picked":"Combust+1","floor":20},{"not_picked":["Body Slam+1","Second Wind","Warcry+1"],"picked":"SKIP","floor":20},{"not_picked":["Body Slam","Clash"],"picked":"Pummel","floor":21},{"not_picked":["Body Slam","Wild Strike"],"picked":"Anger+1","floor":21},{"not_picked":["Heavy Blade","Infernal Blade"],"picked":"Flame Barrier+1","floor":23},{"not_picked":["Reaper","Rage"],"picked":"Heavy Blade+1","floor":28},{"not_picked":["Dual Wield","Anger+1","Body Slam"],"picked":"SKIP","floor":30},{"not_picked":["Wild Strike","Body Slam","Havoc"],"picked":"SKIP","floor":31},{"not_picked":["Entrench+1","Power Through","Clash"],"picked":"SKIP","floor":31},{"not_picked":["Exhume","Bludgeon"],"picked":"Fiend Fire","floor":33},{"not_picked":["Ghostly Armor","Thunderclap+1"],"picked":"Shrug It Off+1","floor":35},{"not_picked":["Anger+1","Perfected Strike"],"picked":"Clothesline","floor":35},{"not_picked":["Searing Blow","Rupture+1"],"picked":"Shrug It Off+1","floor":36},{"not_picked":["Thunderclap","Rupture+1"],"picked":"Shockwave+1","floor":36},{"not_picked":["Blood for Blood+1","Twin Strike+1"],"picked":"Flex+1","floor":37},{"not_picked":["Flex","Thunderclap"],"picked":"Feel No Pain+1","floor":37},{"not_picked":["Offering","True Grit+1"],"picked":"Pummel","floor":40},{"not_picked":["Burning Pact","Searing Blow","Clothesline"],"picked":"SKIP","floor":42},{"not_picked":["Clothesline+1","Warcry"],"picked":"Shrug It Off","floor":44},{"not_picked":["Clothesline","Flame Barrier"],"picked":"Evolve","floor":44},{"not_picked":["Heavy Blade","Spot Weakness"],"picked":"Rage+1","floor":45},{"not_picked":["Reaper","Twin Strike"],"picked":"Rage+1","floor":45},{"not_picked":["Clash","Dropkick","Berserk"],"picked":"SKIP","floor":46},{"not_picked":["Shrug It Off","Burning Pact+1"],"picked":"Flex+1","floor":48},{"not_picked":["True Grit","Sever Soul+1"],"picked":"Twin Strike+1","floor":48},{"not_picked":["Clash+1","Burning Pact+1"],"picked":"Shrug It Off","floor":54}],"player_experience":1396241,"relics_obtained":[{"floor":6,"key":"Shuriken"},{"floor":8,"key":"Oddly Smooth Stone"},{"floor":9,"key":"Centennial Puzzle"},{"floor":11,"key":"Prayer Wheel"},{"floor":14,"key":"Smiling Mask"},{"floor":23,"key":"Shovel"},{"floor":25,"key":"Bag of Preparation"},{"floor":26,"key":"Meat on the Bone"},{"floor":27,"key":"The Courier"},{"floor":28,"key":"Whetstone"},{"floor":30,"key":"PreservedInsect"},{"floor":32,"key":"Sundial"},{"floor":40,"key":"Pen Nib"},{"floor":42,"key":"FossilizedHelix"},{"floor":46,"key":"Strawberry"},{"floor":49,"key":"Art of War"},{"floor":52,"key":"Bottled Tornado"},{"floor":54,"key":"Anchor"}],"event_choices":[{"damage_healed":0,"gold_gain":0,"player_choice":"Donut","damage_taken":0,"max_hp_gain":5,"max_hp_loss":0,"event_name":"Big Fish","floor":2,"gold_loss":0},{"damage_healed":0,"gold_gain":0,"player_choice":"Ignored","damage_taken":0,"max_hp_gain":0,"max_hp_loss":0,"event_name":"Golden Idol","floor":4,"gold_loss":0},{"damage_healed":0,"gold_gain":0,"player_choice":"Got Potions","damage_taken":0,"max_hp_gain":0,"max_hp_loss":0,"event_name":"Lab","floor":19,"gold_loss":0},{"damage_healed":0,"gold_gain":0,"player_choice":"Inject Mutagens","damage_taken":0,"relics_obtained":["MutagenicStrength"],"max_hp_gain":0,"max_hp_loss":0,"event_name":"Drug Dealer","floor":22,"gold_loss":0},{"damage_healed":0,"gold_gain":0,"player_choice":"Became a vampire","damage_taken":0,"max_hp_gain":0,"max_hp_loss":27,"event_name":"Vampires","floor":29,"gold_loss":0,"cards_obtained":["Bite","Bite","Bite","Bite","Bite"]},{"damage_healed":0,"gold_gain":0,"cards_transformed":["Bite"],"player_choice":"Transformed","damage_taken":0,"max_hp_gain":0,"max_hp_loss":0,"event_name":"Transmorgrifier","floor":39,"gold_loss":0,"cards_obtained":["Chrysalis"]}],"is_beta":false,"boss_relics":[{"not_picked":["Calling Bell","Empty Cage"],"picked":"Fusion Hammer"},{"not_picked":["Eternal Feather","Pandora\u0027s Box"],"picked":"Velvet Choker"}],"items_purged_floors":[3],"is_endless":false,"potions_floor_spawned":[5,8,12,14,18,20,30,35,46,48],"killed_by":"The Heart","ascension_level":4}