{"gold_per_floor":[111,111,126,51,74,74,87,126,153,197,215,215,215,239,239,363,363,388,401,415,433,132,132,146,180,207,82,98,23,23,43,43,166,166,190,523,171,190,208,208,242,242,266,266,279,51,69,95,95,95],"floor_reached":51,"playtime":3878,"items_purged":["Defend_R","Strike_R","Defend_R","Defend_R","Defend_R"],"score":911,"play_id":"dc0e0f77-8505-4269-b3e7-afaa0d867895","local_time":"20180713064025","is_ascension_mode":false,"campfire_choices":[{"data":"Rampage","floor":6.0,"key":"SMITH"},{"data":"Bash","floor":12.0,"key":"SMITH"},{"floor":15.0,"key":"REST"},{"floor":23.0,"key":"REST"},{"floor":32.0,"key":"REST"},{"floor":40.0,"key":"REST"},{"floor":49,"key":"REST"}],"neow_cost":"NONE","seed_source_timestamp":0,"circlet_count":0,"master_deck":["Bash+1","Armaments","Rampage+1","Pommel Strike","Shrug It Off"],"special_seed":17725,"relics":["Burning Blood","Oddly Smooth Stone","Regal Pillow","Pen Nib","Fusion Hammer","Happy Flower","Pear","Bag of Preparation","Lizard Tail","TheAbacus","Shuriken","Dream Catcher","Red Skull"],"potions_floor_usage":[50,50],"damage_taken":[{"damage":0.0,"enemies":"2 Louse","floor":1.0,"turns":3.0},{"damage":8.0,"enemies":"Jaw Worm","floor":3.0,"turns":7.0},{"damage":1.0,"enemies":"Cultist","floor":5.0,"turns":3.0},{"damage":0.0,"enemies":"Large Slime","floor":7.0,"turns":5.0},{"damage":23.0,"enemies":"Lagavulin","floor":8.0,"turns":8.0},{"damage":22.0,"enemies":"Gremlin Nob","floor":10.0,"turns":5.0},{"damage":9.0,"enemies":"2 Fungi Beasts","floor":11.0,"turns":4.0},{"damage":4.0,"enemies":"Looter","floor":14.0,"turns":3.0},{"damage":47.0,"enemies":"Hexaghost","floor":16.0,"turns":10.0},{"damage":0.0,"enemies":"Shell Parasite","floor":18.0,"turns":5.0},{"damage":5.0,"enemies":"3 Byrds","floor":19.0,"turns":5.0},{"damage":26.0,"enemies":"Sentry and Sphere","floor":20.0,"turns":6.0},{"damage":10.0,"enemies":"Chosen and Byrds","floor":21.0,"turns":4.0},{"damage":19.0,"enemies":"Centurion and Healer","floor":24.0,"turns":5.0},{"damage":36.0,"enemies":"Gremlin Leader","floor":25.0,"turns":10.0},{"damage":9.0,"enemies":"Snecko","floor":28.0,"turns":4.0},{"damage":0.0,"enemies":"Snake Plant","floor":31.0,"turns":4.0},{"damage":17.0,"enemies":"Champ","floor":33.0,"turns":8.0},{"damage":12.0,"enemies":"3 Darklings","floor":35.0,"turns":8.0},{"damage":0.0,"enemies":"3 Shapes","floor":38.0,"turns":4.0},{"damage":0.0,"enemies":"3 Darklings","floor":39.0,"turns":4.0},{"damage":10.0,"enemies":"Nemesis","floor":41.0,"turns":3.0},{"damage":4.0,"enemies":"Sphere and 2 Shapes","floor":45.0,"turns":3.0},{"damage":4.0,"enemies":"4 Shapes","floor":47.0,"turns":3.0},{"damage":0,"enemies":"Awakened One","floor":50,"turns":7}],"seed_played":"5986081896675769642","potions_obtained":[{"floor":1.0,"key":"Ancient Potion"},{"floor":3.0,"key":"Weak Potion"},{"floor":8.0,"key":"AttackPotion"},{"floor":10.0,"key":"Ancient Potion"},{"floor":16.0,"key":"Poison Potion"},{"floor":18.0,"key":"SkillPotion"},{"floor":19.0,"key":"SpeedPotion"},{"floor":28.0,"key":"Strength Potion"},{"floor":33.0,"key":"Poison Potion"},{"floor":39.0,"key":"SteroidPotion"},{"floor":41.0,"key":"Swift Potion"},{"floor":45.0,"key":"EssenceOfSteel"}],"is_trial":false,"path_per_floor":["M","?","M","$","M","R","M","E","T","E","M","R","?","M","R","B",null,"M","M","M","M","$","R","M","E","T","$","M","?","?","M","R","B",null,"M","?","$","M","M","R","E","?","T","?","M","$","M","T","R","B"],"character_chosen":"IRONCLAD","items_purchased":["Happy Flower","Fire Potion","TheAbacus","Shrug It Off"],"campfire_rested":5,"item_purchase_floors":[22,22,37,46],"current_hp_per_floor":[80,60,58,58,63,63,69,52,52,36,33,33,26,28,67,26,80,80,80,60,56,56,80,67,47,47,47,44,44,44,50,90,79,90,84,84,84,90,90,90,86,86,86,86,88,88,90,90,90,90],"gold":95,"neow_bonus":"REMOVE_CARD","is_prod":false,"is_daily":false,"chose_seed":false,"campfire_upgraded":2,"win_rate":0,"timestamp":1531453225,"path_taken":["M","?","M","$","M","R","?","E","T","E","M","R","?","M","R","BOSS","M","?","?","M","$","R","M","E","T","$","M","?","?","M","R","BOSS","M","?","$","M","M","R","E","?","T","?","M","$","M","?","R","BOSS"],"build_version":"2018-07-12","purchased_purges":5,"victory":true,"max_hp_per_floor":[80,80,80,80,80,80,80,80,80,80,80,80,80,80,80,80,80,80,80,80,80,80,80,80,90,90,90,90,90,90,90,90,90,90,90,90,90,90,90,90,90,90,90,90,90,90,90,90,90,90],"card_choices":[{"not_picked":["Ghostly Armor","Cleave","Power Through"],"picked":"SKIP","floor":1.0},{"not_picked":["Power Through","Clash"],"picked":"Armaments","floor":3.0},{"not_picked":["Perfected Strike","Disarm"],"picked":"Rampage","floor":5.0},{"not_picked":["Dual Wield","Rampage","Flex"],"picked":"SKIP","floor":7.0},{"not_picked":["Thunderclap","Warcry","Evolve"],"picked":"SKIP","floor":8.0},{"not_picked":["Power Through","Anger","Corruption"],"picked":"SKIP","floor":10.0},{"not_picked":["Perfected Strike","Bloodletting","Havoc"],"picked":"SKIP","floor":11.0},{"not_picked":["Pummel","True Grit","Anger"],"picked":"SKIP","floor":14.0},{"not_picked":["Anger","Wild Strike+1","Headbutt"],"picked":"SKIP","floor":18.0},{"not_picked":["Clothesline+1","Perfected Strike"],"picked":"Pommel Strike","floor":19.0},{"not_picked":["Battle Trance","Pummel","Havoc+1"],"picked":"SKIP","floor":20.0},{"not_picked":["Double Tap","Sword Boomerang+1","Flex"],"picked":"SKIP","floor":21.0},{"not_picked":["Double Tap","Sword Boomerang+1","Flex"],"picked":"SKIP","floor":21.0},{"not_picked":["Clothesline+1","Body Slam","Dual Wield"],"picked":"SKIP","floor":24.0},{"not_picked":["Cleave","Dropkick","Iron Wave"],"picked":"SKIP","floor":25.0},{"not_picked":["Second Wind","True Grit","Seeing Red+1"],"picked":"SKIP","floor":28.0},{"not_picked":["Flame Barrier","Iron Wave","Searing Blow"],"picked":"SKIP","floor":31.0},{"not_picked":["Flame Barrier","Body Slam","Ghostly Armor"],"picked":"SKIP","floor":35.0},{"not_picked":["Intimidate+1","Sentinel+1","Warcry"],"picked":"SKIP","floor":38.0},{"not_picked":["Reckless Charge","Iron Wave","Entrench+1"],"picked":"SKIP","floor":39.0},{"not_picked":["Corruption+1","Warcry+1","Reckless Charge+1"],"picked":"SKIP","floor":41.0},{"not_picked":["Armaments+1","Thunderclap","Wild Strike+1"],"picked":"SKIP","floor":45.0},{"not_picked":["Armaments","Uppercut","Power Through"],"picked":"SKIP","floor":47}],"player_experience":88947,"relics_obtained":[{"floor":8.0,"key":"Oddly Smooth Stone"},{"floor":9.0,"key":"Regal Pillow"},{"floor":10.0,"key":"Pen Nib"},{"floor":25.0,"key":"Pear"},{"floor":26.0,"key":"Bag of Preparation"},{"floor":41.0,"key":"Shuriken"},{"floor":43.0,"key":"Dream Catcher"},{"floor":48,"key":"Red Skull"}],"event_choices":[{"event_name":"Golden Idol","player_choice":"Take Damage","floor":2.0,"damage_taken":0.0},{"event_name":"Golden Wing","player_choice":"Card Removal","floor":13.0,"damage_taken":0.0},{"event_name":"Beggar","player_choice":"Gave Gold","floor":29.0,"damage_taken":0.0},{"event_name":"Back to Basics","player_choice":"Elegance","floor":30.0,"damage_taken":0.0},{"event_name":"The Moai Head","player_choice":"Gave Idol","floor":36.0,"damage_taken":0.0},{"event_name":"Tomb of Lord Red Mask","player_choice":"Ignored","floor":42.0,"damage_taken":0.0},{"event_name":"Duplicator","player_choice":"Ignored","floor":44.0,"damage_taken":0.0}],"boss_relics":[{"not_picked":["Coffee Dripper","Cursed Key"],"picked":"Fusion Hammer"},{"not_picked":["Mark of Pain","Snecko Eye"],"picked":"Lizard Tail"}],"items_purged_floors":[4,22,27,37,46],"is_endless":false,"potions_floor_spawned":[1,3,8,10,16,18,19,28,33,39,41,45],"ascension_level":0}