{"gold_per_floor":[116,130,55,155,18,18,38,49,101,132,58,58,74,86,86,187,187,204,204,191,270,282,308,308,334,414,414,431,431,446,460,460,559,559,574,587,55,155,171,22,22,57,80,80,107,125,125,141,141,141,141,141,93,118,118],"floor_reached":55,"playtime":5879,"items_purged":["Strike_G","Strike_G","Strike_G"],"score":874,"play_id":"0e4d9b82-936c-4d9d-9520-751627be52c4","local_time":"20181222083859","is_ascension_mode":false,"campfire_choices":[{"data":"Cloak And Dagger","floor":6.0,"key":"SMITH"},{"data":"Noxious Fumes","floor":12.0,"key":"SMITH"},{"floor":15.0,"key":"REST"},{"data":"Caltrops","floor":24.0,"key":"SMITH"},{"floor":27.0,"key":"REST"},{"floor":32.0,"key":"REST"},{"floor":41.0,"key":"RECALL"},{"floor":44.0,"key":"REST"},{"data":"Apotheosis","floor":49,"key":"SMITH"},{"data":"Footwork","floor":52,"key":"SMITH"}],"neow_cost":"NONE","seed_source_timestamp":0,"circlet_count":0,"master_deck":["Defend_G+1","Defend_G","Defend_G+1","Defend_G","Defend_G","Survivor","Neutralize","Cloak And Dagger","Cloak And Dagger+1","Caltrops+1","Noxious Fumes+1","Backstab","Footwork","PiercingWail","Bouncing Flask","Acrobatics","Footwork+1","Noxious Fumes+1","Dash+1","Corpse Explosion","Envenom","Backflip+1","A Thousand Cuts","Apotheosis+1","Malaise","Well Laid Plans","Dagger Throw+1","Adrenaline"],"special_seed":0,"relics":["Ring of the Snake","NeowsBlessing","War Paint","Empty Cage","Question Card","Vajra","Regal Pillow","Singing Bowl","MutagenicStrength","Velvet Choker","Anchor","Torii","Smiling Mask","Bottled Tornado","Happy Flower"],"potions_floor_usage":[46,54,55,55],"damage_taken":[{"damage":0.0,"enemies":"2 Louse","floor":1.0,"turns":1.0},{"damage":0.0,"enemies":"Cultist","floor":2.0,"turns":1.0},{"damage":0.0,"enemies":"Small Slimes","floor":7.0,"turns":1.0},{"damage":27.0,"enemies":"Exordium Wildlife","floor":8.0,"turns":7.0},{"damage":12.0,"enemies":"3 Sentries","floor":10.0,"turns":10.0},{"damage":0.0,"enemies":"Exordium Thugs","floor":13.0,"turns":6.0},{"damage":12.0,"enemies":"Large Slime","floor":14.0,"turns":6.0},{"damage":0.0,"enemies":"The Guardian","floor":16.0,"turns":11.0},{"damage":0.0,"enemies":"Chosen","floor":18.0,"turns":6.0},{"damage":6.0,"enemies":"2 Thieves","floor":20.0,"turns":4.0},{"damage":10.0,"enemies":"Cultist and Chosen","floor":22.0,"turns":9.0},{"damage":16.0,"enemies":"Book of Stabbing","floor":23.0,"turns":6.0},{"damage":31.0,"enemies":"Gremlin Leader","floor":25.0,"turns":9.0},{"damage":12.0,"enemies":"Snecko","floor":28.0,"turns":5.0},{"damage":2.0,"enemies":"Shelled Parasite and Fungi","floor":30.0,"turns":6.0},{"damage":7.0,"enemies":"Snake Plant","floor":31.0,"turns":5.0},{"damage":24.0,"enemies":"Collector","floor":33.0,"turns":9.0},{"damage":2.0,"enemies":"3 Shapes","floor":35.0,"turns":4.0},{"damage":16.0,"enemies":"Orb Walker","floor":36.0,"turns":6.0},{"damage":10.0,"enemies":"Writhing Mass","floor":39.0,"turns":8.0},{"damage":5.0,"enemies":"Giant Head","floor":42.0,"turns":10.0},{"damage":0,"enemies":"Nemesis","floor":45,"turns":9},{"damage":10,"enemies":"4 Shapes","floor":46,"turns":5},{"damage":1,"enemies":"Transient","floor":48,"turns":5},{"damage":17,"enemies":"Time Eater","floor":50,"turns":12},{"damage":49,"enemies":"Shield and Spear","floor":54,"turns":7},{"damage":33,"enemies":"The Heart","floor":55,"turns":5}],"seed_played":"-534820153606330481","potions_obtained":[{"floor":1.0,"key":"LiquidBronze"},{"floor":7.0,"key":"SteroidPotion"},{"floor":8.0,"key":"Dexterity Potion"},{"floor":13.0,"key":"Swift Potion"},{"floor":16.0,"key":"Ancient Potion"},{"floor":22.0,"key":"Fire Potion"},{"floor":23.0,"key":"Weak Potion"},{"floor":35.0,"key":"LiquidBronze"},{"floor":39.0,"key":"Explosive Potion"},{"floor":46,"key":"Ancient Potion"}],"is_trial":false,"path_per_floor":["M","M","$","?","$","R","M","M","T","E","$","R","M","M","R","B",null,"M","?","M","T","M","E","R","E","T","R","M","?","M","M","R","B",null,"M","M","$","?","M","$","R","E","T","R","E","M","?","M","R","B",null,"R","$","E","B"],"character_chosen":"THE_SILENT","items_purchased":["Caltrops","Footwork","A Thousand Cuts","Apotheosis","Malaise","Anchor","Weak Potion"],"campfire_rested":4,"item_purchase_floors":[5,11,37,37,37,40,53],"current_hp_per_floor":[70,70,70,70,70,70,70,43,43,31,31,31,31,19,40,40,70,70,70,64,64,54,38,38,7,7,43,31,31,31,24,60,36,72,70,56,56,56,46,46,46,43,43,76,78,70,72,71,71,54,82,82,82,33,0],"gold":118,"neow_bonus":"THREE_ENEMY_KILL","is_prod":false,"is_daily":false,"chose_seed":false,"campfire_upgraded":5,"win_rate":0,"timestamp":1545489539,"path_taken":["M","M","$","?","$","R","?","M","T","E","?","R","M","M","R","BOSS","M","?","M","?","?","E","R","E","T","R","M","?","M","M","R","BOSS","M","M","$","?","M","?","R","E","T","R","E","M","?","M","R","BOSS","R","$","E","BOSS"],"build_version":"2018-12-20","purchased_purges":3,"victory":false,"max_hp_per_floor":[70,70,70,70,70,70,70,70,70,70,70,70,70,70,70,70,70,70,70,70,70,70,70,70,70,70,70,70,70,72,72,72,72,72,72,74,74,74,74,74,74,76,76,76,78,80,82,82,82,82,82,82,82,82,82],"card_choices":[{"not_picked":["Flechettes","Dagger Throw"],"picked":"Cloak And Dagger","floor":1.0},{"not_picked":["Flying Knee","Blade Dance"],"picked":"Cloak And Dagger","floor":2.0},{"not_picked":["Flechettes","Bane"],"picked":"Noxious Fumes","floor":7.0},{"not_picked":["Quick Slash","Slice"],"picked":"Backstab","floor":8.0},{"not_picked":["Poisoned Stab","Slice","Calculated Gamble"],"picked":"SKIP","floor":10.0},{"not_picked":["Dagger Throw","Eviscerate","All Out Attack"],"picked":"SKIP","floor":13.0},{"not_picked":["Phantasmal Killer","Bouncing Flask"],"picked":"PiercingWail","floor":14.0},{"not_picked":["Slice","Underhanded Strike"],"picked":"Bouncing Flask","floor":18.0},{"not_picked":["Blur","Slice"],"picked":"Acrobatics","floor":20.0},{"not_picked":["Slice","PiercingWail","Concentrate","Blade Dance"],"picked":"SKIP","floor":22.0},{"not_picked":["Reflex","Infinite Blades","Crippling Poison"],"picked":"Footwork","floor":23.0},{"not_picked":["Slice","Caltrops","Quick Slash"],"picked":"Noxious Fumes+1","floor":25.0},{"not_picked":["Outmaneuver","Blade Dance","Flying Knee+1"],"picked":"Dash+1","floor":28.0},{"not_picked":["Deflect+1","Dagger Throw","Poisoned Stab","Distraction"],"picked":"Singing Bowl","floor":30.0},{"not_picked":["Prepared","Cloak And Dagger","Endless Agony+1"],"picked":"Corpse Explosion","floor":31.0},{"not_picked":["Corpse Explosion","Burst","Doppelganger"],"picked":"Envenom","floor":33.0},{"not_picked":["Prepared+1","Poisoned Stab+1","Infinite Blades"],"picked":"Backflip+1","floor":35.0},{"not_picked":["Underhanded Strike+1","Deadly Poison","Prepared+1","Expertise+1"],"picked":"Singing Bowl","floor":36.0},{"not_picked":["Burst","Blade Dance","Dodge and Roll+1"],"picked":"Well Laid Plans","floor":39.0},{"not_picked":["Reflex","Dagger Spray+1","Setup","Footwork+1"],"picked":"Singing Bowl","floor":42.0},{"not_picked":["Underhanded Strike","Acrobatics+1","Unload","Crippling Poison"],"picked":"Singing Bowl","floor":45},{"not_picked":["Finisher","Underhanded Strike+1","Blade Dance+1","Expertise"],"picked":"Singing Bowl","floor":46},{"not_picked":["Swift Strike","Flash of Steel","Mind Blast","Jack Of All Trades"],"picked":"Singing Bowl","floor":47},{"not_picked":["Quick Slash","Backflip+1","Prepared+1"],"picked":"Dagger Throw+1","floor":48},{"not_picked":["Slice","PiercingWail+1","Dodge and Roll+1"],"picked":"Adrenaline","floor":54}],"player_experience":282517,"relics_obtained":[{"floor":10.0,"key":"War Paint"},{"floor":21.0,"key":"Question Card"},{"floor":23.0,"key":"Vajra"},{"floor":25.0,"key":"Regal Pillow"},{"floor":26.0,"key":"Singing Bowl"},{"floor":42.0,"key":"Torii"},{"floor":43.0,"key":"Smiling Mask"},{"floor":45,"key":"Bottled Tornado"},{"floor":54,"key":"Happy Flower"}],"event_choices":[{"damage_healed":0.0,"max_hp_gain":0.0,"max_hp_loss":0.0,"gold_gain":100.0,"event_name":"Wheel of Change","player_choice":"Gold","floor":4.0,"gold_loss":0.0,"damage_taken":0.0},{"damage_healed":0.0,"max_hp_gain":0.0,"max_hp_loss":0.0,"gold_gain":0.0,"event_name":"Ghosts","player_choice":"Ignored","floor":19.0,"gold_loss":0.0,"damage_taken":0.0},{"damage_healed":0.0,"max_hp_gain":0.0,"max_hp_loss":0.0,"gold_gain":0.0,"event_name":"Drug Dealer","player_choice":"Inject Mutagens","floor":29.0,"gold_loss":0.0,"damage_taken":0.0,"relics_obtained":["MutagenicStrength"]},{"damage_healed":0.0,"max_hp_gain":0.0,"max_hp_loss":0.0,"gold_gain":100.0,"event_name":"Golden Shrine","player_choice":"Pray","floor":38.0,"gold_loss":0.0,"damage_taken":0.0},{"damage_healed":0,"gold_gain":0,"player_choice":"Memory 1","damage_taken":0,"max_hp_gain":0,"max_hp_loss":0,"event_name":"SensoryStone","floor":47,"gold_loss":0}],"is_beta":false,"boss_relics":[{"not_picked":["Calling Bell","Pandora\u0027s Box"],"picked":"Empty Cage"},{"not_picked":["Philosopher\u0027s Stone","White Beast Statue"],"picked":"Velvet Choker"}],"items_purged_floors":[3,5,37],"is_endless":false,"potions_floor_spawned":[1,7,8,13,16,22,23,31,35,39,46],"killed_by":"The Heart","ascension_level":0}