{"path_per_floor":["M","M","?","M","?","R","M","M","T","M","R","M","R","E","R","B",null,"M","$","?","M","?","R","E","R","T","M","R","M","R","M","R","B",null,"M","M","T","M","?","R","$","E","T","?","R","M","$","M","R","B"],"character_chosen":"THE_SILENT","items_purchased":["Molten Egg 2"],"gold_per_floor":[118,134,134,145,145,145,163,174,174,194,194,208,208,243,243,347,347,347,20,20,20,20,20,20,20,20,20,20,20,20,20,20,20,20,20,20,20,20,20,20,20,20,20,20,20,20,20,20,20,20],"floor_reached":51,"campfire_rested":3,"playtime":3710,"current_hp_per_floor":[63,63,63,60,53,53,52,52,52,48,48,39,39,32,32,15,56,52,52,36,20,20,41,19,19,26,17,40,40,40,36,59,51,71,71,66,66,66,77,77,77,61,61,61,61,56,56,49,49,26],"items_purged":["Strike_G"],"gold":20,"score":844,"play_id":"9e5e8ce8-8367-470a-9224-52dd22153613","local_time":"20180414092725","is_prod":false,"is_daily":false,"chose_seed":false,"is_ascension_mode":true,"campfire_upgraded":9,"timestamp":1523690845,"path_taken":["M","M","?","M","?","R","?","M","T","?","R","M","R","E","R","BOSS","M","$","?","M","?","R","E","R","T","?","R","M","R","M","R","BOSS","M","M","?","M","?","R","?","E","T","?","R","M","?","M","R","BOSS"],"build_version":"2018-04-12","seed_source_timestamp":175819184952632,"purchased_purges":1,"victory":true,"master_deck":["Defend_G","Defend_G","Defend_G","Defend_G","Defend_G","Strike_G","Strike_G","Survivor","Neutralize+1","Backstab","Dagger Spray","Sucker Punch+1","Terror+1","Footwork+1","Noxious Fumes+1","Dash+1","Cloak And Dagger+1","Night Terror+1","Acrobatics","Backflip","Leg Sweep","Footwork","Calculated Gamble+1","PiercingWail+1","After Image+1","Blade Dance+1","Setup+1","Leg Sweep+1","Bane+1","Noxious Fumes+1","Escape Plan"],"max_hp_per_floor":[70,70,70,70,70,70,70,70,70,70,70,70,70,70,70,70,70,70,70,70,70,70,70,70,70,77,77,77,77,77,77,77,77,77,77,77,77,77,77,77,77,77,77,77,77,77,77,77,77,77],"relics":["Runic Pyramid","Bag of Preparation","Orichalcum","Ectoplasm","Molten Egg 2","Enchiridion","Dream Catcher","Strawberry","Sozu","Juzu Bracelet","Ninja Scroll","Omamori"],"card_choices":[{"not_picked":["Flechettes","All Out Attack"],"picked":"Backstab","floor":1},{"not_picked":["Outmaneuver","Acrobatics"],"picked":"Dagger Spray","floor":2},{"not_picked":["PiercingWail","Infinite Blades"],"picked":"Sucker Punch","floor":4},{"not_picked":["Prepared","Blur"],"picked":"Terror","floor":7},{"not_picked":["Cloak And Dagger","Poisoned Stab"],"picked":"Footwork","floor":8},{"not_picked":["Slice","Poisoned Stab"],"picked":"Noxious Fumes","floor":10},{"not_picked":["Escape Plan","Bouncing Flask"],"picked":"Dash","floor":12},{"not_picked":["Backstab","Corpse Explosion"],"picked":"Cloak And Dagger","floor":14},{"not_picked":["Phantasmal Killer","Corpse Explosion"],"picked":"Night Terror","floor":16},{"not_picked":["Deadly Poison","Slice"],"picked":"Acrobatics","floor":21},{"not_picked":["Concentrate","Crippling Poison"],"picked":"Backflip","floor":24},{"not_picked":["Masterful Stab","Sucker Punch"],"picked":"Leg Sweep","floor":28},{"not_picked":["Dagger Throw","Leg Sweep"],"picked":"Footwork","floor":29},{"not_picked":["Expertise","Outmaneuver"],"picked":"Calculated Gamble","floor":31},{"not_picked":["Skewer","Unload"],"picked":"PiercingWail","floor":32},{"not_picked":["Storm of Steel","Envenom"],"picked":"After Image","floor":33},{"not_picked":["Dagger Spray","Cloak And Dagger"],"picked":"Blade Dance","floor":35},{"not_picked":["Sucker Punch","Deflect"],"picked":"Setup","floor":36},{"not_picked":["Setup","Blade Dance"],"picked":"Leg Sweep","floor":38},{"not_picked":["Concentrate","Caltrops"],"picked":"Bane","floor":42},{"not_picked":["Acrobatics","Flying Knee"],"picked":"Noxious Fumes","floor":46},{"not_picked":["Bouncing Flask","Noxious Fumes"],"picked":"Escape Plan","floor":48}],"player_experience":254099,"potions_floor_usage":[16,18,24,33,50,50],"damage_taken":[{"damage":0,"enemies":"2 Louse","floor":1,"turns":3},{"damage":0,"enemies":"Cultist","floor":2,"turns":4},{"damage":3,"enemies":"Small Slimes","floor":4,"turns":5},{"damage":1,"enemies":"2 Fungi Beasts","floor":7,"turns":4},{"damage":0,"enemies":"Large Slime","floor":8,"turns":5},{"damage":4,"enemies":"Red Slaver","floor":10,"turns":4},{"damage":9,"enemies":"Lots of Slimes","floor":12,"turns":4},{"damage":7,"enemies":"3 Sentries","floor":14,"turns":5},{"damage":17,"enemies":"The Guardian","floor":16,"turns":10},{"damage":4,"enemies":"Shell Parasite","floor":18,"turns":5},{"damage":16,"enemies":"3 Byrds","floor":21,"turns":5},{"damage":22,"enemies":"Slavers","floor":24,"turns":7},{"damage":9,"enemies":"Slaver and Parasite","floor":27,"turns":6},{"damage":0,"enemies":"Chosen and Byrds","floor":29,"turns":8},{"damage":4,"enemies":"Snake Plant","floor":31,"turns":5},{"damage":8,"enemies":"Automaton","floor":33,"turns":12},{"damage":0,"enemies":"3 Darklings","floor":35,"turns":5},{"damage":5,"enemies":"3 Shapes","floor":36,"turns":8},{"damage":0,"enemies":"Maw","floor":38,"turns":9},{"damage":16,"enemies":"2 Orb Walkers","floor":42,"turns":10},{"damage":5,"enemies":"3 Darklings","floor":46,"turns":7},{"damage":7,"enemies":"Sphere and 2 Shapes","floor":48,"turns":6},{"damage":23,"enemies":"Donu and Deca","floor":50,"turns":13}],"event_choices":[{"event_name":"The Lab","player_choice":"Got Potions","floor":3,"damage_taken":0},{"event_name":"Golden Wing","player_choice":"Card Removal","floor":5,"damage_taken":0},{"event_name":"Cursed Tome","player_choice":"Obtained Book","floor":20,"damage_taken":0},{"event_name":"Upgrade Shrine","player_choice":"Upgraded","floor":22,"damage_taken":0},{"event_name":"Wheel of Change","player_choice":"Full Heal","floor":39,"damage_taken":0},{"event_name":"Purifier","player_choice":"One Purge","floor":44,"damage_taken":0}],"boss_relics":[{"not_picked":["White Beast Statue","Orrery"],"picked":"Ectoplasm"},{"not_picked":["Snecko Eye","Velvet Choker"],"picked":"Sozu"}],"potions_floor_spawned":[1,2,7,18,27,31,36,38],"seed_played":"-3591960375936412492","ascension_level":6,"is_trial":false}