{"gold_per_floor":[111,25,39,39,57,57,92,92,92,111,123,123],"floor_reached":12,"playtime":617,"items_purged":[],"score":144,"play_id":"425cf069-6943-4bc2-83ad-5af7390e0d1f","local_time":"20190303162006","is_ascension_mode":true,"campfire_choices":[{"data":"Bullet Time","floor":6,"key":"SMITH"},{"floor":8,"key":"REST"}],"neow_cost":"NONE","seed_source_timestamp":75524519026377,"circlet_count":0,"master_deck":["AscendersBane","Defend_G","Defend_G","Defend_G","Defend_G","Defend_G","Strike_G","Strike_G","Strike_G","Strike_G","Survivor","Neutralize","Bullet Time+1","Acrobatics","Terror","Backflip","Sucker Punch","Deadly Poison","Noxious Fumes","PiercingWail+1"],"relics":["Ring of the Snake","Gremlin Horn","Toxic Egg 2"],"potions_floor_usage":[7,12,12],"damage_taken":[{"damage":0,"enemies":"2 Louse","floor":1,"turns":4},{"damage":8,"enemies":"Jaw Worm","floor":3,"turns":6},{"damage":0,"enemies":"Small Slimes","floor":5,"turns":3},{"damage":41,"enemies":"3 Sentries","floor":7,"turns":17},{"damage":8,"enemies":"Exordium Thugs","floor":10,"turns":5},{"damage":0,"enemies":"Blue Slaver","floor":11,"turns":5},{"damage":14,"enemies":"Gremlin Nob","floor":12,"turns":3}],"seed_played":"-640009962969729840","potions_obtained":[{"floor":3,"key":"SpeedPotion"},{"floor":10,"key":"SpeedPotion"},{"floor":11,"key":"GamblersBrew"}],"is_trial":false,"path_per_floor":["M","$","M","?","M","R","E","R","T","M","M","E"],"character_chosen":"THE_SILENT","items_purchased":["Terror"],"campfire_rested":1,"item_purchase_floors":[2],"current_hp_per_floor":[59,59,51,44,44,44,3,22,22,14,14,0],"gold":123,"neow_bonus":"ONE_RANDOM_RARE_CARD","is_prod":false,"is_daily":false,"chose_seed":false,"campfire_upgraded":1,"win_rate":0,"timestamp":1551648006,"path_taken":["M","$","M","?","M","R","E","R","T","M","M","E"],"build_version":"2019-01-23","purchased_purges":0,"victory":false,"max_hp_per_floor":[66,66,66,66,66,66,66,66,66,66,66,66],"card_choices":[{"not_picked":["Quick Slash","Bane"],"picked":"Acrobatics","floor":1},{"not_picked":["PiercingWail","Underhanded Strike"],"picked":"Backflip","floor":3},{"not_picked":["Distraction","Poisoned Stab"],"picked":"Sucker Punch","floor":5},{"not_picked":["Prepared","Blade Dance"],"picked":"Deadly Poison","floor":7},{"not_picked":["Cloak And Dagger+1","Slice"],"picked":"Noxious Fumes","floor":10},{"not_picked":["Flechettes","Choke"],"picked":"PiercingWail+1","floor":11}],"player_experience":810276,"relics_obtained":[{"floor":7,"key":"Gremlin Horn"},{"floor":9,"key":"Toxic Egg 2"}],"event_choices":[{"cards_removed":["Strike_G"],"damage_healed":0,"gold_gain":0,"player_choice":"Card Removal","damage_taken":7,"max_hp_gain":0,"max_hp_loss":0,"event_name":"Golden Wing","floor":4,"gold_loss":0}],"is_beta":false,"boss_relics":[],"items_purged_floors":[],"is_endless":false,"potions_floor_spawned":[3,10,11],"killed_by":"Gremlin Nob","ascension_level":16}