{"gold_per_floor":[110,129,143,160,8,8,37,37,60,60,89,89,119,149,149,250,250,268,268,368,72,72,72],"floor_reached":23,"playtime":3065,"items_purged":[],"score":215,"play_id":"d8ed437f-6b2a-48df-ac3c-85c15e909c87","local_time":"20190129220352","is_ascension_mode":true,"campfire_choices":[{"data":"Leg Sweep","floor":6,"key":"SMITH"},{"data":"Bullet Time","floor":10,"key":"SMITH"},{"data":"Noxious Fumes","floor":12,"key":"SMITH"},{"data":"Dodge and Roll","floor":15,"key":"SMITH"}],"neow_cost":"NONE","seed_source_timestamp":1422173898451337,"circlet_count":0,"master_deck":["Defend_G","Defend_G","Defend_G","Defend_G","Strike_G","Strike_G","Strike_G","Strike_G","Strike_G","Survivor","Neutralize","Endless Agony","Dodge and Roll+1","Outmaneuver","Leg Sweep+1","Deadly Poison","Noxious Fumes+1","Calculated Gamble","Bullet Time+1","Expertise","Well Laid Plans","Dodge and Roll","Venomology","Predator+1","Caltrops","Heel Hook+1","Sadistic Nature","Acrobatics","Shame"],"relics":["Ring of the Serpent","Boot","Bronze Scales","Odd Mushroom","Matryoshka","Nilry\u0027s Codex","Thread and Needle","Molten Egg 2","Lantern"],"potions_floor_usage":[7,11,11,14,20,20,20,20,23,23],"damage_taken":[{"damage":0,"enemies":"2 Louse","floor":1,"turns":4},{"damage":12,"enemies":"Jaw Worm","floor":2,"turns":6},{"damage":0,"enemies":"Small Slimes","floor":3,"turns":5},{"damage":0,"enemies":"3 Louse","floor":4,"turns":8},{"damage":11,"enemies":"Gremlin Nob","floor":7,"turns":5},{"damage":5,"enemies":"3 Sentries","floor":11,"turns":9},{"damage":10,"enemies":"The Mushroom Lair","floor":13,"turns":4},{"damage":1,"enemies":"Lagavulin","floor":14,"turns":7},{"damage":2,"enemies":"The Guardian","floor":16,"turns":9},{"damage":3,"enemies":"Chosen","floor":18,"turns":6},{"damage":14,"enemies":"Colosseum Slavers","floor":20,"turns":5},{"damage":29,"enemies":"Colosseum Nobs","floor":20,"turns":5},{"damage":14,"enemies":"Slavers","floor":23,"turns":4}],"seed_played":"-1778724402458922374","potions_obtained":[{"floor":3,"key":"EntropicBrew"},{"floor":4,"key":"Poison Potion"},{"floor":11,"key":"Dexterity Potion"}],"is_trial":false,"path_per_floor":["M","M","M","M","$","R","E","?","T","R","E","R","?","E","R","B",null,"M","?","?","$","?","E"],"character_chosen":"THE_SILENT","items_purchased":["Noxious Fumes","Calculated Gamble","Heel Hook+1","Sadistic Nature","Acrobatics"],"campfire_rested":0,"item_purchase_floors":[5,5,21,21,21],"current_hp_per_floor":[70,58,58,58,58,58,47,40,40,40,35,35,25,24,24,22,70,67,51,8,8,8,0],"gold":72,"neow_bonus":"THREE_CARDS","is_prod":false,"is_daily":false,"chose_seed":false,"campfire_upgraded":4,"win_rate":0,"timestamp":1548795832,"path_taken":["M","M","M","M","$","R","E","?","T","R","E","R","?","E","R","BOSS","M","?","?","$","?","E"],"build_version":"2019-01-23","purchased_purges":0,"victory":false,"max_hp_per_floor":[70,70,70,70,70,70,70,70,70,70,70,70,70,70,70,70,70,70,70,70,70,70,70],"card_choices":[{"not_picked":["Outmaneuver","Dagger Throw"],"picked":"Endless Agony","floor":0},{"not_picked":["Slice","Riddle With Holes"],"picked":"Dodge and Roll","floor":1},{"not_picked":["Deflect","Dodge and Roll"],"picked":"Outmaneuver","floor":2},{"not_picked":["Deadly Poison","Underhanded Strike"],"picked":"Leg Sweep","floor":3},{"not_picked":["Slice","Caltrops"],"picked":"Deadly Poison","floor":4},{"not_picked":["Backstab","Catalyst"],"picked":"Bullet Time","floor":7},{"not_picked":["Prepared","PiercingWail"],"picked":"Expertise","floor":11},{"not_picked":["Deadly Poison","Infinite Blades"],"picked":"Well Laid Plans","floor":13},{"not_picked":["Well Laid Plans","Infinite Blades"],"picked":"Dodge and Roll","floor":14},{"not_picked":["Envenom","A Thousand Cuts"],"picked":"Venomology","floor":16},{"not_picked":["Terror","Flechettes"],"picked":"Predator+1","floor":18},{"not_picked":["Accuracy+1","Dodge and Roll"],"picked":"Caltrops","floor":20}],"player_experience":84907,"relics_obtained":[{"floor":7,"key":"Boot"},{"floor":11,"key":"Bronze Scales"},{"floor":13,"key":"Odd Mushroom"},{"floor":14,"key":"Matryoshka"},{"floor":19,"key":"Nilry\u0027s Codex"},{"floor":20,"key":"Thread and Needle"},{"floor":20,"key":"Molten Egg 2"}],"event_choices":[{"cards_removed":["Defend_G"],"damage_healed":0,"gold_gain":0,"player_choice":"Card Removal","damage_taken":7,"max_hp_gain":0,"max_hp_loss":0,"event_name":"Golden Wing","floor":8,"gold_loss":0},{"damage_healed":0,"gold_gain":0,"player_choice":"Fought Mushrooms","damage_taken":0,"max_hp_gain":0,"max_hp_loss":0,"event_name":"Mushrooms","floor":13,"gold_loss":0},{"damage_healed":0,"gold_gain":0,"player_choice":"Obtained Book","damage_taken":16,"max_hp_gain":0,"max_hp_loss":0,"event_name":"Cursed Tome","floor":19,"gold_loss":0},{"damage_healed":0,"gold_gain":0,"player_choice":"Fight","damage_taken":0,"max_hp_gain":0,"max_hp_loss":0,"event_name":"Colosseum","floor":20,"gold_loss":0},{"damage_healed":0,"gold_gain":0,"player_choice":"Fought Nobs","damage_taken":0,"max_hp_gain":0,"max_hp_loss":0,"event_name":"Colosseum","floor":20,"gold_loss":0},{"damage_healed":0,"gold_gain":0,"player_choice":"Stole Relic","damage_taken":0,"relics_obtained":["Lantern"],"max_hp_gain":0,"max_hp_loss":0,"event_name":"Addict","floor":22,"gold_loss":0,"cards_obtained":["Shame"]}],"is_beta":false,"boss_relics":[{"not_picked":["Empty Cage","Calling Bell"],"picked":"Ring of the Serpent"}],"items_purged_floors":[],"is_endless":false,"potions_floor_spawned":[3,4,11,13,20],"killed_by":"Slavers","ascension_level":1}