{"gold_per_floor":[113,131,144,164,16,16,49,49,49,63,63,78,78,78,78,150,150,161,161,161,161,63,63,73,73,97,97,107,120,120],"floor_reached":30,"playtime":999,"items_purged":[],"score":403,"play_id":"8ebc651b-a1cf-4aa2-ae68-5bd5ff787e91","local_time":"20190301000443","is_ascension_mode":true,"campfire_choices":[{"data":"Bash","floor":6,"key":"SMITH"},{"floor":11,"key":"REST"},{"data":"Perfected Strike","floor":15,"key":"SMITH"},{"floor":23,"key":"REST"},{"data":"Demon Form","floor":25,"key":"SMITH"},{"floor":27,"key":"REST"}],"neow_cost":"NONE","seed_source_timestamp":152593578160184,"circlet_count":0,"master_deck":["AscendersBane","Strike_R","Strike_R","Strike_R+1","Strike_R+1","Strike_R","Defend_R+1","Defend_R","Defend_R","Defend_R","Bash+1","Exhume+1","Perfected Strike","Shrug It Off","Warcry+1","Inflame+1","Perfected Strike+1","Shrug It Off","Feel No Pain","Demon Form+1","Madness","Uppercut"],"relics":["Burning Blood","Bag of Marbles","War Paint","Whetstone","Busted Crown","Art of War"],"potions_floor_usage":[10],"damage_taken":[{"damage":1,"enemies":"Cultist","floor":1,"turns":4},{"damage":1,"enemies":"2 Louse","floor":2,"turns":3},{"damage":2,"enemies":"Jaw Worm","floor":3,"turns":3},{"damage":13,"enemies":"3 Louse","floor":4,"turns":5},{"damage":32,"enemies":"Gremlin Nob","floor":7,"turns":4},{"damage":6,"enemies":"Exordium Thugs","floor":10,"turns":4},{"damage":10,"enemies":"Lots of Slimes","floor":12,"turns":5},{"damage":32,"enemies":"The Guardian","floor":16,"turns":10},{"damage":36,"enemies":"3 Byrds","floor":18,"turns":6},{"damage":11,"enemies":"2 Thieves","floor":24,"turns":3},{"damage":12,"enemies":"Centurion and Healer","floor":28,"turns":5},{"damage":24,"enemies":"Snake Plant","floor":29,"turns":3},{"damage":35,"enemies":"Cultist and Chosen","floor":30,"turns":6}],"seed_played":"2629122688915610459","potions_obtained":[{"floor":1,"key":"Dexterity Potion"},{"floor":4,"key":"Block Potion"},{"floor":28,"key":"Poison Potion"}],"is_trial":false,"path_per_floor":["M","M","M","M","$","R","E","?","T","M","R","M","?","$","R","B",null,"M","?","?","?","$","R","M","R","T","R","M","M","M"],"character_chosen":"IRONCLAD","items_purchased":["Bag of Marbles","Madness"],"campfire_rested":3,"item_purchase_floors":[5,22],"current_hp_per_floor":[73,75,75,68,68,68,42,19,19,19,41,37,42,42,42,16,64,34,34,34,11,11,36,31,31,31,56,50,32,0],"gold":120,"neow_bonus":"ONE_RANDOM_RARE_CARD","is_prod":false,"is_daily":false,"chose_seed":false,"campfire_upgraded":3,"win_rate":0,"timestamp":1551366283,"path_taken":["M","?","M","M","$","R","E","?","T","M","R","M","?","?","R","BOSS","M","?","?","?","$","R","?","R","T","R","M","M","?"],"build_version":"2019-01-23","purchased_purges":0,"victory":false,"max_hp_per_floor":[75,75,75,75,75,75,75,75,75,75,75,75,80,80,80,80,80,80,80,80,85,85,85,85,85,85,85,85,85,85],"card_choices":[{"not_picked":["Bloodletting","Warcry"],"picked":"Perfected Strike","floor":1},{"not_picked":["Intimidate","Iron Wave"],"picked":"Shrug It Off","floor":2},{"not_picked":["Rampage","Body Slam"],"picked":"Warcry","floor":3},{"not_picked":["Rage","Iron Wave"],"picked":"Inflame","floor":4},{"not_picked":["Berserk","Wild Strike"],"picked":"Perfected Strike","floor":7},{"not_picked":["Warcry","Thunderclap"],"picked":"Shrug It Off","floor":10},{"not_picked":["Corruption","Burning Pact"],"picked":"Feel No Pain","floor":12},{"not_picked":["Dark Embrace","Fiend Fire"],"picked":"Demon Form","floor":16},{"not_picked":["Sever Soul"],"picked":"SKIP","floor":18},{"not_picked":["Burning Pact"],"picked":"SKIP","floor":24},{"not_picked":[],"picked":"Uppercut","floor":28},{"not_picked":["Thunderclap"],"picked":"SKIP","floor":29}],"player_experience":597875,"relics_obtained":[{"floor":7,"key":"War Paint"},{"floor":9,"key":"Whetstone"},{"floor":26,"key":"Art of War"}],"event_choices":[{"damage_healed":0,"gold_gain":0,"player_choice":"Entered Light","damage_taken":23,"max_hp_gain":0,"max_hp_loss":0,"event_name":"Shining Light","floor":8,"gold_loss":0,"cards_upgraded":["Defend_R","Inflame"]},{"damage_healed":0,"gold_gain":0,"player_choice":"Donut","damage_taken":0,"max_hp_gain":5,"max_hp_loss":0,"event_name":"Big Fish","floor":13,"gold_loss":0},{"damage_healed":0,"gold_gain":0,"player_choice":"Ignored","damage_taken":0,"max_hp_gain":0,"max_hp_loss":0,"event_name":"Beggar","floor":19,"gold_loss":0},{"damage_healed":0,"gold_gain":0,"player_choice":"Ignored","damage_taken":0,"max_hp_gain":0,"max_hp_loss":0,"event_name":"Ghosts","floor":20,"gold_loss":0},{"damage_healed":0,"gold_gain":0,"player_choice":"Shed Blood","damage_taken":28,"max_hp_gain":5,"max_hp_loss":0,"event_name":"Forgotten Altar","floor":21,"gold_loss":0}],"is_beta":false,"boss_relics":[{"not_picked":["White Beast Statue","Empty Cage"],"picked":"Busted Crown"}],"items_purged_floors":[],"is_endless":false,"potions_floor_spawned":[1,4,7,28],"killed_by":"Cultist and Chosen","ascension_level":15}