{"gold_per_floor":[115,135,153,6,17,17,50,50,125,155,155,120,120,1,1,106,106,120,154,168,180,192,192,212,238,238,252,286,299,299,314,314,416,416,433,120,120,140,90,90,116,116,116,162,197,197,297,329,329,329],"floor_reached":51,"playtime":4050,"items_purged":["Strike_G","Strike_G","Strike_G"],"score":1100,"play_id":"103a24b7-44fd-4e2a-a668-380c5ae98332","local_time":"20190303222811","is_ascension_mode":true,"campfire_choices":[{"data":"Neutralize","floor":6,"key":"SMITH"},{"floor":8,"key":"REST"},{"data":"Noxious Fumes","floor":11,"key":"SMITH"},{"data":"Malaise","floor":15,"key":"SMITH"},{"floor":23,"key":"REST"},{"floor":32,"key":"REST"},{"floor":40,"key":"REST"},{"floor":42,"key":"REST"},{"floor":46,"key":"REST"},{"floor":49,"key":"REST"}],"neow_cost":"NONE","seed_source_timestamp":1462208405976415,"circlet_count":0,"master_deck":["AscendersBane","Defend_G","Defend_G","Defend_G","Defend_G","Defend_G","Strike_G","Strike_G","Survivor","Neutralize+1","Die Die Die","Noxious Fumes+1","Backstab","Backstab","Die Die Die","Cloak And Dagger","Adrenaline","Malaise+1","Noxious Fumes","Corpse Explosion","Footwork","Endless Agony","PiercingWail","Bouncing Flask+1","Footwork","Crippling Poison","Dodge and Roll","Caltrops+1","Panache+1","Blur+1","Caltrops+1","Malaise+1","Bane+1","Envenom+1"],"relics":["Ring of the Snake","Torii","Gremlin Horn","Smiling Mask","Fusion Hammer","Red Mask","Happy Flower","Frozen Egg 2","The Specimen","Calipers","Sozu","TwistedFunnel","Toxic Egg 2","Girya","Pocketwatch","Dodecahedron","FossilizedHelix","Thread and Needle"],"potions_floor_usage":[10,19,20,22,33,50],"damage_taken":[{"damage":3,"enemies":"Cultist","floor":1,"turns":5},{"damage":6,"enemies":"Jaw Worm","floor":2,"turns":4},{"damage":0,"enemies":"2 Louse","floor":3,"turns":1},{"damage":2,"enemies":"Exordium Wildlife","floor":5,"turns":5},{"damage":30,"enemies":"Lagavulin","floor":7,"turns":7},{"damage":14,"enemies":"Gremlin Nob","floor":10,"turns":4},{"damage":2,"enemies":"The Guardian","floor":16,"turns":10},{"damage":1,"enemies":"3 Byrds","floor":18,"turns":4},{"damage":0,"enemies":"Masked Bandits","floor":19,"turns":1},{"damage":1,"enemies":"Shell Parasite","floor":20,"turns":5},{"damage":1,"enemies":"Snake Plant","floor":21,"turns":5},{"damage":8,"enemies":"Shelled Parasite and Fungi","floor":22,"turns":6},{"damage":0,"enemies":"3 Cultists","floor":24,"turns":2},{"damage":3,"enemies":"Gremlin Leader","floor":25,"turns":6},{"damage":4,"enemies":"Snake Plant","floor":27,"turns":5},{"damage":3,"enemies":"Book of Stabbing","floor":28,"turns":6},{"damage":2,"enemies":"Shelled Parasite and Fungi","floor":29,"turns":4},{"damage":0,"enemies":"Sentry and Sphere","floor":31,"turns":3},{"damage":16,"enemies":"Automaton","floor":33,"turns":8},{"damage":0,"enemies":"3 Shapes","floor":35,"turns":5},{"damage":8,"enemies":"Orb Walker","floor":38,"turns":4},{"damage":6,"enemies":"Reptomancer","floor":41,"turns":4},{"damage":48,"enemies":"2 Orb Walkers","floor":44,"turns":4},{"damage":2,"enemies":"Giant Head","floor":45,"turns":9},{"damage":0,"enemies":"Mind Bloom Boss Battle","floor":47,"turns":6},{"damage":11,"enemies":"Reptomancer","floor":48,"turns":4},{"damage":44,"enemies":"Time Eater","floor":50,"turns":12}],"seed_played":"8582399747956602223","potions_obtained":[{"floor":5,"key":"SneckoOil"},{"floor":7,"key":"GamblersBrew"},{"floor":10,"key":"Block Potion"},{"floor":16,"key":"Poison Potion"},{"floor":20,"key":"Weak Potion"},{"floor":21,"key":"LiquidBronze"},{"floor":27,"key":"Strength Potion"}],"is_trial":false,"path_per_floor":["M","M","M","$","M","R","E","R","T","E","R","?","?","$","R","B",null,"M","?","M","M","M","R","M","E","T","M","E","M","?","M","R","B",null,"M","$","?","M","$","R","E","R","T","?","E","R","?","E","R","B",null],"character_chosen":"THE_SILENT","items_purchased":["Die Die Die","Noxious Fumes","Caltrops+1","TwistedFunnel"],"campfire_rested":7,"item_purchase_floors":[4,14,36,36],"current_hp_per_floor":[60,54,54,54,52,52,22,43,43,29,29,46,51,51,51,49,69,68,68,67,66,58,75,75,72,72,68,65,63,63,63,75,59,71,71,71,71,63,63,75,69,75,75,27,25,47,47,36,58,14],"gold":329,"neow_bonus":"ONE_RANDOM_RARE_CARD","is_prod":false,"is_daily":false,"chose_seed":false,"campfire_upgraded":3,"win_rate":0,"timestamp":1551673691,"path_taken":["M","M","M","$","?","R","E","R","T","E","R","?","?","?","R","BOSS","M","?","M","M","M","R","M","E","T","M","E","M","?","?","R","BOSS","M","$","?","M","$","R","E","R","T","?","E","R","?","E","R","BOSS"],"build_version":"2019-01-23","purchased_purges":3,"victory":true,"max_hp_per_floor":[70,70,70,70,70,70,70,70,70,70,70,70,75,75,75,75,75,75,75,75,75,75,75,75,75,75,75,75,75,75,75,75,75,75,75,75,75,75,75,75,75,75,75,75,75,75,75,75,75,75],"card_choices":[{"not_picked":["Bane","Dodge and Roll"],"picked":"Noxious Fumes","floor":1},{"not_picked":["Backflip","Dagger Throw"],"picked":"Backstab","floor":2},{"not_picked":["Prepared","Bane"],"picked":"Backstab","floor":3},{"not_picked":["Slice","Prepared"],"picked":"Cloak And Dagger","floor":5},{"not_picked":["Sucker Punch","Dagger Throw"],"picked":"Adrenaline","floor":7},{"not_picked":["Dagger Spray","Cloak And Dagger"],"picked":"Malaise","floor":10},{"not_picked":["Adrenaline","Night Terror"],"picked":"Corpse Explosion","floor":16},{"not_picked":["Bane","Bouncing Flask","Caltrops"],"picked":"SKIP","floor":18},{"not_picked":["Dodge and Roll","Sucker Punch"],"picked":"Footwork","floor":19},{"not_picked":["Terror","Flying Knee"],"picked":"Endless Agony","floor":20},{"not_picked":["Blade Dance+1","Underhanded Strike","Flying Knee+1"],"picked":"SKIP","floor":21},{"not_picked":["Underhanded Strike","Deflect"],"picked":"PiercingWail","floor":22},{"not_picked":["Corpse Explosion","Heel Hook"],"picked":"Bouncing Flask+1","floor":24},{"not_picked":["Slice+1","Quick Slash"],"picked":"Footwork","floor":25},{"not_picked":["Dodge and Roll","Poisoned Stab"],"picked":"Crippling Poison","floor":27},{"not_picked":["Phantasmal Killer","Sucker Punch","Dagger Spray"],"picked":"SKIP","floor":28},{"not_picked":["Phantasmal Killer","Sucker Punch","Dagger Spray"],"picked":"SKIP","floor":28},{"not_picked":["Prepared","Endless Agony"],"picked":"Dodge and Roll","floor":29},{"not_picked":["Outmaneuver","Flying Knee","Finisher"],"picked":"SKIP","floor":31},{"not_picked":["Deadly Poison+1","Slice+1","Underhanded Strike+1"],"picked":"SKIP","floor":35},{"not_picked":["Bandage Up","Discovery"],"picked":"Panache+1","floor":37},{"not_picked":["Terror","Slice"],"picked":"Blur+1","floor":38},{"not_picked":["Quick Slash+1","Sucker Punch+1","Underhanded Strike+1"],"picked":"SKIP","floor":41},{"not_picked":["Dagger Throw","Bane"],"picked":"Caltrops+1","floor":44},{"not_picked":["Bane","Sucker Punch"],"picked":"Malaise+1","floor":45},{"not_picked":["Outmaneuver+1","Escape Plan+1"],"picked":"Bane+1","floor":47},{"not_picked":["Footwork+1","Sucker Punch"],"picked":"Envenom+1","floor":48}],"player_experience":561871,"relics_obtained":[{"floor":7,"key":"Torii"},{"floor":9,"key":"Gremlin Horn"},{"floor":10,"key":"Smiling Mask"},{"floor":19,"key":"Red Mask"},{"floor":25,"key":"Happy Flower"},{"floor":26,"key":"Frozen Egg 2"},{"floor":28,"key":"The Specimen"},{"floor":30,"key":"Calipers"},{"floor":41,"key":"Toxic Egg 2"},{"floor":43,"key":"Girya"},{"floor":44,"key":"Pocketwatch"},{"floor":45,"key":"Dodecahedron"},{"floor":47,"key":"FossilizedHelix"},{"floor":48,"key":"Thread and Needle"}],"event_choices":[{"damage_healed":17,"gold_gain":0,"player_choice":"Healed","damage_taken":0,"max_hp_gain":0,"max_hp_loss":0,"event_name":"The Cleric","floor":12,"gold_loss":35},{"damage_healed":0,"gold_gain":0,"player_choice":"Donut","damage_taken":0,"max_hp_gain":5,"max_hp_loss":0,"event_name":"Big Fish","floor":13,"gold_loss":0},{"damage_healed":0,"gold_gain":0,"player_choice":"Fought Bandits","damage_taken":0,"max_hp_gain":0,"max_hp_loss":0,"event_name":"Masked Bandits","floor":19,"gold_loss":0},{"damage_healed":0,"gold_gain":0,"player_choice":"Relic","damage_taken":0,"max_hp_gain":0,"max_hp_loss":0,"event_name":"Wheel of Change","floor":30,"gold_loss":0},{"damage_healed":0,"gold_gain":0,"player_choice":"Memory 1","damage_taken":0,"max_hp_gain":0,"max_hp_loss":0,"event_name":"SensoryStone","floor":37,"gold_loss":0},{"damage_healed":0,"gold_gain":0,"player_choice":"Fight","damage_taken":0,"max_hp_gain":0,"max_hp_loss":0,"event_name":"Mysterious Sphere","floor":44,"gold_loss":0},{"damage_healed":0,"gold_gain":0,"player_choice":"Fight","damage_taken":0,"max_hp_gain":0,"max_hp_loss":0,"event_name":"MindBloom","floor":47,"gold_loss":0}],"is_beta":false,"boss_relics":[{"not_picked":["WristBlade","Busted Crown"],"picked":"Fusion Hammer"},{"not_picked":["Cursed Key","HoveringKite"],"picked":"Sozu"}],"items_purged_floors":[14,36,39],"is_endless":false,"potions_floor_spawned":[5,7,10,16,20,21,27,31,44,47,48],"ascension_level":10}