{"path_per_floor":["M","$","?","M","M","E","M","R","T","R","M","M","E","?","R","B",null,"M","?","M","$","M","?","R","?","T","R","M","E","R","M","R","B",null,"M","?","?","M","M","R","M","T","T","R","M","M","$","M","R","B"],"character_chosen":"IRONCLAD","items_purchased":["Thread and Needle","Whirlwind","Bird Faced Urn"],"gold_per_floor":[369,2,2,12,32,63,81,81,135,135,152,163,195,195,195,321,321,335,335,355,58,74,74,74,74,97,97,116,157,157,176,176,299,299,315,315,648,661,674,674,691,691,772,772,785,799,799,816,816,816],"floor_reached":51,"campfire_rested":1,"playtime":3939,"current_hp_per_floor":[70,70,75,77,77,77,77,77,77,77,76,77,77,58,58,26,77,64,49,58,58,69,69,69,69,69,69,69,79,79,82,82,82,65,65,65,65,65,65,65,65,65,65,65,65,65,65,42,61,65],"items_purged":[],"gold":816,"play_id":"34f9478e-9b86-49d9-90f6-8bc479dd458f","is_prod":false,"is_daily":false,"is_ascension_mode":false,"campfire_upgraded":7,"path_taken":["M","$","?","M","M","E","M","R","T","R","M","M","E","?","R","BOSS","M","?","M","$","M","?","R","?","T","R","?","E","R","M","R","BOSS","M","?","?","?","M","R","M","?","T","R","M","M","$","M","R","BOSS"],"build_version":"2018-01-25-PROD3","purchased_purges":0,"victory":true,"master_deck":["Strike_R","Strike_R","Strike_R","Strike_R","Defend_R","Defend_R","Defend_R","Defend_R","Bash","Shrug It Off","Whirlwind+1","Inflame","Clothesline","Disarm","True Grit+1","Metallicize+1","Barricade+1","Juggernaut+1","Iron Wave+1","Metallicize+1","Reaper","Demon Form+1","Shrug It Off+1","Bloodletting+1","Dual Wield+1"],"max_hp_per_floor":[72,72,77,77,77,77,77,77,77,77,77,77,77,77,77,77,77,77,82,82,82,82,82,82,82,82,82,82,82,82,82,82,82,65,65,65,65,65,65,65,65,65,65,65,65,65,65,65,65,65],"relics":["Burning Blood","Thread and Needle","Shovel","Art of War","Magic Flower","Velvet Choker","Bird Faced Urn","Pen Nib","Happy Flower","Shuriken","Runic Cube","Peace Pipe","Centennial Puzzle"],"card_choices":[{"not_picked":["Headbutt","Blood for Blood"],"picked":"Shrug It Off"},{"not_picked":["Dual Wield","Thunderclap"],"picked":"Inflame"},{"not_picked":["Perfected Strike","Dual Wield"],"picked":"Clothesline"},{"not_picked":["Heavy Blade","Ghostly Armor"],"picked":"Disarm"},{"not_picked":["Clash","Entrench"],"picked":"True Grit"},{"not_picked":["Heavy Blade","Body Slam"],"picked":"Metallicize"},{"not_picked":["Cleave","Intimidate"],"picked":"Barricade"},{"not_picked":["Dark Embrace","Bludgeon"],"picked":"Juggernaut"},{"not_picked":["Anger","Armaments"],"picked":"Iron Wave"},{"not_picked":["True Grit","Body Slam"],"picked":"Metallicize"},{"not_picked":["Armaments","Disarm"],"picked":"Reaper"},{"not_picked":["Fiend Fire","Juggernaut"],"picked":"Demon Form"},{"not_picked":["Second Wind","Iron Wave"],"picked":"Shrug It Off"},{"not_picked":["Uppercut","Pummel"],"picked":"Bloodletting"},{"not_picked":["Armaments","Wild Strike"],"picked":"Dual Wield"}],"player_experience":305564,"potions_floor_usage":[28,29,50,50],"damage_taken":[{"damage":8,"enemies":"Jaw Worm","floor":1,"turns":5},{"damage":2,"enemies":"2 Louse","floor":4,"turns":2},{"damage":1,"enemies":"Cultist","floor":5,"turns":3},{"damage":5,"enemies":"Gremlin Nob","floor":6,"turns":4},{"damage":4,"enemies":"Exordium Wildlife","floor":7,"turns":4},{"damage":7,"enemies":"Exordium Thugs","floor":11,"turns":6},{"damage":0,"enemies":"Large Slime","floor":12,"turns":5},{"damage":5,"enemies":"3 Sentries","floor":13,"turns":4},{"damage":41,"enemies":"Hexaghost","floor":16,"turns":14},{"damage":22,"enemies":"2 Thieves","floor":18,"turns":4},{"damage":0,"enemies":"Shell Parasite","floor":20,"turns":6},{"damage":7,"enemies":"Snake Plant","floor":22,"turns":5},{"damage":18,"enemies":"3 Cultists","floor":28,"turns":5},{"damage":14,"enemies":"Gremlin Leader","floor":29,"turns":9},{"damage":0,"enemies":"Snecko","floor":31,"turns":6},{"damage":0,"enemies":"Automaton","floor":33,"turns":11},{"damage":11,"enemies":"3 Darklings","floor":35,"turns":4},{"damage":0,"enemies":"3 Shapes","floor":38,"turns":6},{"damage":18,"enemies":"Sphere and 2 Shapes","floor":39,"turns":11},{"damage":0,"enemies":"Maw","floor":41,"turns":8},{"damage":3,"enemies":"3 Darklings","floor":45,"turns":5},{"damage":18,"enemies":"Sphere and 2 Shapes","floor":46,"turns":7},{"damage":42,"enemies":"4 Shapes","floor":48,"turns":7},{"damage":9,"enemies":"Time Eater","floor":50,"turns":13}],"event_choices":[{"event_name":"Big Fish","player_choice":"Donut","floor":3,"damage_taken":0},{"event_name":"Golden Idol","player_choice":"Take Damage","floor":14,"damage_taken":0},{"event_name":"Forgotten Altar","player_choice":"Shed Blood","floor":19,"damage_taken":0},{"event_name":"Drug Dealer","player_choice":"Ignored","floor":23,"damage_taken":0},{"event_name":"N\u0027loth","player_choice":"Ignored","floor":25,"damage_taken":0},{"event_name":"The Woman in Blue","player_choice":"Bought 0 Potions","floor":36,"damage_taken":0},{"event_name":"The Moai Head","player_choice":"Gave Idol","floor":37,"damage_taken":0}],"boss_relics":[{"not_picked":["Calling Bell","Snecko Eye"],"picked":"Velvet Choker"},{"not_picked":["Pandora\u0027s Box","Runic Pyramid"],"picked":"Runic Cube"}],"potions_floor_spawned":[7,12,16,22,28,33,35,46],"seed_played":"9023825854871412702","ascension_level":0,"is_trial":false}