{"gold_per_floor":[113,127,52,52,64,84,116,116,116,132,165,179,179,196,196,291,291,304,304,314,26,40,40,59,86,111,111,138,156,187,262,262,362,362,378,396,423,441,441,441,460,505,505,331,331,43,61,73,73,73,73,73,25,55,55],"floor_reached":56,"playtime":4355,"items_purged":["Normality","Pain","Strike_R"],"score":1485,"play_id":"66681ad9-f4e7-4ff8-ab77-66e6ab6266c9","local_time":"20181125234326","is_ascension_mode":true,"campfire_choices":[{"floor":8,"key":"RECALL"},{"floor":13,"key":"REST"},{"floor":15,"key":"REST"},{"data":"Armaments","floor":23,"key":"SMITH"},{"data":"Limit Break","floor":27,"key":"SMITH"},{"data":"Body Slam","floor":32,"key":"SMITH"},{"data":"Uppercut","floor":40,"key":"SMITH"},{"floor":45,"key":"REST"},{"floor":49,"key":"REST"},{"data":"Impervious","floor":52,"key":"SMITH"}],"neow_cost":"CURSE","seed_source_timestamp":1033664174943947,"circlet_count":0,"master_deck":["Strike_R","Strike_R","Strike_R","Defend_R","Defend_R","Defend_R","Defend_R","Bash","Pommel Strike","Armaments+1","Impervious+1","Disarm","Shockwave","Disarm","Uppercut+1","Limit Break+1","Corruption+1","Cleave","Metallicize+1","Barricade+1","Intimidate+1","True Grit","Entrench","Ghostly Armor","Metallicize+1","Flame Barrier","Iron Wave","Pommel Strike","Demon Form+1","Dark Embrace+1","Iron Wave+1","Seeing Red+1","Body Slam+1","Offering","Heavy Blade+1","Infernal Blade+1","Body Slam+1","Iron Wave","True Grit","Disarm","Clothesline+1","Sentinel+1"],"relics":["Burning Blood","Prayer Wheel","WarpedTongs","Frozen Egg 2","Bird Faced Urn","Velvet Choker","Omamori","Strawberry","Pantograph","Red Mask","Busted Crown","Orichalcum","Incense Burner","Ornamental Fan","Strange Spoon","Dream Catcher"],"potions_floor_usage":[7,7,11,29,30,33,38,38,38,54],"damage_taken":[{"damage":3,"enemies":"Small Slimes","floor":1,"turns":3},{"damage":6,"enemies":"Cultist","floor":2,"turns":3},{"damage":6,"enemies":"2 Louse","floor":5,"turns":2},{"damage":14,"enemies":"Blue Slaver","floor":6,"turns":4},{"damage":22,"enemies":"Lagavulin","floor":7,"turns":6},{"damage":13,"enemies":"3 Louse","floor":10,"turns":5},{"damage":30,"enemies":"3 Sentries","floor":11,"turns":9},{"damage":7,"enemies":"Red Slaver","floor":12,"turns":5},{"damage":14,"enemies":"Gremlin Gang","floor":14,"turns":5},{"damage":27,"enemies":"Hexaghost","floor":16,"turns":12},{"damage":6,"enemies":"Chosen","floor":18,"turns":6},{"damage":17,"enemies":"Spheric Guardian","floor":20,"turns":5},{"damage":8,"enemies":"Shelled Parasite and Fungi","floor":22,"turns":9},{"damage":4,"enemies":"Snake Plant","floor":24,"turns":7},{"damage":11,"enemies":"Slavers","floor":25,"turns":9},{"damage":11,"enemies":"Book of Stabbing","floor":28,"turns":8},{"damage":22,"enemies":"Centurion and Healer","floor":29,"turns":6},{"damage":27,"enemies":"Masked Bandits","floor":30,"turns":7},{"damage":18,"enemies":"Collector","floor":33,"turns":8},{"damage":16,"enemies":"3 Darklings","floor":35,"turns":7},{"damage":6,"enemies":"3 Shapes","floor":36,"turns":7},{"damage":10,"enemies":"Transient","floor":38,"turns":5},{"damage":14,"enemies":"Jaw Worm Horde","floor":41,"turns":7},{"damage":57,"enemies":"2 Orb Walkers","floor":42,"turns":8},{"damage":25,"enemies":"Maw","floor":47,"turns":8},{"damage":26,"enemies":"3 Darklings","floor":48,"turns":7},{"damage":38,"enemies":"Awakened One","floor":50,"turns":10},{"damage":72,"enemies":"Shield and Spear","floor":54,"turns":12},{"damage":38,"enemies":"The Heart","floor":55,"turns":12}],"seed_played":"-6896535369839180864","potions_obtained":[{"floor":5,"key":"SkillPotion"},{"floor":6,"key":"EssenceOfSteel"},{"floor":7,"key":"Block Potion"},{"floor":11,"key":"EssenceOfSteel"},{"floor":25,"key":"SteroidPotion"},{"floor":28,"key":"EssenceOfSteel"},{"floor":30,"key":"Strength Potion"},{"floor":35,"key":"Swift Potion"},{"floor":36,"key":"Weak Potion"},{"floor":54,"key":"Fire Potion"}],"is_trial":false,"path_per_floor":["M","M","$","?","M","M","E","R","T","M","E","M","R","M","R","B",null,"M","?","M","$","M","R","M","E","T","R","E","M","?","?","R","B",null,"M","M","T","M","?","R","M","?","T","$","R","$","M","M","R","B",null,"R","$","E","B",null],"character_chosen":"IRONCLAD","items_purchased":["Entrench","Ghostly Armor","Metallicize+1","Iron Wave","Strange Spoon","True Grit","Fire Potion","Block Potion"],"campfire_rested":4,"item_purchase_floors":[21,21,21,44,46,46,46,53],"current_hp_per_floor":[75,75,75,75,75,67,51,51,51,44,20,19,43,37,61,44,71,77,77,71,71,77,77,80,80,87,87,87,77,68,60,60,83,86,86,87,87,83,83,83,77,36,36,36,60,60,53,45,69,61,78,78,78,24,29],"gold":55,"neow_bonus":"ONE_RARE_RELIC","is_prod":false,"is_daily":false,"chose_seed":false,"campfire_upgraded":5,"win_rate":0,"timestamp":1543211006,"path_taken":["M","M","$","?","?","M","E","R","T","M","E","M","R","M","R","BOSS","M","?","M","$","M","R","M","E","T","R","E","M","?","?","R","BOSS","M","M","?","?","?","R","M","?","T","?","R","$","M","M","R","BOSS","R","$","E","BOSS"],"build_version":"2018-11-15","purchased_purges":3,"victory":true,"max_hp_per_floor":[80,80,80,80,80,80,80,80,80,80,80,80,80,80,80,80,80,80,80,80,80,80,80,80,80,87,87,87,87,87,87,87,87,87,87,87,87,87,83,83,83,83,83,83,83,83,83,83,83,83,83,83,83,83,83],"card_choices":[{"not_picked":["Corruption","Armaments"],"picked":"Pommel Strike","floor":1},{"not_picked":["Warcry","Thunderclap","Wild Strike"],"picked":"SKIP","floor":1},{"not_picked":["Thunderclap","Power Through"],"picked":"Armaments","floor":2},{"not_picked":["Clothesline","Wild Strike","Perfected Strike"],"picked":"SKIP","floor":2},{"not_picked":["Warcry","Headbutt"],"picked":"Impervious","floor":5},{"not_picked":["Searing Blow","Body Slam"],"picked":"Disarm","floor":5},{"not_picked":["Cleave","Heavy Blade"],"picked":"Shockwave","floor":6},{"not_picked":["Corruption","Wild Strike","Second Wind"],"picked":"SKIP","floor":6},{"not_picked":["Armaments","Corruption"],"picked":"Disarm","floor":7},{"not_picked":["Metallicize+1","Clothesline"],"picked":"Uppercut","floor":10},{"not_picked":["Twin Strike","Wild Strike","Havoc"],"picked":"SKIP","floor":10},{"not_picked":["Twin Strike","Wild Strike","Havoc"],"picked":"SKIP","floor":10},{"not_picked":["Wild Strike","Clothesline"],"picked":"Limit Break","floor":11},{"not_picked":["Perfected Strike","Intimidate"],"picked":"Corruption+1","floor":12},{"not_picked":["Bloodletting","Sword Boomerang"],"picked":"Cleave","floor":12},{"not_picked":["Evolve+1","Pummel"],"picked":"Metallicize+1","floor":14},{"not_picked":["Rupture+1","Blood for Blood","Corruption+1"],"picked":"SKIP","floor":14},{"not_picked":["Impervious","Offering"],"picked":"Barricade+1","floor":16},{"not_picked":["Sever Soul","Infernal Blade"],"picked":"Intimidate+1","floor":18},{"not_picked":["Sword Boomerang+1","Thunderclap+1","Headbutt"],"picked":"SKIP","floor":18},{"not_picked":["Pommel Strike","Headbutt"],"picked":"True Grit","floor":20},{"not_picked":["Barricade+1","Reckless Charge","Sword Boomerang"],"picked":"SKIP","floor":20},{"not_picked":["Sever Soul+1","Heavy Blade"],"picked":"Flame Barrier","floor":22},{"not_picked":["Havoc","Rampage","Cleave"],"picked":"SKIP","floor":22},{"not_picked":["Searing Blow","Thunderclap+1"],"picked":"Iron Wave","floor":24},{"not_picked":["Shockwave","Corruption+1","Pommel Strike"],"picked":"SKIP","floor":24},{"not_picked":["Shockwave","Corruption+1"],"picked":"Pommel Strike","floor":24},{"not_picked":["Sword Boomerang","Shrug It Off+1"],"picked":"Demon Form+1","floor":25},{"not_picked":["Clothesline","Dual Wield"],"picked":"Dark Embrace+1","floor":28},{"not_picked":["Pommel Strike","Anger+1"],"picked":"Iron Wave+1","floor":29},{"not_picked":["Metallicize+1","Rupture+1"],"picked":"Seeing Red+1","floor":29},{"not_picked":["Iron Wave","Clash"],"picked":"Body Slam","floor":30},{"not_picked":["Double Tap","Fiend Fire"],"picked":"Offering","floor":33},{"not_picked":[],"picked":"Heavy Blade+1","floor":35},{"not_picked":[],"picked":"Infernal Blade+1","floor":35},{"not_picked":["Thunderclap+1"],"picked":"SKIP","floor":36},{"not_picked":["Clothesline"],"picked":"SKIP","floor":36},{"not_picked":[],"picked":"Body Slam+1","floor":38},{"not_picked":["Warcry"],"picked":"SKIP","floor":38},{"not_picked":["Cleave"],"picked":"SKIP","floor":41},{"not_picked":["Reckless Charge"],"picked":"SKIP","floor":41},{"not_picked":[],"picked":"Disarm","floor":47},{"not_picked":["Fire Breathing+1"],"picked":"SKIP","floor":47},{"not_picked":[],"picked":"Clothesline+1","floor":48},{"not_picked":["Wild Strike"],"picked":"SKIP","floor":48},{"not_picked":[],"picked":"Sentinel+1","floor":54}],"player_experience":230929,"relics_obtained":[{"floor":7,"key":"Frozen Egg 2"},{"floor":11,"key":"Bird Faced Urn"},{"floor":25,"key":"Omamori"},{"floor":26,"key":"Strawberry"},{"floor":28,"key":"Pantograph"},{"floor":30,"key":"Red Mask"},{"floor":37,"key":"Orichalcum"},{"floor":42,"key":"Incense Burner"},{"floor":43,"key":"Ornamental Fan"},{"floor":54,"key":"Dream Catcher"}],"event_choices":[{"damage_healed":0,"gold_gain":0,"player_choice":"Rummage","damage_taken":0,"relics_obtained":["WarpedTongs"],"max_hp_gain":0,"max_hp_loss":0,"event_name":"Accursed Blacksmith","floor":4,"gold_loss":0,"cards_obtained":["Pain"]},{"cards_removed":["Strike_R"],"damage_healed":0,"gold_gain":0,"player_choice":"Elegance","damage_taken":0,"max_hp_gain":0,"max_hp_loss":0,"event_name":"Back to Basics","floor":19,"gold_loss":0},{"damage_healed":0,"gold_gain":0,"player_choice":"Fought Bandits","damage_taken":0,"max_hp_gain":0,"max_hp_loss":0,"event_name":"Masked Bandits","floor":30,"gold_loss":0},{"damage_healed":0,"gold_gain":75,"player_choice":"Touch","damage_taken":8,"max_hp_gain":0,"max_hp_loss":0,"event_name":"FaceTrader","floor":31,"gold_loss":0},{"damage_healed":0,"gold_gain":0,"player_choice":"Max HP","damage_taken":0,"max_hp_gain":0,"max_hp_loss":4,"event_name":"Winding Halls","floor":39,"gold_loss":0},{"damage_healed":0,"gold_gain":0,"player_choice":"Fight","damage_taken":0,"max_hp_gain":0,"max_hp_loss":0,"event_name":"Mysterious Sphere","floor":42,"gold_loss":0}],"is_beta":false,"boss_relics":[{"not_picked":["Eternal Feather","Empty Cage"],"picked":"Velvet Choker"},{"not_picked":["Runic Dome","Calling Bell"],"picked":"Busted Crown"}],"items_purged_floors":[3,21,44],"is_endless":false,"potions_floor_spawned":[5,6,7,11,25,28,30,35,36,54],"ascension_level":6}