{"path_per_floor":["M","M","M","M","M","R","E","R","T","R","?","E","M","?","R","B",null,"M","?","M","M","M","E","R","$","T","?","R","M","R","M","R","B",null,"M","T","?","?","M","R","M","$","T","M","M","R","E","M","R","B"],"character_chosen":"IRONCLAD","items_purchased":["Bag of Preparation","Bludgeon","Thread and Needle","Whetstone"],"gold_per_floor":[109,122,137,155,165,165,200,200,200,200,200,227,240,240,240,337,337,349,349,362,378,388,422,422,44,74,74,74,88,88,100,100,203,203,214,239,239,591,602,602,616,81,128,145,156,156,188,202,202,202],"floor_reached":51,"campfire_rested":0,"playtime":3935,"current_hp_per_floor":[80,80,80,79,80,80,58,58,72,72,54,58,69,69,69,25,94,88,72,76,72,53,73,73,73,73,58,58,61,61,76,76,61,99,73,73,73,88,96,96,92,92,92,102,102,102,93,102,102,79],"items_purged":["Strike_R","Strike_R"],"gold":202,"play_id":"304c9842-e2f7-4506-95c6-213c30240460","is_prod":false,"is_daily":false,"campfire_rituals":0,"campfire_upgraded":11,"is_hardmode":false,"path_taken":["M","M","M","M","M","R","E","R","T","R","?","E","M","?","R","BOSS","M","?","?","M","M","E","R","$","T","?","R","M","R","M","R","BOSS","M","?","?","?","M","R","M","$","T","M","M","R","E","?","R","BOSS"],"build_version":"2018-01-18-PROD4","purchased_purges":2,"victory":true,"master_deck":["Strike_R","Strike_R","Defend_R","Defend_R","Defend_R","Defend_R","Bash","Burning Pact","Clothesline","Metallicize","Headbutt","Reaper","Armaments","Cleave","True Grit","Immolate","Necronomicurse","Havoc","Hemokinesis","Bludgeon","Impervious","Offering","Clothesline","Feed","Shockwave","Whirlwind","Dropkick","Bloodletting","Pommel Strike","Battle Trance","Inflame"],"max_hp_per_floor":[80,80,80,80,80,80,80,80,94,94,94,94,94,94,94,94,94,94,94,94,94,94,94,94,94,94,99,99,99,99,99,99,99,99,99,99,99,102,102,102,102,102,102,102,102,102,102,102,102,105],"relics":["Burning Blood","Oddly Smooth Stone","Blood Vial","Mango","Kunai","Mark of Pain","Necronomicon","Bronze Scales","Bag of Preparation","Tiny Chest","Philosopher\u0027s Stone","Vajra","Old Coin","Thread and Needle","Whetstone","Bag of Marbles","Singing Bowl"],"campfire_meditates":0,"card_choices":[{"not_picked":["Reckless Charge","Rage"],"picked":"Burning Pact"},{"not_picked":["Flex","Headbutt"],"picked":"Clothesline"},{"not_picked":["Heavy Blade","Twin Strike"],"picked":"Metallicize"},{"not_picked":["Heavy Blade","Combust"],"picked":"Headbutt"},{"not_picked":["Warcry","Anger"],"picked":"Reaper"},{"not_picked":["Power Through","Clothesline"],"picked":"Armaments"},{"not_picked":["Sword Boomerang","Anger"],"picked":"Cleave"},{"not_picked":["Twin Strike","Blood for Blood"],"picked":"True Grit"},{"not_picked":["Reaper","Brutality"],"picked":"Immolate"},{"not_picked":["Burning Pact","Wild Strike"],"picked":"Havoc"},{"not_picked":["Headbutt","Blood for Blood"],"picked":"Hemokinesis"},{"not_picked":["True Grit","Iron Wave"],"picked":"Impervious"},{"not_picked":["Brutality","Reaper"],"picked":"Offering"},{"not_picked":["Havoc","Sword Boomerang"],"picked":"Clothesline"},{"not_picked":["Searing Blow","Ghostly Armor"],"picked":"Shockwave"},{"not_picked":["Sword Boomerang","Cleave"],"picked":"Whirlwind"},{"not_picked":["Wild Strike","Cleave"],"picked":"Dropkick"},{"not_picked":["Whirlwind","Clothesline"],"picked":"Bloodletting"},{"not_picked":["Clash","Sever Soul"],"picked":"Pommel Strike"},{"not_picked":["Ghostly Armor","Combust"],"picked":"Battle Trance"},{"not_picked":["Headbutt","Bludgeon"],"picked":"Inflame"}],"player_experience":373081,"potions_floor_usage":[12,12,23,47,47,50,50],"damage_taken":[{"damage":5,"enemies":"2 Louse","floor":1,"turns":3},{"damage":6,"enemies":"Small Slimes","floor":2,"turns":4},{"damage":4,"enemies":"Cultist","floor":3,"turns":3},{"damage":7,"enemies":"Looter","floor":4,"turns":4},{"damage":5,"enemies":"3 Louse","floor":5,"turns":3},{"damage":28,"enemies":"Gremlin Nob","floor":7,"turns":5},{"damage":14,"enemies":"Lagavulin","floor":12,"turns":5},{"damage":0,"enemies":"Exordium Wildlife","floor":13,"turns":2},{"damage":52,"enemies":"The Guardian","floor":16,"turns":14},{"damage":12,"enemies":"Spheric Guardian","floor":18,"turns":6},{"damage":20,"enemies":"2 Thieves","floor":20,"turns":4},{"damage":16,"enemies":"Snecko","floor":21,"turns":5},{"damage":35,"enemies":"Slaver and Parasite","floor":22,"turns":5},{"damage":17,"enemies":"Book of Stabbing","floor":23,"turns":6},{"damage":5,"enemies":"Snake Plant","floor":29,"turns":3},{"damage":0,"enemies":"Snecko","floor":31,"turns":5},{"damage":35,"enemies":"Champ","floor":33,"turns":8},{"damage":32,"enemies":"3 Shapes","floor":35,"turns":3},{"damage":20,"enemies":"Mysterious Sphere","floor":38,"turns":5},{"damage":0,"enemies":"Orb Walker","floor":39,"turns":2},{"damage":12,"enemies":"Maw","floor":41,"turns":5},{"damage":6,"enemies":"3 Darklings","floor":44,"turns":3},{"damage":4,"enemies":"Sphere and 2 Shapes","floor":45,"turns":1},{"damage":15,"enemies":"Nemesis","floor":47,"turns":7},{"damage":9,"enemies":"4 Shapes","floor":48,"turns":2},{"damage":32,"enemies":"Awakened One","floor":50,"turns":8}],"event_choices":[{"event_name":"Shining Light","player_choice":"Entered Light","floor":11,"damage_taken":0},{"event_name":"Living Wall","player_choice":"Forget","floor":14,"damage_taken":0},{"event_name":"Cursed Tome","player_choice":"Obtained Book","floor":19,"damage_taken":0},{"event_name":"Forgotten Altar","player_choice":"Shed Blood","floor":27,"damage_taken":0},{"event_name":"Match and Keep!","player_choice":"1 cards matched","floor":37,"damage_taken":0},{"event_name":"Mysterious Sphere","player_choice":"Fight","floor":38,"damage_taken":0}],"boss_relics":[{"not_picked":["Runic Pyramid","Eternal Feather"],"picked":"Mark of Pain"},{"not_picked":["Black Star","Astrolabe"],"picked":"Philosopher\u0027s Stone"}],"potions_floor_spawned":[1,2,3,5,22,23,31,33,38,44,47],"seed_played":"2805419602594330633","is_trial":false}