{"gold_per_floor":[18,28,44,64,75,75,88,88,167,342,15,15,15,29,29,29],"floor_reached":16,"playtime":2075,"items_purged":["Doubt"],"score":94,"play_id":"72c56248-bb39-4a71-9f00-0f874a7f9200","local_time":"20190127143521","is_ascension_mode":false,"campfire_choices":[{"floor":6,"key":"DIG"},{"floor":8,"key":"DIG"},{"floor":12,"key":"DIG"},{"data":"Adrenaline","floor":15,"key":"SMITH"}],"neow_cost":"NO_GOLD","seed_source_timestamp":845742201219219,"circlet_count":0,"master_deck":["Defend_G","Defend_G","Defend_G","Defend_G","Defend_G","Strike_G","Strike_G","Strike_G","Strike_G","Strike_G","Survivor","Neutralize","Outmaneuver","Masterful Stab","Dagger Throw","PiercingWail","Well Laid Plans","Adrenaline+1","Crippling Poison+1"],"relics":["Ring of the Snake","Shovel","Meat on the Bone","The Specimen","Frozen Egg 2","Toxic Egg 2","Blood Vial"],"potions_floor_usage":[7,14,16],"damage_taken":[{"damage":0,"enemies":"2 Louse","floor":1,"turns":5},{"damage":5,"enemies":"Jaw Worm","floor":2,"turns":6},{"damage":0,"enemies":"Cultist","floor":3,"turns":3},{"damage":0,"enemies":"3 Louse","floor":4,"turns":4},{"damage":0,"enemies":"Gremlin Gang","floor":5,"turns":5},{"damage":0,"enemies":"Exordium Wildlife","floor":7,"turns":6},{"damage":1,"enemies":"Lots of Slimes","floor":14,"turns":3},{"damage":68,"enemies":"Slime Boss","floor":16,"turns":13}],"seed_played":"6659459492373544794","potions_obtained":[{"floor":2,"key":"Swift Potion"},{"floor":5,"key":"Fire Potion"},{"floor":14,"key":"Swift Potion"}],"is_trial":false,"path_per_floor":["M","M","M","M","M","R","M","R","T","?","$","R","?","M","R","B"],"character_chosen":"THE_SILENT","items_purchased":["Toxic Egg 2"],"campfire_rested":0,"item_purchase_floors":[11],"current_hp_per_floor":[70,65,65,65,65,65,65,65,65,65,65,65,65,66,66,0],"gold":29,"neow_bonus":"ONE_RARE_RELIC","is_prod":false,"is_daily":false,"chose_seed":false,"campfire_upgraded":1,"win_rate":0.0,"timestamp":1548628521,"path_taken":["M","M","M","M","M","R","M","R","T","?","$","R","?","M","R","BOSS"],"build_version":"2019-01-23","purchased_purges":1,"victory":false,"max_hp_per_floor":[70,70,70,70,70,70,70,70,70,70,70,70,70,70,70,70],"card_choices":[{"not_picked":["Leg Sweep","Dagger Throw"],"picked":"Outmaneuver","floor":1},{"not_picked":["Bane","Sucker Punch"],"picked":"Masterful Stab","floor":2},{"not_picked":["Sucker Punch","Bane"],"picked":"Dagger Throw","floor":3},{"not_picked":["Sucker Punch","Dodge and Roll"],"picked":"PiercingWail","floor":4},{"not_picked":["Dagger Spray","Heel Hook"],"picked":"Well Laid Plans","floor":5},{"not_picked":["PiercingWail","Dodge and Roll"],"picked":"Adrenaline","floor":7},{"not_picked":["Expertise+1","Acrobatics+1"],"picked":"Crippling Poison+1","floor":14}],"player_experience":89508,"relics_obtained":[{"floor":6,"key":"Meat on the Bone"},{"floor":8,"key":"The Specimen"},{"floor":9,"key":"Frozen Egg 2"},{"floor":12,"key":"Blood Vial"}],"event_choices":[{"damage_healed":0,"gold_gain":175,"player_choice":"AGREE","damage_taken":0,"max_hp_gain":0,"max_hp_loss":0,"event_name":"Liars Game","floor":10,"gold_loss":0,"cards_obtained":["Doubt"]},{"damage_healed":0,"gold_gain":0,"player_choice":"Leave","damage_taken":0,"max_hp_gain":0,"max_hp_loss":0,"event_name":"The Cleric","floor":13,"gold_loss":0}],"is_beta":false,"boss_relics":[],"items_purged_floors":[11],"is_endless":false,"potions_floor_spawned":[2,5,14],"killed_by":"Slime Boss","ascension_level":0}