{"gold_per_floor":[114,132,207,35,45,45,55,55,55,55,85,27,27,37,37,108,108,120,136,154,154,104,104,119,119,119,129,160,160,189,200,200,200],"floor_reached":33,"playtime":1985,"items_purged":[],"score":606,"play_id":"51c35348-e083-4f1f-8fa5-ad66dcad1353","local_time":"20190309144417","is_ascension_mode":true,"campfire_choices":[{"data":"Masterful Stab","floor":6,"key":"SMITH"},{"data":"Choke","floor":8,"key":"SMITH"},{"data":"Neutralize","floor":10,"key":"SMITH"},{"data":"A Thousand Cuts","floor":15,"key":"SMITH"},{"data":"Malaise","floor":23,"key":"SMITH"},{"data":"Dodge and Roll","floor":25,"key":"SMITH"},{"data":"Deadly Poison","floor":29,"key":"SMITH"},{"data":"Storm of Steel","floor":32,"key":"SMITH"}],"neow_cost":"NONE","seed_source_timestamp":484093182501925,"circlet_count":0,"master_deck":["AscendersBane","Defend_G","Defend_G","Defend_G","Defend_G","Defend_G","Strike_G","Strike_G","Strike_G","Strike_G","Strike_G","Survivor","Neutralize+1","Malaise+1","Infinite Blades","Masterful Stab+1","Choke+1","Slice","A Thousand Cuts+1","Deadly Poison+1","Neutralize","Dodge and Roll+1","Adrenaline","Endless Agony","Leg Sweep+1","Dagger Throw","Injury","Leg Sweep","Dodge and Roll+1","Storm of Steel+1","Predator"],"relics":["Ring of the Snake","Orichalcum","Darkstone Periapt","FossilizedHelix","Cursed Key","Meat on the Bone","Blood Vial","Mango"],"potions_floor_usage":[11,20,21,24,28],"damage_taken":[{"damage":2,"enemies":"Jaw Worm","floor":1,"turns":9},{"damage":0,"enemies":"2 Louse","floor":2,"turns":5},{"damage":0,"enemies":"Cultist","floor":5,"turns":3},{"damage":2,"enemies":"Looter","floor":7,"turns":2},{"damage":0,"enemies":"Gremlin Nob","floor":11,"turns":3},{"damage":17,"enemies":"Exordium Thugs","floor":14,"turns":7},{"damage":5,"enemies":"The Guardian","floor":16,"turns":13},{"damage":16,"enemies":"Spheric Guardian","floor":18,"turns":5},{"damage":6,"enemies":"2 Thieves","floor":19,"turns":4},{"damage":9,"enemies":"Centurion and Healer","floor":20,"turns":6},{"damage":0,"enemies":"Chosen and Byrds","floor":21,"turns":5},{"damage":0,"enemies":"Sentry and Sphere","floor":24,"turns":2},{"damage":3,"enemies":"Snecko","floor":27,"turns":6},{"damage":9,"enemies":"Book of Stabbing","floor":28,"turns":7},{"damage":17,"enemies":"Slavers","floor":30,"turns":5},{"damage":0,"enemies":"Centurion and Healer","floor":31,"turns":7},{"damage":61,"enemies":"Automaton","floor":33,"turns":10}],"seed_played":"-8635292389458664420","potions_obtained":[{"floor":1,"key":"SmokeBomb"},{"floor":2,"key":"Fire Potion"},{"floor":19,"key":"Ancient Potion"},{"floor":20,"key":"SteroidPotion"},{"floor":27,"key":"GhostInAJar"}],"is_trial":false,"path_per_floor":["M","M","?","$","M","R","M","R","T","R","E","$","?","M","R","B",null,"M","M","M","M","?","R","M","R","T","M","E","R","E","M","R","B"],"character_chosen":"THE_SILENT","items_purchased":["Orichalcum","Deadly Poison"],"campfire_rested":0,"item_purchase_floors":[4,12],"current_hp_per_floor":[57,57,46,46,46,46,44,44,44,44,44,44,44,27,27,22,55,39,33,24,24,24,24,24,24,30,39,42,42,53,55,55,0],"gold":200,"neow_bonus":"ONE_RANDOM_RARE_CARD","is_prod":false,"is_daily":false,"chose_seed":false,"campfire_upgraded":8,"win_rate":0,"timestamp":1552160657,"path_taken":["M","M","?","$","M","R","M","R","T","R","E","$","?","M","R","BOSS","M","M","?","M","?","R","M","R","T","M","E","R","E","M","R","BOSS"],"build_version":"2019-01-23","purchased_purges":0,"victory":false,"max_hp_per_floor":[66,66,66,66,66,66,66,66,66,66,66,66,66,66,66,66,66,66,66,66,66,66,66,66,66,72,72,72,72,86,86,86,86],"card_choices":[{"not_picked":["Bane","Distraction"],"picked":"Infinite Blades","floor":1},{"not_picked":["Poisoned Stab","Backflip"],"picked":"Masterful Stab","floor":2},{"not_picked":["Acrobatics","Prepared"],"picked":"Choke","floor":5},{"not_picked":["Backflip","Riddle With Holes"],"picked":"Slice","floor":7},{"not_picked":["Quick Slash","Blade Dance"],"picked":"A Thousand Cuts","floor":11},{"not_picked":["Flechettes","Distraction"],"picked":"Dodge and Roll","floor":14},{"not_picked":["Bullet Time","Die Die Die"],"picked":"Adrenaline","floor":16},{"not_picked":["Reflex","Bane","Acrobatics"],"picked":"SKIP","floor":18},{"not_picked":["Dash","Blur"],"picked":"Endless Agony","floor":19},{"not_picked":["All Out Attack","Poisoned Stab"],"picked":"Leg Sweep+1","floor":20},{"not_picked":["Riddle With Holes","Dagger Spray"],"picked":"Dagger Throw","floor":24},{"not_picked":["Outmaneuver","Sucker Punch"],"picked":"Leg Sweep","floor":27},{"not_picked":["Deflect","Outmaneuver"],"picked":"Dodge and Roll+1","floor":28},{"not_picked":["Deflect","Sucker Punch"],"picked":"Storm of Steel","floor":30},{"not_picked":["Escape Plan","Dodge and Roll"],"picked":"Predator","floor":31}],"player_experience":907686,"relics_obtained":[{"floor":9,"key":"Darkstone Periapt"},{"floor":11,"key":"FossilizedHelix"},{"floor":26,"key":"Meat on the Bone"},{"floor":28,"key":"Blood Vial"},{"floor":30,"key":"Mango"}],"event_choices":[{"damage_healed":0,"gold_gain":75,"player_choice":"Gather Gold","damage_taken":11,"max_hp_gain":0,"max_hp_loss":0,"event_name":"World of Goop","floor":3,"gold_loss":0},{"damage_healed":0,"gold_gain":0,"player_choice":"1 cards matched","damage_taken":0,"max_hp_gain":0,"max_hp_loss":0,"event_name":"Match and Keep!","floor":13,"gold_loss":0,"cards_obtained":["Neutralize"]},{"damage_healed":0,"gold_gain":0,"player_choice":"Bet on Murderer","damage_taken":0,"max_hp_gain":0,"max_hp_loss":0,"event_name":"The Joust","floor":22,"gold_loss":50}],"is_beta":false,"boss_relics":[{"not_picked":["Ectoplasm","Busted Crown"],"picked":"Cursed Key"}],"items_purged_floors":[],"is_endless":false,"potions_floor_spawned":[1,2,7,19,20,27],"killed_by":"Automaton","ascension_level":17}