{"path_per_floor":["M","M","M","$","M","R","E","M","T","R","$","M","M","E","R","B",null,"M","?","M","$","M","E","M","R","T","?","E","R","?","M","R","B",null,"M","?","?","?","M","R","M","R","T","R","M","$","M","?","R","B"],"character_chosen":"THE_SILENT","items_purchased":["Noxious Fumes","Adrenaline","Noxious Fumes","Caltrops+1"],"gold_per_floor":[111,128,145,2,12,12,37,48,48,48,48,64,76,107,107,203,203,203,203,203,61,61,61,61,61,61,61,61,61,61,61,61,61,61,61,61,61,61,61,61,61,61,61,61,61,24,24,24,24,24],"floor_reached":51,"campfire_rested":1,"playtime":2316,"item_purchase_floors":[4,21,21,46],"current_hp_per_floor":[68,68,68,68,68,68,55,55,55,55,55,63,63,61,61,54,70,70,70,70,70,65,59,59,59,59,59,59,59,59,59,59,49,75,80,80,70,60,60,72,72,80,80,80,80,80,46,46,80,62],"items_purged":["Strike_G"],"gold":24,"score":844,"play_id":"2e5967e9-3105-4270-b051-eaff033e4012","local_time":"20180524004041","is_prod":false,"is_daily":false,"chose_seed":false,"is_ascension_mode":true,"campfire_upgraded":9,"win_rate":0,"timestamp":1527136841,"campfire_choices":[{"data":"Deadly Poison","floor":6,"key":"SMITH"},{"data":"Noxious Fumes","floor":10,"key":"SMITH"},{"data":"Cloak And Dagger","floor":15,"key":"SMITH"},{"data":"After Image","floor":25,"key":"SMITH"},{"data":"Noxious Fumes","floor":29,"key":"SMITH"},{"data":"Calculated Gamble","floor":32,"key":"SMITH"},{"data":"Apotheosis","floor":40,"key":"SMITH"},{"data":"Neutralize","floor":42,"key":"SMITH"},{"data":"Cloak And Dagger","floor":44,"key":"SMITH"},{"floor":49,"key":"REST"}],"path_taken":["M","M","M","$","M","R","E","M","T","R","$","M","M","E","R","BOSS","M","?","M","$","M","E","M","R","T","?","E","R","?","M","R","BOSS","M","?","?","?","?","R","M","R","T","R","M","?","M","?","R","BOSS"],"build_version":"2018-05-23","seed_source_timestamp":297223440168644,"purchased_purges":1,"victory":true,"master_deck":["Defend_G","Defend_G","Defend_G","Defend_G","Defend_G","Strike_G","Strike_G","Strike_G","Survivor","Neutralize+1","Quick Slash","Deadly Poison+1","Noxious Fumes+1","Adrenaline","Deadly Poison","Cloak And Dagger+1","Escape Plan","Crippling Poison","Catalyst","After Image+1","Escape Plan","Adrenaline","Noxious Fumes+1","Cloak And Dagger+1","Backflip","Calculated Gamble+1","Night Terror","Predator+1","Madness","Madness","Apotheosis+1","Blind","Panacea","Catalyst","Calculated Gamble+1","Caltrops+1","Well Laid Plans+1"],"max_hp_per_floor":[70,70,70,70,70,70,70,70,70,70,70,70,70,70,70,70,70,70,70,70,70,70,70,75,75,75,75,75,75,75,75,75,75,75,80,80,80,80,80,80,80,80,80,80,80,80,80,80,80,80],"relics":["Ring of the Snake","Ginger","Mummified Hand","Lantern","Ectoplasm","Tingsha","Thread and Needle","Question Card","Eternal Feather","Frozen Egg 2"],"card_choices":[{"not_picked":["Acrobatics","PiercingWail"],"picked":"Quick Slash","floor":1},{"not_picked":["Slice","Heel Hook","Concentrate"],"picked":"SKIP","floor":2},{"not_picked":["Bane","Slice"],"picked":"Deadly Poison","floor":3},{"not_picked":["Slice","Backflip"],"picked":"Adrenaline","floor":5},{"not_picked":["Expertise","Deflect"],"picked":"Deadly Poison","floor":7},{"not_picked":["Underhanded Strike","Dodge and Roll"],"picked":"Cloak And Dagger","floor":8},{"not_picked":["Sucker Punch","Flechettes"],"picked":"Escape Plan","floor":12},{"not_picked":["Outmaneuver","Dagger Throw"],"picked":"Crippling Poison","floor":13},{"not_picked":["All Out Attack","Sucker Punch"],"picked":"Catalyst","floor":14},{"not_picked":["Storm of Steel","Grand Finale"],"picked":"After Image","floor":16},{"not_picked":["Dagger Throw","Slice","Expertise"],"picked":"SKIP","floor":18},{"not_picked":["Caltrops","All Out Attack"],"picked":"Escape Plan","floor":20},{"not_picked":["Backflip","Outmaneuver"],"picked":"Cloak And Dagger","floor":22},{"not_picked":["Infinite Blades","Bullet Time"],"picked":"Backflip","floor":23},{"not_picked":["Flechettes","Deflect+1","Quick Slash"],"picked":"SKIP","floor":24},{"not_picked":["Underhanded Strike+1","Blade Dance+1","Flying Knee"],"picked":"SKIP","floor":28},{"not_picked":["Flying Knee","Catalyst","Reflex"],"picked":"Calculated Gamble","floor":31},{"not_picked":["Die Die Die","Burst","Bullet Time"],"picked":"Night Terror","floor":33},{"not_picked":["Quick Slash+1","PiercingWail","Deflect+1"],"picked":"Predator+1","floor":35},{"not_picked":["Madness","Enlightenment","Purity"],"picked":"Apotheosis","floor":38},{"not_picked":["Dramatic Entrance","Jack Of All Trades","Enlightenment"],"picked":"Blind","floor":38},{"not_picked":["Dramatic Entrance","Flash of Steel","Finesse"],"picked":"Panacea","floor":38},{"not_picked":["All Out Attack+1","Bane","Distraction","Deflect"],"picked":"SKIP","floor":39},{"not_picked":["Outmaneuver","Reflex","Dagger Throw"],"picked":"Catalyst","floor":41},{"not_picked":["Poisoned Stab","Terror","Riddle With Holes+1"],"picked":"Calculated Gamble+1","floor":45},{"not_picked":["Prepared+1","Finisher","Dagger Spray"],"picked":"Well Laid Plans+1","floor":47}],"player_experience":237329,"potions_floor_usage":[12,12,23,24,33,35,39,50,50,50],"damage_taken":[{"damage":2,"enemies":"2 Louse","floor":1,"turns":6},{"damage":0,"enemies":"Small Slimes","floor":2,"turns":3},{"damage":0,"enemies":"Cultist","floor":3,"turns":4},{"damage":0,"enemies":"2 Fungi Beasts","floor":5,"turns":4},{"damage":13,"enemies":"Lagavulin","floor":7,"turns":6},{"damage":0,"enemies":"3 Louse","floor":8,"turns":4},{"damage":6,"enemies":"Exordium Thugs","floor":12,"turns":4},{"damage":0,"enemies":"Large Slime","floor":13,"turns":5},{"damage":2,"enemies":"3 Sentries","floor":14,"turns":6},{"damage":7,"enemies":"The Guardian","floor":16,"turns":8},{"damage":0,"enemies":"Chosen","floor":18,"turns":4},{"damage":0,"enemies":"Spheric Guardian","floor":20,"turns":3},{"damage":5,"enemies":"3 Cultists","floor":22,"turns":5},{"damage":21,"enemies":"Slavers","floor":23,"turns":6},{"damage":5,"enemies":"Slaver and Parasite","floor":24,"turns":6},{"damage":0,"enemies":"Gremlin Leader","floor":28,"turns":5},{"damage":0,"enemies":"Centurion and Healer","floor":31,"turns":4},{"damage":10,"enemies":"Collector","floor":33,"turns":7},{"damage":0,"enemies":"Flame Bruiser 1 Orb","floor":35,"turns":4},{"damage":0,"enemies":"3 Darklings","floor":39,"turns":4},{"damage":0,"enemies":"Sphere and 2 Shapes","floor":41,"turns":4},{"damage":0,"enemies":"Flame Bruiser 2 Orb","floor":45,"turns":4},{"damage":34,"enemies":"Transient","floor":47,"turns":5},{"damage":18,"enemies":"Time Eater","floor":50,"turns":8}],"relics_obtained":[{"floor":7,"key":"Ginger"},{"floor":9,"key":"Mummified Hand"},{"floor":14,"key":"Lantern"},{"floor":23,"key":"Tingsha"},{"floor":26,"key":"Thread and Needle"},{"floor":28,"key":"Question Card"},{"floor":43,"key":"Frozen Egg 2"}],"event_choices":[{"event_name":"Ghosts","player_choice":"Ignored","floor":19,"damage_taken":0},{"event_name":"The Lab","player_choice":"Got Potions","floor":27,"damage_taken":0},{"event_name":"Drug Dealer","player_choice":"Ignored","floor":30,"damage_taken":0},{"event_name":"Mysterious Sphere","player_choice":"Ignore","floor":36,"damage_taken":0},{"event_name":"Winding Halls","player_choice":"Embrace Madness","floor":37,"damage_taken":0},{"event_name":"SensoryStone","player_choice":"Memory 3","floor":38,"damage_taken":0}],"boss_relics":[{"not_picked":["Lizard Tail","White Beast Statue"],"picked":"Ectoplasm"},{"not_picked":["Tiny House","Black Star"],"picked":"Eternal Feather"}],"items_purged_floors":[4],"potions_floor_spawned":[5,8,12,22,23,24,31,33,35,39,45],"seed_played":"-3369722752614138752","ascension_level":2,"potions_obtained":[{"floor":5,"key":"Energy Potion"},{"floor":8,"key":"Regen Potion"},{"floor":12,"key":"Regen Potion"},{"floor":22,"key":"Explosive Potion"},{"floor":23,"key":"Fruit Juice"},{"floor":24,"key":"Energy Potion"},{"floor":27,"key":"PowerPotion"},{"floor":27,"key":"Strength Potion"},{"floor":31,"key":"Strength Potion"},{"floor":33,"key":"Fruit Juice"},{"floor":35,"key":"EssenceOfSteel"},{"floor":39,"key":"Strength Potion"}],"is_trial":false}