{"gold_per_floor":[118,47,47,59,59,59,88,108,108,128,144,156,484,494,494,591,591,601,601,621,128,146,146,146,146,146,156,156,156],"floor_reached":29,"playtime":1392,"items_purged":["Strike_R"],"score":341,"play_id":"49752a7b-4db3-41a1-b266-c5857206bf90","local_time":"20181125180458","is_ascension_mode":true,"campfire_choices":[{"floor":6,"key":"RECALL"},{"data":"Flame Barrier","floor":15,"key":"SMITH"},{"data":"Heavy Blade","floor":23,"key":"SMITH"},{"floor":28,"key":"REST"}],"neow_cost":"NONE","seed_source_timestamp":1017149611596288,"circlet_count":0,"master_deck":["Strike_R","Strike_R","Strike_R","Defend_R","Defend_R","Defend_R","Defend_R","Bash","Heavy Blade+1","Seeing Red","Inflame","Inflame","Uppercut","Shrug It Off","Spot Weakness","Shrug It Off","Heavy Blade","Flame Barrier+1","Heavy Blade","Immolate","Iron Wave+1","Whirlwind","Battle Trance","Iron Wave"],"relics":["Black Blood","NeowsBlessing","Question Card","Old Coin","Brimstone","Paper Frog"],"potions_floor_usage":[13,13,13,16,22,22,27],"damage_taken":[{"damage":0,"enemies":"Cultist","floor":1,"turns":1},{"damage":0,"enemies":"Small Slimes","floor":4,"turns":1},{"damage":0,"enemies":"3 Sentries","floor":7,"turns":2},{"damage":7,"enemies":"Jaw Worm","floor":8,"turns":3},{"damage":14,"enemies":"2 Fungi Beasts","floor":10,"turns":4},{"damage":28,"enemies":"Large Slime","floor":11,"turns":6},{"damage":11,"enemies":"Looter","floor":12,"turns":3},{"damage":6,"enemies":"Gremlin Nob","floor":13,"turns":3},{"damage":10,"enemies":"Exordium Wildlife","floor":14,"turns":5},{"damage":36,"enemies":"The Guardian","floor":16,"turns":14},{"damage":22,"enemies":"Shell Parasite","floor":18,"turns":6},{"damage":5,"enemies":"Chosen","floor":20,"turns":6},{"damage":23,"enemies":"Centurion and Healer","floor":22,"turns":4},{"damage":20,"enemies":"Colosseum Slavers","floor":25,"turns":5},{"damage":1,"enemies":"Sentry and Sphere","floor":27,"turns":4},{"damage":62,"enemies":"Book of Stabbing","floor":29,"turns":4}],"seed_played":"-9028542663953399190","potions_obtained":[{"floor":4,"key":"Swift Potion"},{"floor":10,"key":"FearPotion"},{"floor":12,"key":"SteroidPotion"},{"floor":14,"key":"SpeedPotion"},{"floor":18,"key":"Swift Potion"}],"is_trial":false,"path_per_floor":["M","$","?","M","?","R","E","M","T","M","M","M","E","M","R","B",null,"M","?","M","$","M","R","?","?","T","M","R","E"],"character_chosen":"IRONCLAD","items_purchased":["Seeing Red","Battle Trance","Brimstone","SteroidPotion","PowerPotion","BloodPotion"],"campfire_rested":1,"item_purchase_floors":[2,21,21,21,21,21],"current_hp_per_floor":[78,78,78,80,80,80,80,79,79,71,49,44,44,40,40,10,63,51,36,41,41,36,36,36,26,26,35,60,0],"gold":156,"neow_bonus":"THREE_ENEMY_KILL","is_prod":false,"is_daily":false,"chose_seed":false,"campfire_upgraded":2,"win_rate":0,"timestamp":1543190698,"path_taken":["M","?","?","M","?","R","E","M","T","?","M","M","E","M","R","BOSS","M","?","M","$","M","R","?","?","T","M","R","E"],"build_version":"2018-11-15","purchased_purges":1,"victory":false,"max_hp_per_floor":[80,80,80,80,80,80,80,80,80,80,80,80,80,80,80,80,80,80,85,85,85,85,85,85,85,85,85,85,85],"card_choices":[{"not_picked":["Cleave","Perfected Strike"],"picked":"Heavy Blade","floor":1},{"not_picked":["Pommel Strike","Heavy Blade"],"picked":"Inflame","floor":4},{"not_picked":["Twin Strike","Wild Strike"],"picked":"Uppercut","floor":7},{"not_picked":["Headbutt","Twin Strike","Corruption"],"picked":"Shrug It Off","floor":8},{"not_picked":["Wild Strike","Rupture","Pommel Strike"],"picked":"Spot Weakness","floor":10},{"not_picked":["Iron Wave","Clothesline","Headbutt"],"picked":"Shrug It Off","floor":11},{"not_picked":["Wild Strike","Pommel Strike","Armaments"],"picked":"Heavy Blade","floor":12},{"not_picked":["Sword Boomerang","Entrench","Pommel Strike"],"picked":"Flame Barrier","floor":13},{"not_picked":["Fiend Fire","Armaments","Searing Blow"],"picked":"Heavy Blade","floor":14},{"not_picked":["Double Tap","Barricade","Fiend Fire"],"picked":"Immolate","floor":16},{"not_picked":["Thunderclap","Wild Strike","Intimidate"],"picked":"Iron Wave+1","floor":18},{"not_picked":["Dual Wield","Seeing Red","Warcry"],"picked":"Whirlwind","floor":20},{"not_picked":["Inflame","Power Through","Cleave"],"picked":"Iron Wave","floor":22},{"not_picked":["Blood for Blood","Anger","Entrench","Bloodletting"],"picked":"SKIP","floor":27}],"player_experience":229537,"relics_obtained":[{"floor":7,"key":"Question Card"},{"floor":13,"key":"Old Coin"},{"floor":26,"key":"Paper Frog"}],"event_choices":[{"damage_healed":0,"gold_gain":0,"player_choice":"Ignored","damage_taken":0,"max_hp_gain":0,"max_hp_loss":0,"event_name":"Liars Game","floor":3,"gold_loss":0},{"damage_healed":0,"gold_gain":0,"player_choice":"1 cards matched","damage_taken":0,"max_hp_gain":0,"max_hp_loss":0,"event_name":"Match and Keep!","floor":5,"gold_loss":0,"cards_obtained":["Inflame"]},{"damage_healed":0,"gold_gain":0,"player_choice":"Shed Blood","damage_taken":20,"max_hp_gain":5,"max_hp_loss":0,"event_name":"Forgotten Altar","floor":19,"gold_loss":0},{"cards_removed":["Strike_R"],"damage_healed":0,"gold_gain":0,"player_choice":"Elegance","damage_taken":0,"max_hp_gain":0,"max_hp_loss":0,"event_name":"Back to Basics","floor":24,"gold_loss":0},{"damage_healed":0,"gold_gain":0,"player_choice":"Fight","damage_taken":0,"max_hp_gain":0,"max_hp_loss":0,"event_name":"Colosseum","floor":25,"gold_loss":0},{"damage_healed":0,"gold_gain":0,"player_choice":"Fled From Nobs","damage_taken":0,"max_hp_gain":0,"max_hp_loss":0,"event_name":"Colosseum","floor":25,"gold_loss":0}],"is_beta":false,"boss_relics":[{"not_picked":["Runic Dome","Lizard Tail"],"picked":"Black Blood"}],"items_purged_floors":[21],"is_endless":false,"potions_floor_spawned":[4,10,12,14,18,25],"killed_by":"Book of Stabbing","ascension_level":6}