{"path_per_floor":["M","M","M","?","M","R","M","R","T","R","M","E","M","M","R","B",null,"M","M","M","$","M","R","M","R","T","R","?","?","?","M","R","B",null,"M","M","M","M","M","E","R","?","T","R","M","R","M","$","R","B"],"character_chosen":"IRONCLAD","items_purchased":["Membership Card","Shuriken","Thinking Ahead","Toxic Egg","Torii","Strength Potion"],"gold_per_floor":[110,126,141,141,155,155,175,175,175,175,191,232,247,270,270,400,400,390,409,422,27,47,47,68,68,93,93,93,18,18,43,43,168,168,188,209,222,241,264,297,297,630,630,630,649,649,668,54,54,54],"floor_reached":51,"campfire_rested":2,"playtime":4137,"current_hp_per_floor":[80,80,80,60,62,62,68,68,68,68,65,56,62,68,68,20,80,64,70,72,72,78,78,53,53,53,53,37,37,37,43,43,74,80,78,78,48,47,53,40,40,40,40,40,35,59,58,58,80,74],"items_purged":["Strike_R"],"gold":54,"play_id":"2dc5e68e-059a-45e3-a6ec-6b14d6b2903b","is_prod":false,"is_daily":false,"campfire_rituals":0,"campfire_upgraded":10,"is_hardmode":false,"path_taken":["M","M","M","?","M","R","M","R","T","R","M","E","M","M","R","BOSS","M","M","M","$","M","R","M","R","T","R","?","?","?","M","R","BOSS","M","M","M","M","M","E","R","?","T","R","M","R","M","$","R","BOSS"],"build_version":"2018-01-18-PROD4","purchased_purges":1,"victory":true,"master_deck":["Strike_R","Strike_R","Strike_R","Defend_R","Defend_R","Defend_R","Defend_R","Bash","Barricade","Shrug It Off","Pommel Strike","Power Through","Metallicize","Evolve","Pommel Strike","Disarm","Power Through","Dark Embrace","Whirlwind","True Grit","Metallicize","Uppercut","Headbutt","Necronomicurse","Whirlwind","Iron Wave","Exhume","Iron Wave","Shrug It Off","Body Slam","Ghostly Armor","Thinking Ahead"],"max_hp_per_floor":[80,80,80,80,80,80,80,80,80,80,80,80,80,80,80,80,80,80,80,80,80,80,80,80,80,80,80,80,80,80,80,80,80,80,80,80,80,80,80,80,80,80,80,80,80,80,80,80,80,80],"relics":["Burning Blood","Pantograph","Mark of Pain","Membership Card","Shuriken","Lantern","Necronomicon","Sozu","Frozen Egg","Happy Flower","Toxic Egg","Torii"],"campfire_meditates":0,"card_choices":[{"not_picked":["Feel No Pain","Anger"],"picked":"Shrug It Off"},{"not_picked":["Wild Strike","Inflame"],"picked":"Pommel Strike"},{"not_picked":["Anger","Pummel"],"picked":"Power Through"},{"not_picked":["Heavy Blade","Dropkick"],"picked":"Metallicize"},{"not_picked":["Searing Blow","Flame Barrier"],"picked":"Evolve"},{"not_picked":["Berserk","Warcry"],"picked":"Pommel Strike"},{"not_picked":["Pummel","Intimidate"],"picked":"Disarm"},{"not_picked":["Anger","Iron Wave"],"picked":"Power Through"},{"not_picked":["Reaper","Barricade"],"picked":"Dark Embrace"},{"not_picked":["Inflame","Shrug It Off"],"picked":"Whirlwind"},{"not_picked":["Clash","Flex"],"picked":"True Grit"},{"not_picked":["Sword Boomerang","Shrug It Off"],"picked":"Metallicize"},{"not_picked":["Thunderclap","Whirlwind"],"picked":"Uppercut"},{"not_picked":["Armaments","Havoc"],"picked":"Headbutt"},{"not_picked":["Whirlwind","Wild Strike"],"picked":"Iron Wave"},{"not_picked":["Dark Embrace","Juggernaut"],"picked":"Exhume"},{"not_picked":["Combust","True Grit"],"picked":"Iron Wave"},{"not_picked":["Warcry","Carnage"],"picked":"Shrug It Off"},{"not_picked":["Anger","Sever Soul"],"picked":"Body Slam"},{"not_picked":["Rage","Barricade"],"picked":"Ghostly Armor"}],"player_experience":398786,"potions_floor_usage":[5,7,13,14,14],"damage_taken":[{"damage":6,"enemies":"Cultist","floor":1,"turns":4},{"damage":0,"enemies":"2 Louse","floor":2,"turns":3},{"damage":4,"enemies":"Small Slimes","floor":3,"turns":4},{"damage":4,"enemies":"2 Fungi Beasts","floor":5,"turns":3},{"damage":0,"enemies":"3 Louse","floor":7,"turns":6},{"damage":9,"enemies":"Exordium Thugs","floor":11,"turns":7},{"damage":15,"enemies":"3 Sentries","floor":12,"turns":11},{"damage":0,"enemies":"Looter","floor":13,"turns":4},{"damage":0,"enemies":"2 Fungi Beasts","floor":14,"turns":5},{"damage":66,"enemies":"Hexaghost","floor":16,"turns":17},{"damage":22,"enemies":"2 Thieves","floor":18,"turns":4},{"damage":0,"enemies":"Spheric Guardian","floor":19,"turns":10},{"damage":4,"enemies":"Snake Plant","floor":20,"turns":7},{"damage":0,"enemies":"Snecko","floor":22,"turns":6},{"damage":31,"enemies":"3 Cultists","floor":24,"turns":8},{"damage":0,"enemies":"Snake Plant","floor":31,"turns":2},{"damage":0,"enemies":"Collector","floor":33,"turns":7},{"damage":8,"enemies":"3 Shapes","floor":35,"turns":3},{"damage":6,"enemies":"3 Darklings","floor":36,"turns":4},{"damage":36,"enemies":"4 Shapes","floor":37,"turns":1},{"damage":7,"enemies":"Sphere and 2 Shapes","floor":38,"turns":4},{"damage":0,"enemies":"Maw","floor":39,"turns":6},{"damage":19,"enemies":"Nemesis","floor":40,"turns":10},{"damage":11,"enemies":"4 Shapes","floor":45,"turns":4},{"damage":7,"enemies":"Sphere and 2 Shapes","floor":47,"turns":8},{"damage":12,"enemies":"Time Eater","floor":50,"turns":10}],"event_choices":[{"event_name":"Golden Idol","player_choice":"Take Damage","floor":4,"damage_taken":0},{"event_name":"Cursed Tome","player_choice":"Obtained Book","floor":28,"damage_taken":0},{"event_name":"Beggar","player_choice":"Gave Gold","floor":29,"damage_taken":0},{"event_name":"Duplicator","player_choice":"One dupe","floor":30,"damage_taken":0},{"event_name":"The Moai Head","player_choice":"Gave Idol","floor":42,"damage_taken":0}],"boss_relics":[{"not_picked":["Orrery","Astrolabe"],"picked":"Mark of Pain"},{"not_picked":["Tiny House","Pandora\u0027s Box"],"picked":"Sozu"}],"potions_floor_spawned":[3,5,7,11,13,18,22,33,36,38,45,47],"seed_played":"-8176477841312124732","is_trial":false}