{"path_per_floor":["M","M","?","$","?","R","?","?","T","R","E","M","R","M","R"],"character_chosen":"IRONCLAD","items_purchased":[],"gold_per_floor":[217,235,235,160,235,235,235,261,310,310,345,359,359,376,376,376],"floor_reached":16,"campfire_rested":1,"playtime":609,"current_hp_per_floor":[65,65,65,65,54,54,47,43,43,43,28,29,29,15,39,0],"items_purged":["Strike_R"],"gold":376,"score":152,"play_id":"0b10ac8f-19dd-470f-8ece-ce42b6ca99d5","local_time":"20180507134748","is_prod":false,"is_daily":false,"chose_seed":false,"is_ascension_mode":true,"campfire_upgraded":3,"timestamp":1525715268,"path_taken":["M","M","?","$","?","R","?","?","T","R","E","?","R","M","R","BOSS"],"build_version":"2018-05-03","seed_source_timestamp":487500403654404,"purchased_purges":1,"victory":false,"master_deck":["Strike_R","Strike_R","Strike_R","Defend_R","Defend_R","Defend_R","Defend_R","Bash+1","AscendersBane","Shrug It Off+1","Pummel","Shrug It Off+1","Armaments+1","Flex","True Grit"],"max_hp_per_floor":[80,80,80,80,80,80,80,80,80,80,80,80,80,80,80,80],"relics":["Burning Blood","Odd Mushroom","Happy Flower","Matryoshka"],"card_choices":[{"not_picked":["Thunderclap","Anger"],"picked":"Shrug It Off","floor":1},{"not_picked":["Anger","Warcry"],"picked":"Pummel","floor":2},{"not_picked":["Clash","Twin Strike"],"picked":"Shrug It Off","floor":8},{"not_picked":["Reckless Charge","Thunderclap"],"picked":"Armaments","floor":11},{"not_picked":["Intimidate","Twin Strike"],"picked":"Flex","floor":12},{"not_picked":["Perfected Strike","Heavy Blade"],"picked":"True Grit","floor":14}],"player_experience":538056,"potions_floor_usage":[8,11,16],"damage_taken":[{"damage":13,"enemies":"Small Slimes","floor":1,"turns":5},{"damage":6,"enemies":"Cultist","floor":2,"turns":5},{"damage":10,"enemies":"The Mushroom Lair","floor":8,"turns":6},{"damage":33,"enemies":"Gremlin Nob","floor":11,"turns":5},{"damage":5,"enemies":"2 Louse","floor":12,"turns":3},{"damage":20,"enemies":"Exordium Wildlife","floor":14,"turns":7},{"damage":42,"enemies":"Slime Boss","floor":16,"turns":9}],"event_choices":[{"event_name":"Accursed Blacksmith","player_choice":"Forge","floor":3,"damage_taken":0},{"event_name":"World of Goop","player_choice":"Gather Gold","floor":5,"damage_taken":0},{"event_name":"Golden Wing","player_choice":"Card Removal","floor":7,"damage_taken":0},{"event_name":"Mushrooms","player_choice":"Fought Mushrooms","floor":8,"damage_taken":0}],"boss_relics":[],"potions_floor_spawned":[2,8,14],"seed_played":"3235576157238562572","killed_by":"Slime Boss","ascension_level":11,"is_trial":false}