{"gold_per_floor":[116,134,134,56,72,72,90,117,117,147,147,147,167,183,183,183],"floor_reached":16,"playtime":605,"items_purged":[],"score":199,"play_id":"3e5c7b16-5f92-4fc2-a91d-a9333f14b32f","local_time":"20190305210153","is_ascension_mode":true,"campfire_choices":[{"data":"Zap","floor":6,"key":"SMITH"},{"floor":15,"key":"REST"}],"neow_cost":"NONE","seed_source_timestamp":1633291484759651,"circlet_count":0,"master_deck":["AscendersBane","Strike_B","Strike_B+1","Strike_B","Strike_B+1","Defend_B","Defend_B","Defend_B","Defend_B","Zap+1","Dualcast","Sunder+1","BootSequence","Reinforced Body","Go for the Eyes","Conserve Battery"],"relics":["Cracked Core","Whetstone","Pen Nib","Molten Egg 2"],"potions_floor_usage":[8,16],"damage_taken":[{"damage":0,"enemies":"Cultist","floor":1,"turns":3},{"damage":7,"enemies":"Jaw Worm","floor":2,"turns":2},{"damage":0,"enemies":"Small Slimes","floor":5,"turns":3},{"damage":22,"enemies":"Gremlin Gang","floor":7,"turns":4},{"damage":30,"enemies":"Lagavulin","floor":8,"turns":7},{"damage":3,"enemies":"3 Louse","floor":13,"turns":3},{"damage":0,"enemies":"Looter","floor":14,"turns":2},{"damage":45,"enemies":"The Guardian","floor":16,"turns":13}],"seed_played":"-4122270594858380400","potions_obtained":[{"floor":3,"key":"Ancient Potion"},{"floor":3,"key":"FairyPotion"},{"floor":13,"key":"Regen Potion"}],"is_trial":false,"path_per_floor":["M","M","?","$","M","R","M","E","T","?","?","?","M","M","R","B"],"character_chosen":"DEFECT","items_purchased":["Reinforced Body"],"campfire_rested":1,"item_purchase_floors":[4],"current_hp_per_floor":[71,64,64,64,64,64,42,12,12,12,1,1,7,7,30,0],"gold":183,"neow_bonus":"TEN_PERCENT_HP_BONUS","is_prod":false,"is_daily":false,"chose_seed":false,"campfire_upgraded":1,"win_rate":0,"timestamp":1551841313,"path_taken":["M","M","?","$","M","R","?","E","T","?","?","?","M","?","R","BOSS"],"build_version":"2019-01-23","purchased_purges":0,"victory":false,"max_hp_per_floor":[78,78,78,78,78,78,78,78,78,78,78,78,78,78,78,78],"card_choices":[{"not_picked":["Sweeping Beam","Redo"],"picked":"Sunder","floor":1},{"not_picked":["Go for the Eyes","FTL"],"picked":"BootSequence","floor":2},{"not_picked":["Barrage","Beam Cell","Gash"],"picked":"SKIP","floor":5},{"not_picked":["Double Energy","Storm"],"picked":"Go for the Eyes","floor":7},{"not_picked":["Meteor Strike","Tempest","Barrage"],"picked":"SKIP","floor":8},{"not_picked":["Hologram","Undo","Skim"],"picked":"SKIP","floor":13},{"not_picked":["White Noise","Sweeping Beam+1"],"picked":"Conserve Battery","floor":14}],"player_experience":569426,"relics_obtained":[{"floor":8,"key":"Whetstone"},{"floor":9,"key":"Pen Nib"}],"event_choices":[{"damage_healed":0,"gold_gain":0,"player_choice":"Got Potions","damage_taken":0,"max_hp_gain":0,"max_hp_loss":0,"event_name":"Lab","floor":3,"gold_loss":0},{"damage_healed":0,"gold_gain":30,"player_choice":"Searched \u00272\u0027 times","damage_taken":0,"relics_obtained":["Molten Egg 2"],"max_hp_gain":0,"max_hp_loss":0,"event_name":"Dead Adventurer","floor":10,"gold_loss":0},{"damage_healed":0,"gold_gain":0,"player_choice":"Fled","damage_taken":11,"max_hp_gain":0,"max_hp_loss":0,"event_name":"Scrap Ooze","floor":11,"gold_loss":0},{"damage_healed":0,"gold_gain":0,"player_choice":"Upgraded","damage_taken":0,"max_hp_gain":0,"max_hp_loss":0,"event_name":"Upgrade Shrine","floor":12,"gold_loss":0,"cards_upgraded":["Sunder"]}],"is_beta":false,"boss_relics":[],"items_purged_floors":[],"is_endless":false,"potions_floor_spawned":[5,7,13],"killed_by":"The Guardian","ascension_level":19}