{"gold_per_floor":[111,130,150,162,176,176,196,196,196,121,121,138,149,160,160,258,258,274,284,284,304,320,320,333,83,83,98,114,132,132,132,132,229,229,249,267,284,296,651,669,669,685,710,724,734,746,570,570,570,570],"floor_reached":50,"playtime":5577,"items_purged":["Strike_R","Strike_R","Strike_R"],"score":502,"play_id":"19df3e7d-e804-4e16-82b7-3655ab1be57e","local_time":"20180922044823","is_ascension_mode":false,"campfire_choices":[{"data":"Flex","floor":6,"key":"SMITH"},{"floor":8,"key":"REST"},{"data":"Twin Strike","floor":15,"key":"SMITH"},{"data":"Inflame","floor":23,"key":"SMITH"},{"data":"Inflame","floor":30,"key":"SMITH"},{"data":"Heavy Blade","floor":32,"key":"SMITH"},{"data":"Reaper","floor":41,"key":"SMITH"},{"data":"Bash","floor":49,"key":"SMITH"}],"neow_cost":"","seed_source_timestamp":128908895141727,"circlet_count":0,"master_deck":["Strike_R","Strike_R","Defend_R","Defend_R","Defend_R+1","Defend_R+1","Bash+1","Twin Strike+1","Sword Boomerang","Thunderclap","Flex+1","Sword Boomerang","Demon Form+1","Inflame+1","Heavy Blade+1","Inflame+1","Flex+1","Reaper+1","Whirlwind+1","Demon Form","Heavy Blade+1","Whirlwind"],"relics":["Black Blood","Meat on the Bone","Velvet Choker","Incense Burner","Old Coin","Potion Belt","Unceasing Top"],"potions_floor_usage":[5,19,48,50,50,50,50],"damage_taken":[{"damage":0,"enemies":"2 Louse","floor":1,"turns":3},{"damage":0,"enemies":"Small Slimes","floor":2,"turns":3},{"damage":6,"enemies":"Cultist","floor":3,"turns":3},{"damage":13,"enemies":"Blue Slaver","floor":4,"turns":5},{"damage":32,"enemies":"Exordium Thugs","floor":5,"turns":5},{"damage":20,"enemies":"Gremlin Gang","floor":7,"turns":5},{"damage":18,"enemies":"Large Slime","floor":12,"turns":5},{"damage":7,"enemies":"Blue Slaver","floor":13,"turns":3},{"damage":1,"enemies":"2 Fungi Beasts","floor":14,"turns":2},{"damage":53,"enemies":"The Guardian","floor":16,"turns":10},{"damage":22,"enemies":"3 Byrds","floor":18,"turns":5},{"damage":16,"enemies":"Shell Parasite","floor":19,"turns":5},{"damage":12,"enemies":"3 Cultists","floor":21,"turns":5},{"damage":19,"enemies":"Centurion and Healer","floor":22,"turns":5},{"damage":10,"enemies":"Cultist and Chosen","floor":24,"turns":5},{"damage":15,"enemies":"Snecko","floor":27,"turns":3},{"damage":18,"enemies":"3 Cultists","floor":28,"turns":4},{"damage":27,"enemies":"Shelled Parasite and Fungi","floor":29,"turns":4},{"damage":38,"enemies":"Collector","floor":33,"turns":6},{"damage":6,"enemies":"3 Shapes","floor":35,"turns":4},{"damage":0,"enemies":"3 Darklings","floor":36,"turns":1},{"damage":21,"enemies":"Transient","floor":37,"turns":5},{"damage":19,"enemies":"Sphere and 2 Shapes","floor":38,"turns":6},{"damage":48,"enemies":"Mysterious Sphere","floor":39,"turns":4},{"damage":49,"enemies":"Reptomancer","floor":40,"turns":4},{"damage":34,"enemies":"4 Shapes","floor":42,"turns":4},{"damage":32,"enemies":"Maw","floor":44,"turns":5},{"damage":32,"enemies":"Transient","floor":45,"turns":5},{"damage":63,"enemies":"Spire Growth","floor":46,"turns":5},{"damage":1,"enemies":"Mind Bloom Boss Battle","floor":48,"turns":7},{"damage":146,"enemies":"Awakened One","floor":50,"turns":8}],"seed_played":"7863046469595291455","potions_obtained":[{"floor":3,"key":"Ancient Potion"},{"floor":4,"key":"Ancient Potion"},{"floor":7,"key":"Block Potion"},{"floor":12,"key":"BloodPotion"},{"floor":16,"key":"Poison Potion"},{"floor":18,"key":"PowerPotion"},{"floor":19,"key":"BloodPotion"},{"floor":33,"key":"Dexterity Potion"},{"floor":38,"key":"BloodPotion"},{"floor":45,"key":"GamblersBrew"}],"is_trial":false,"path_per_floor":["M","M","M","M","M","R","M","R","T","$","?","M","M","M","R","B",null,"M","M","?","M","M","R","M","$","T","M","M","M","R","?","R","B",null,"M","M","M","M","?","M","R","M","T","M","M","M","$","?","R"],"character_chosen":"IRONCLAD","items_purchased":["Reaper","Weak Potion"],"campfire_rested":1,"item_purchase_floors":[25,47],"current_hp_per_floor":[80,80,80,73,47,47,33,57,57,57,41,41,52,57,57,22,80,64,54,54,48,47,47,55,55,55,58,75,54,54,54,54,34,80,80,80,69,60,61,59,59,57,57,47,58,38,38,67,67,0],"gold":570,"neow_bonus":"","is_prod":false,"is_daily":false,"chose_seed":false,"campfire_upgraded":7,"win_rate":0.0,"timestamp":1537580903,"path_taken":["M","M","M","M","M","R","M","R","T","$","?","M","M","M","R","BOSS","M","M","?","M","M","R","M","$","T","?","M","M","R","?","R","BOSS","M","M","M","M","?","M","R","M","T","M","M","M","$","?","R","BOSS"],"build_version":"2018-09-20","purchased_purges":3,"victory":false,"max_hp_per_floor":[80,80,80,80,80,80,80,80,80,80,80,80,80,80,80,80,80,80,80,80,80,80,80,80,80,80,80,80,80,80,80,80,80,80,80,80,80,80,80,80,80,80,80,80,80,80,80,80,80,80],"card_choices":[{"not_picked":["Heavy Blade","Thunderclap"],"picked":"Twin Strike","floor":1},{"not_picked":["Fire Breathing","Warcry"],"picked":"Sword Boomerang","floor":2},{"not_picked":["Shrug It Off","Dual Wield"],"picked":"Thunderclap","floor":3},{"not_picked":["Armaments","Blood for Blood","Ghostly Armor"],"picked":"SKIP","floor":4},{"not_picked":["Clothesline","Twin Strike"],"picked":"Flex","floor":5},{"not_picked":["Warcry","Power Through"],"picked":"Sword Boomerang","floor":7},{"not_picked":["Warcry","Feel No Pain","Perfected Strike"],"picked":"SKIP","floor":12},{"not_picked":["Shrug It Off","Pommel Strike","Uppercut"],"picked":"SKIP","floor":13},{"not_picked":["Dark Embrace","Body Slam","Searing Blow"],"picked":"SKIP","floor":14},{"not_picked":["Impervious","Offering"],"picked":"Demon Form","floor":16},{"not_picked":["Battle Trance+1","Body Slam","Headbutt"],"picked":"SKIP","floor":18},{"not_picked":["Headbutt+1","Warcry"],"picked":"Inflame","floor":19},{"not_picked":["Iron Wave","True Grit","Shockwave"],"picked":"SKIP","floor":21},{"not_picked":["Thunderclap","Warcry"],"picked":"Inflame","floor":22},{"not_picked":["Clash","Sword Boomerang+1"],"picked":"Flex+1","floor":24},{"not_picked":["Iron Wave+1","Disarm+1"],"picked":"Whirlwind+1","floor":27},{"not_picked":["Ghostly Armor+1","Clothesline","Rupture"],"picked":"SKIP","floor":28},{"not_picked":["Disarm+1","Clash+1","Cleave"],"picked":"SKIP","floor":29},{"not_picked":["Berserk","Double Tap"],"picked":"Demon Form","floor":33},{"not_picked":["Carnage","Shockwave+1","Headbutt+1"],"picked":"SKIP","floor":35},{"not_picked":["True Grit+1","Reckless Charge","Pummel+1"],"picked":"SKIP","floor":36},{"not_picked":["Feel No Pain+1","Burning Pact+1","Power Through+1"],"picked":"SKIP","floor":37},{"not_picked":["Shrug It Off+1","Hemokinesis"],"picked":"Heavy Blade+1","floor":38},{"not_picked":["Reckless Charge+1","Seeing Red+1","Corruption+1"],"picked":"SKIP","floor":40},{"not_picked":["Shockwave","Perfected Strike","Iron Wave+1"],"picked":"SKIP","floor":42},{"not_picked":["Perfected Strike","Power Through","Headbutt"],"picked":"SKIP","floor":44},{"not_picked":["Perfected Strike+1","Barricade","Rage+1"],"picked":"SKIP","floor":45},{"not_picked":["True Grit+1","Body Slam+1"],"picked":"Whirlwind","floor":46}],"player_experience":21081,"relics_obtained":[{"floor":9,"key":"Meat on the Bone"},{"floor":26,"key":"Incense Burner"},{"floor":39,"key":"Old Coin"},{"floor":43,"key":"Potion Belt"},{"floor":48,"key":"Unceasing Top"}],"event_choices":[{"event_name":"Shining Light","player_choice":"Entered Light","floor":11,"damage_taken":0},{"event_name":"The Library","player_choice":"Read","floor":20,"damage_taken":0},{"event_name":"Accursed Blacksmith","player_choice":"Forge","floor":31,"damage_taken":0},{"event_name":"Mysterious Sphere","player_choice":"Fight","floor":39,"damage_taken":0},{"event_name":"MindBloom","player_choice":"Fight","floor":48,"damage_taken":0}],"is_beta":false,"boss_relics":[{"not_picked":["Snecko Eye","White Beast Statue"],"picked":"Velvet Choker"},{"not_picked":["Runic Dome","Sozu"],"picked":"Black Blood"}],"items_purged_floors":[10,25,47],"is_endless":false,"potions_floor_spawned":[3,4,7,12,16,18,19,28,33,38,39,40,42,45],"killed_by":"Awakened One","ascension_level":0}