{"gold_per_floor":[209,220,240,88,100,100,128,128,208,208,220,234,264,264,264,337,337,356,456,160,175,187,216,228,228,228,228,228,80,109,109,109,182,182,202,221,221,221,233,268,281,281,336,336,611,75,75,87,87,87,87,87,16,49,49],"floor_reached":56,"playtime":5750,"items_purged":["Strike_B","Strike_B","Regret"],"score":2095,"play_id":"7416b755-d45a-42f6-aeff-f03720891f3a","local_time":"20190303023539","is_ascension_mode":true,"campfire_choices":[{"data":"Defragment","floor":6,"key":"SMITH"},{"data":"Coolheaded","floor":8,"key":"SMITH"},{"data":"Glacier","floor":10,"key":"SMITH"},{"data":"Darkness","floor":15,"key":"SMITH"},{"data":"Redo","floor":25,"key":"SMITH"},{"data":"Hologram","floor":27,"key":"SMITH"},{"floor":32,"key":"REST"},{"data":"Biased Cognition","floor":42,"key":"SMITH"},{"data":"Recycle","floor":44,"key":"SMITH"},{"floor":47,"key":"RECALL"},{"floor":49,"key":"REST"},{"data":"Force Field","floor":52,"key":"SMITH"}],"neow_cost":"NONE","seed_source_timestamp":20894335614157,"circlet_count":0,"master_deck":["AscendersBane","Strike_B","Defend_B","Defend_B","Defend_B","Defend_B","Zap","Dualcast+1","Coolheaded+1","Glacier+1","White Noise","Defragment+1","Chill+1","Leap+1","Redo+1","Darkness+1","Biased Cognition+1","Hologram+1","Static Discharge+1","Turbo","Force Field+1","Machine Learning+1","Core Surge","Buffer+1","Lockon+1","Coolheaded","Undo","Buffer+1","Recycle+1","Glacier","Creative AI+1"],"relics":["Cracked Core","Emotion Chip","Symbiotic Virus","Orichalcum","Runic Pyramid","Pocketwatch","Frozen Egg 2","Regal Pillow","War Paint","Centennial Puzzle","Dream Catcher","Philosopher\u0027s Stone","Strawberry","Happy Flower","Cables","Thread and Needle"],"potions_floor_usage":[16,19,30,30,40,50,54,55],"damage_taken":[{"damage":6,"enemies":"Cultist","floor":1,"turns":3},{"damage":5,"enemies":"2 Louse","floor":2,"turns":3},{"damage":0,"enemies":"Small Slimes","floor":3,"turns":4},{"damage":0,"enemies":"3 Louse","floor":5,"turns":6},{"damage":6,"enemies":"Lagavulin","floor":7,"turns":6},{"damage":2,"enemies":"Lots of Slimes","floor":11,"turns":7},{"damage":0,"enemies":"Large Slime","floor":12,"turns":4},{"damage":0,"enemies":"The Guardian","floor":16,"turns":6},{"damage":8,"enemies":"Shell Parasite","floor":18,"turns":5},{"damage":0,"enemies":"Colosseum Slavers","floor":19,"turns":4},{"damage":5,"enemies":"Colosseum Nobs","floor":19,"turns":4},{"damage":0,"enemies":"Spheric Guardian","floor":21,"turns":3},{"damage":3,"enemies":"Cultist and Chosen","floor":22,"turns":5},{"damage":4,"enemies":"Book of Stabbing","floor":23,"turns":4},{"damage":0,"enemies":"Snake Plant","floor":24,"turns":3},{"damage":4,"enemies":"Gremlin Leader","floor":30,"turns":7},{"damage":0,"enemies":"Collector","floor":33,"turns":11},{"damage":0,"enemies":"3 Shapes","floor":35,"turns":6},{"damage":10,"enemies":"3 Darklings","floor":36,"turns":7},{"damage":0,"enemies":"Jaw Worm Horde","floor":39,"turns":6},{"damage":0,"enemies":"Giant Head","floor":40,"turns":7},{"damage":3,"enemies":"Maw","floor":41,"turns":6},{"damage":8,"enemies":"Sphere and 2 Shapes","floor":48,"turns":3},{"damage":9,"enemies":"Time Eater","floor":50,"turns":10},{"damage":28,"enemies":"Shield and Spear","floor":54,"turns":9},{"damage":35,"enemies":"The Heart","floor":55,"turns":12}],"seed_played":"317036814773621601","potions_obtained":[{"floor":1,"key":"Energy Potion"},{"floor":5,"key":"Explosive Potion"},{"floor":7,"key":"SkillPotion"},{"floor":18,"key":"Block Potion"},{"floor":21,"key":"FearPotion"},{"floor":24,"key":"GamblersBrew"},{"floor":33,"key":"Strength Potion"},{"floor":36,"key":"LiquidBronze"},{"floor":40,"key":"Explosive Potion"}],"is_trial":false,"path_per_floor":["M","M","M","$","M","R","E","R","T","R","M","M","?","?","R","B",null,"M","?","$","M","M","E","M","R","T","R","?","$","E","?","R","B",null,"M","M","?","?","M","E","M","R","T","R","?","$","R","M","R","B",null,"R","$","E","B",null],"character_chosen":"DEFECT","items_purchased":["Defragment","Regal Pillow","Hologram","Centennial Puzzle","Cables","Glacier","FocusPotion","FocusPotion"],"campfire_rested":2,"item_purchase_floors":[4,20,20,29,46,46,46,53],"current_hp_per_floor":[58,53,53,53,53,53,47,47,47,47,45,45,45,27,27,27,60,52,47,47,47,44,40,40,40,40,40,40,40,36,36,71,71,71,71,61,61,61,61,68,65,65,65,65,65,65,65,57,78,69,76,76,76,48,13],"gold":49,"neow_bonus":"HUNDRED_GOLD","is_prod":false,"is_daily":false,"chose_seed":false,"campfire_upgraded":9,"win_rate":0,"timestamp":1551598539,"path_taken":["M","M","M","?","M","R","E","R","T","R","M","M","?","?","R","BOSS","M","?","$","M","M","E","M","R","T","R","?","$","E","?","R","BOSS","M","?","?","?","?","E","M","R","T","R","?","$","R","M","R","BOSS","R","$","E","BOSS"],"build_version":"2019-01-23","purchased_purges":3,"victory":true,"max_hp_per_floor":[71,71,71,71,71,71,71,71,71,71,71,71,71,71,71,71,71,71,71,71,71,71,71,71,71,71,71,71,71,71,71,71,71,71,71,71,71,71,71,78,78,78,78,78,78,78,78,78,78,78,78,78,78,78,78],"card_choices":[{"not_picked":["Hello World","Ball Lightning"],"picked":"Coolheaded","floor":1},{"not_picked":["Heatsinks","Chaos"],"picked":"Glacier","floor":2},{"not_picked":["Compile Driver","Hello World"],"picked":"White Noise","floor":3},{"not_picked":["Compile Driver","Streamline"],"picked":"Chill","floor":5},{"not_picked":["Melter","Barrage"],"picked":"Leap","floor":7},{"not_picked":["Buffer","Melter"],"picked":"Redo","floor":11},{"not_picked":["Redo","Scrape"],"picked":"Darkness","floor":12},{"not_picked":["Multi-Cast","Meteor Strike"],"picked":"Biased Cognition","floor":16},{"not_picked":["Compile Driver","Barrage","Go for the Eyes"],"picked":"SKIP","floor":18},{"not_picked":["Melter","Chill"],"picked":"Static Discharge+1","floor":21},{"not_picked":["Streamline","Go for the Eyes"],"picked":"Turbo","floor":22},{"not_picked":["Compile Driver","Redo","Lockon"],"picked":"SKIP","floor":23},{"not_picked":["Redo","White Noise"],"picked":"Force Field","floor":24},{"not_picked":["Force Field","Go for the Eyes"],"picked":"Core Surge","floor":30},{"not_picked":["Hyperbeam","Meteor Strike"],"picked":"Buffer+1","floor":33},{"not_picked":["Hologram","Gash"],"picked":"Lockon+1","floor":35},{"not_picked":["Leap+1","Barrage"],"picked":"Coolheaded","floor":36},{"not_picked":["Cold Snap","Rebound","Go for the Eyes"],"picked":"SKIP","floor":39},{"not_picked":["Cold Snap","Rebound","Go for the Eyes"],"picked":"SKIP","floor":39},{"not_picked":["Gash","Hyperbeam"],"picked":"Buffer+1","floor":40},{"not_picked":["Melter","Auto Shields+1"],"picked":"Recycle","floor":41},{"not_picked":["Stack","Sweeping Beam","Hello World+1"],"picked":"SKIP","floor":48},{"not_picked":["Undo+1","Reinforced Body"],"picked":"Creative AI+1","floor":54}],"player_experience":790463,"relics_obtained":[{"floor":7,"key":"Emotion Chip"},{"floor":9,"key":"Symbiotic Virus"},{"floor":19,"key":"Pocketwatch"},{"floor":19,"key":"Frozen Egg 2"},{"floor":23,"key":"War Paint"},{"floor":30,"key":"Dream Catcher"},{"floor":40,"key":"Strawberry"},{"floor":43,"key":"Happy Flower"},{"floor":54,"key":"Thread and Needle"}],"event_choices":[{"damage_healed":0,"gold_gain":30,"player_choice":"Searched \u00271\u0027 times","damage_taken":0,"max_hp_gain":0,"max_hp_loss":0,"event_name":"Dead Adventurer","floor":13,"gold_loss":0},{"damage_healed":0,"gold_gain":0,"player_choice":"Success","damage_taken":18,"relics_obtained":["Orichalcum"],"max_hp_gain":0,"max_hp_loss":0,"event_name":"Scrap Ooze","floor":14,"gold_loss":0},{"damage_healed":0,"gold_gain":0,"player_choice":"Fight","damage_taken":0,"max_hp_gain":0,"max_hp_loss":0,"event_name":"Colosseum","floor":19,"gold_loss":0},{"damage_healed":0,"gold_gain":0,"player_choice":"Fought Nobs","damage_taken":0,"max_hp_gain":0,"max_hp_loss":0,"event_name":"Colosseum","floor":19,"gold_loss":0},{"damage_healed":0,"gold_gain":0,"player_choice":"Read","damage_taken":0,"max_hp_gain":0,"max_hp_loss":0,"event_name":"The Library","floor":28,"gold_loss":0,"cards_obtained":["Machine Learning"]},{"damage_healed":0,"gold_gain":0,"player_choice":"Forge","damage_taken":0,"max_hp_gain":0,"max_hp_loss":0,"event_name":"Accursed Blacksmith","floor":31,"gold_loss":0,"cards_upgraded":["Dualcast"]},{"damage_healed":0,"gold_gain":0,"player_choice":"Ignored","damage_taken":0,"max_hp_gain":0,"max_hp_loss":0,"event_name":"Tomb of Lord Red Mask","floor":37,"gold_loss":0},{"damage_healed":0,"gold_gain":0,"cards_transformed":["Strike_B"],"player_choice":"Transformed","damage_taken":0,"max_hp_gain":0,"max_hp_loss":0,"event_name":"Transmorgrifier","floor":38,"gold_loss":0,"cards_obtained":["Undo"]},{"damage_healed":0,"gold_gain":275,"player_choice":"Desecrate","damage_taken":0,"max_hp_gain":0,"max_hp_loss":0,"event_name":"Golden Shrine","floor":45,"gold_loss":0,"cards_obtained":["Regret"]}],"is_beta":false,"boss_relics":[{"not_picked":["Calling Bell","Empty Cage"],"picked":"Runic Pyramid"},{"not_picked":["Pandora\u0027s Box","Eternal Feather"],"picked":"Philosopher\u0027s Stone"}],"items_purged_floors":[4,20,46],"is_endless":false,"potions_floor_spawned":[1,5,7,11,18,21,22,24,33,36,39,40,48],"ascension_level":15}