{"gold_per_floor":[113,132,132,132,148,183,203,203,258,322,655,655,678,182,182,301,301,316,330,330,270,288,288],"floor_reached":23,"playtime":2147,"items_purged":["Injury"],"score":221,"play_id":"6960fe3b-56ea-48e5-aa97-da60113b328b","local_time":"20190206164859","is_ascension_mode":true,"campfire_choices":[{"data":"Melter","floor":8,"key":"SMITH"},{"floor":15,"key":"REST"}],"neow_cost":"NONE","seed_source_timestamp":245800237349488,"circlet_count":0,"master_deck":["Strike_B+1","Strike_B","Strike_B","Strike_B+1","Defend_B","Defend_B","Zap","Dualcast","Cold Snap","Steam+1","White Noise","Storm","Melter+1","Go for the Eyes","Conserve Battery","HandOfGreed","Hologram","Buffer","Cold Snap","Auto Shields","Leap","Capacitor","Fusion+1"],"relics":["Cracked Core","Whetstone","Question Card","DataDisk","Strawberry","Old Coin","Golden Idol","Sling","Inserter","Nilry\u0027s Codex"],"potions_floor_usage":[6,22,23],"damage_taken":[{"damage":1,"enemies":"2 Louse","floor":1,"turns":2},{"damage":0,"enemies":"Small Slimes","floor":2,"turns":2},{"damage":7,"enemies":"Jaw Worm","floor":5,"turns":2},{"damage":7,"enemies":"3 Sentries","floor":6,"turns":7},{"damage":6,"enemies":"Red Slaver","floor":7,"turns":4},{"damage":17,"enemies":"Gremlin Nob","floor":11,"turns":4},{"damage":1,"enemies":"2 Fungi Beasts","floor":13,"turns":2},{"damage":6,"enemies":"The Guardian","floor":16,"turns":8},{"damage":10,"enemies":"Chosen","floor":18,"turns":5},{"damage":7,"enemies":"Spheric Guardian","floor":19,"turns":4},{"damage":10,"enemies":"3 Cultists","floor":22,"turns":6},{"damage":51,"enemies":"Gremlin Leader","floor":23,"turns":6}],"seed_played":"-7808886062917920302","potions_obtained":[{"floor":5,"key":"LiquidBronze"},{"floor":7,"key":"FocusPotion"},{"floor":13,"key":"Energy Potion"},{"floor":18,"key":"Block Potion"},{"floor":22,"key":"GamblersBrew"}],"is_trial":false,"path_per_floor":["M","M","?","?","M","E","M","R","T","?","E","?","M","$","R","B",null,"M","M","?","?","M","E"],"character_chosen":"DEFECT","items_purchased":["Sling","HandOfGreed","Hologram"],"campfire_rested":1,"item_purchase_floors":[14,14,14],"current_hp_per_floor":[74,74,67,67,60,53,47,47,54,54,37,37,36,36,60,54,82,72,65,49,49,39,0],"gold":288,"neow_bonus":"RANDOM_COMMON_RELIC","is_prod":false,"is_daily":false,"chose_seed":false,"campfire_upgraded":1,"win_rate":0,"timestamp":1549468139,"path_taken":["M","M","?","?","M","E","M","R","T","?","E","?","M","$","R","BOSS","M","M","?","?","M","E"],"build_version":"2019-01-23","purchased_purges":1,"victory":false,"max_hp_per_floor":[75,75,75,75,75,75,75,75,82,82,82,82,82,82,82,82,82,82,82,82,82,82,82],"card_choices":[{"not_picked":["Ball Lightning","Rebound"],"picked":"Cold Snap","floor":1},{"not_picked":["Sweeping Beam","Hologram"],"picked":"Steam","floor":2},{"not_picked":["Hologram","Loop","Ball Lightning"],"picked":"White Noise","floor":5},{"not_picked":["Double Energy","Stack","Gash"],"picked":"Storm","floor":6},{"not_picked":["Barrage","Fusion","Conserve Battery"],"picked":"Melter","floor":7},{"not_picked":["Hologram","Skim","Gash"],"picked":"Go for the Eyes","floor":11},{"not_picked":["Lockon","Recycle","Hologram"],"picked":"Conserve Battery","floor":13},{"not_picked":["All For One","Biased Cognition","Echo Form"],"picked":"Buffer","floor":16},{"not_picked":["Scrape+1","Go for the Eyes","Conserve Battery"],"picked":"Cold Snap","floor":18},{"not_picked":["Beam Cell","Rip and Tear","Turbo"],"picked":"Auto Shields","floor":19},{"not_picked":["FTL","Steam Power+1","Streamline"],"picked":"Fusion+1","floor":22}],"player_experience":225041,"relics_obtained":[{"floor":6,"key":"DataDisk"},{"floor":9,"key":"Strawberry"},{"floor":11,"key":"Old Coin"},{"floor":20,"key":"Nilry\u0027s Codex"}],"event_choices":[{"damage_healed":0,"gold_gain":0,"player_choice":"Success","damage_taken":7,"relics_obtained":["Question Card"],"max_hp_gain":0,"max_hp_loss":0,"event_name":"Scrap Ooze","floor":3,"gold_loss":0},{"damage_healed":0,"gold_gain":0,"player_choice":"Grow","damage_taken":0,"max_hp_gain":0,"max_hp_loss":0,"event_name":"Living Wall","floor":4,"gold_loss":0,"cards_upgraded":["Steam"]},{"damage_healed":0,"gold_gain":64,"player_choice":"Gained Gold","damage_taken":0,"max_hp_gain":0,"max_hp_loss":0,"event_name":"Golden Wing","floor":10,"gold_loss":0},{"damage_healed":0,"gold_gain":0,"player_choice":"Take Wound","damage_taken":0,"relics_obtained":["Golden Idol"],"max_hp_gain":0,"max_hp_loss":0,"event_name":"Golden Idol","floor":12,"gold_loss":0,"cards_obtained":["Injury"]},{"damage_healed":0,"gold_gain":0,"player_choice":"Obtained Book","damage_taken":16,"max_hp_gain":0,"max_hp_loss":0,"event_name":"Cursed Tome","floor":20,"gold_loss":0},{"damage_healed":0,"gold_gain":0,"cards_transformed":["Defend_B","Defend_B"],"player_choice":"Transformed Cards","damage_taken":0,"max_hp_gain":0,"max_hp_loss":0,"event_name":"Designer","floor":21,"gold_loss":60,"cards_obtained":["Leap","Capacitor"]}],"is_beta":false,"boss_relics":[{"not_picked":["Calling Bell","Fusion Hammer"],"picked":"Inserter"}],"items_purged_floors":[14],"is_endless":false,"potions_floor_spawned":[5,7,13,18,22],"killed_by":"Gremlin Leader","ascension_level":2}