{"gold_per_floor":[119,137,137,137,192,218,232,232,258,270,270],"floor_reached":11,"playtime":395,"items_purged":[],"score":73,"play_id":"47e546c1-270a-4e44-becc-5ad7f8282332","local_time":"20181205222412","is_ascension_mode":false,"campfire_choices":[{"floor":8,"key":"REST"}],"neow_cost":"NONE","seed_source_timestamp":796440161918794,"circlet_count":0,"master_deck":["Strike_B","Strike_B","Strike_B","Strike_B","Defend_B","Defend_B","Defend_B","Defend_B","Zap","Dualcast","Consume","Capacitor","Auto Shields","Leap","Conserve Battery"],"relics":["Eternal Feather","Bird Faced Urn","Boot","DataDisk"],"potions_floor_usage":[6,6,10],"damage_taken":[{"damage":7,"enemies":"2 Louse","floor":1,"turns":3},{"damage":7,"enemies":"Small Slimes","floor":2,"turns":5},{"damage":32,"enemies":"Gremlin Nob","floor":6,"turns":4},{"damage":14,"enemies":"Jaw Worm","floor":7,"turns":4},{"damage":20,"enemies":"Gremlin Gang","floor":10,"turns":7},{"damage":28,"enemies":"3 Sentries","floor":11,"turns":7}],"seed_played":"3167562204688508739","potions_obtained":[{"floor":1,"key":"Strength Potion"},{"floor":2,"key":"SteroidPotion"},{"floor":7,"key":"Weak Potion"}],"is_trial":false,"path_per_floor":["M","M","?","?","T","E","M","R","T","M","E"],"character_chosen":"DEFECT","items_purchased":[],"campfire_rested":1,"item_purchase_floors":[],"current_hp_per_floor":[68,61,49,54,54,24,12,42,42,24,0],"gold":270,"neow_bonus":"BOSS_RELIC","is_prod":false,"is_daily":false,"chose_seed":false,"campfire_upgraded":0,"win_rate":0,"timestamp":1544070252,"path_taken":["M","M","?","?","?","E","?","R","T","M","E"],"build_version":"2018-11-15","purchased_purges":0,"victory":false,"max_hp_per_floor":[75,75,75,80,80,80,80,80,80,80,80],"card_choices":[{"not_picked":["Turbo","Double Energy"],"picked":"Consume","floor":1},{"not_picked":["Turbo","Reinforced Body"],"picked":"Capacitor","floor":2},{"not_picked":["Fusion","Rebound"],"picked":"Auto Shields","floor":6},{"not_picked":["Beam Cell","Auto Shields"],"picked":"Leap","floor":7},{"not_picked":["Redo","Undo"],"picked":"Conserve Battery","floor":10}],"player_experience":250149,"relics_obtained":[{"floor":6,"key":"Boot"},{"floor":9,"key":"DataDisk"}],"event_choices":[{"damage_healed":0,"gold_gain":0,"player_choice":"Success","damage_taken":12,"relics_obtained":["Bird Faced Urn"],"max_hp_gain":0,"max_hp_loss":0,"event_name":"Scrap Ooze","floor":3,"gold_loss":0},{"damage_healed":0,"gold_gain":0,"player_choice":"Donut","damage_taken":0,"max_hp_gain":5,"max_hp_loss":0,"event_name":"Big Fish","floor":4,"gold_loss":0}],"is_beta":false,"boss_relics":[],"items_purged_floors":[],"is_endless":false,"potions_floor_spawned":[1,2,7],"killed_by":"3 Sentries","ascension_level":0}