{"gold_per_floor":[116,134,205,130,130,158,158,183,183,210,228,241,241,260,260,334,334,353,303,6,16,32,32,358,358,358,385,401,401,431,431,431,431],"floor_reached":33,"playtime":1841,"items_purged":[],"score":806,"play_id":"f4e8bce2-559e-4c2d-916a-294165dd9fd9","local_time":"20190308112000","is_ascension_mode":true,"campfire_choices":[{"data":"Unload","floor":7,"key":"SMITH"},{"data":"Cloak And Dagger","floor":13,"key":"SMITH"},{"data":"Poisoned Stab","floor":15,"key":"SMITH"},{"floor":23,"key":"REST"},{"floor":25,"key":"REST"},{"floor":29,"key":"REST"},{"floor":32,"key":"REST"}],"neow_cost":"NONE","seed_source_timestamp":108465070524090,"circlet_count":0,"master_deck":["AscendersBane","Survivor","Neutralize+1","Backstab","Cloak And Dagger+1","Unload+1","Cloak And Dagger+1","Quick Slash","Backflip","Well Laid Plans","Poisoned Stab+1","After Image","Accuracy","All Out Attack","Endless Agony","PiercingWail","Terror","Bullet Time","Bane+1","Bullet Time","Calculated Gamble","Leg Sweep","Footwork","Backflip","Dash","Blade Dance+1","Dagger Spray"],"relics":["Ring of the Snake","NeowsBlessing","FossilizedHelix","Orichalcum","Dodecahedron","Peace Pipe","Pandora\u0027s Box","Sling","Old Coin","Sundial","The Courier","Red Mask"],"potions_floor_usage":[8,16,24,30,33,33],"damage_taken":[{"damage":0,"enemies":"Small Slimes","floor":1,"turns":1},{"damage":0,"enemies":"2 Louse","floor":2,"turns":1},{"damage":0,"enemies":"Lagavulin","floor":6,"turns":1},{"damage":0,"enemies":"Gremlin Nob","floor":8,"turns":4},{"damage":8,"enemies":"3 Sentries","floor":10,"turns":11},{"damage":0,"enemies":"Cultist","floor":11,"turns":3},{"damage":0,"enemies":"Looter","floor":12,"turns":2},{"damage":0,"enemies":"Large Slime","floor":14,"turns":5},{"damage":0,"enemies":"Slime Boss","floor":16,"turns":9},{"damage":13,"enemies":"Shell Parasite","floor":18,"turns":4},{"damage":0,"enemies":"3 Byrds","floor":21,"turns":5},{"damage":23,"enemies":"Cultist and Chosen","floor":22,"turns":8},{"damage":10,"enemies":"Gremlin Leader","floor":24,"turns":6},{"damage":36,"enemies":"Book of Stabbing","floor":27,"turns":6},{"damage":1,"enemies":"Shelled Parasite and Fungi","floor":28,"turns":6},{"damage":8,"enemies":"Masked Bandits","floor":30,"turns":5},{"damage":49,"enemies":"Collector","floor":33,"turns":7}],"seed_played":"-4710631108996627941","potions_obtained":[{"floor":1,"key":"SkillPotion"},{"floor":8,"key":"Ancient Potion"},{"floor":10,"key":"Block Potion"},{"floor":12,"key":"FearPotion"},{"floor":21,"key":"SkillPotion"},{"floor":28,"key":"Fire Potion"},{"floor":30,"key":"SteroidPotion"}],"is_trial":false,"path_per_floor":["M","M","?","?","?","E","R","E","T","E","M","M","R","M","R","B",null,"M","?","$","M","M","R","E","R","T","E","M","R","?","?","R","B"],"character_chosen":"THE_SILENT","items_purchased":["Sling","Footwork"],"campfire_rested":4,"item_purchase_floors":[20,20],"current_hp_per_floor":[59,59,59,59,59,59,59,59,59,51,51,51,51,51,51,51,62,49,49,49,49,26,45,35,54,54,18,17,36,28,28,47,0],"gold":431,"neow_bonus":"THREE_ENEMY_KILL","is_prod":false,"is_daily":false,"chose_seed":false,"campfire_upgraded":3,"win_rate":0,"timestamp":1552011600,"path_taken":["M","M","?","?","?","E","R","E","T","E","M","M","R","M","R","BOSS","M","?","$","M","?","R","E","R","T","E","M","R","?","?","R","BOSS"],"build_version":"2019-01-23","purchased_purges":0,"victory":false,"max_hp_per_floor":[66,66,66,66,66,66,66,66,66,66,66,66,66,66,66,66,66,66,66,66,66,66,66,66,66,66,66,66,66,66,66,66,66],"card_choices":[{"not_picked":["Infinite Blades","Backflip"],"picked":"Backstab","floor":1},{"not_picked":["Dodge and Roll","Deflect"],"picked":"Cloak And Dagger","floor":2},{"not_picked":["Backflip","Leg Sweep"],"picked":"Unload","floor":6},{"not_picked":["Underhanded Strike","Flying Knee"],"picked":"Cloak And Dagger","floor":8},{"not_picked":["Flying Knee","Eviscerate"],"picked":"Quick Slash","floor":10},{"not_picked":["Flechettes","Quick Slash"],"picked":"Backflip","floor":11},{"not_picked":["Unload","Bane"],"picked":"Well Laid Plans","floor":12},{"not_picked":["Predator","Backflip"],"picked":"Poisoned Stab","floor":14},{"not_picked":["Wraith Form v2","Adrenaline"],"picked":"After Image","floor":16},{"not_picked":["Riddle With Holes+1","Outmaneuver"],"picked":"Leg Sweep","floor":18},{"not_picked":["Blade Dance","Finisher"],"picked":"Backflip","floor":21},{"not_picked":["Prepared","Quick Slash"],"picked":"Dash","floor":22},{"not_picked":["Bane","Calculated Gamble","Setup"],"picked":"SKIP","floor":24},{"not_picked":["Flying Knee","Eviscerate+1"],"picked":"Blade Dance+1","floor":27},{"not_picked":["Calculated Gamble","Endless Agony","Blade Dance"],"picked":"SKIP","floor":28},{"not_picked":["Predator","Blade Dance+1"],"picked":"Dagger Spray","floor":30}],"player_experience":647247,"relics_obtained":[{"floor":6,"key":"FossilizedHelix"},{"floor":8,"key":"Orichalcum"},{"floor":9,"key":"Dodecahedron"},{"floor":10,"key":"Peace Pipe"},{"floor":24,"key":"Old Coin"},{"floor":26,"key":"Sundial"},{"floor":27,"key":"The Courier"},{"floor":30,"key":"Red Mask"}],"event_choices":[{"damage_healed":0,"gold_gain":71,"player_choice":"Gained Gold","damage_taken":0,"max_hp_gain":0,"max_hp_loss":0,"event_name":"Golden Wing","floor":3,"gold_loss":0},{"cards_removed":["Strike_G"],"damage_healed":0,"gold_gain":0,"player_choice":"Card Removal","damage_taken":0,"max_hp_gain":0,"max_hp_loss":0,"event_name":"The Cleric","floor":4,"gold_loss":75},{"damage_healed":0,"gold_gain":0,"player_choice":"Grow","damage_taken":0,"max_hp_gain":0,"max_hp_loss":0,"event_name":"Living Wall","floor":5,"gold_loss":0,"cards_upgraded":["Cloak And Dagger"]},{"damage_healed":0,"gold_gain":0,"player_choice":"Upgraded Two","damage_taken":0,"max_hp_gain":0,"max_hp_loss":0,"event_name":"Designer","floor":19,"gold_loss":50,"cards_upgraded":["Bane","Neutralize"]},{"damage_healed":0,"gold_gain":0,"player_choice":"Fought Bandits","damage_taken":0,"max_hp_gain":0,"max_hp_loss":0,"event_name":"Masked Bandits","floor":30,"gold_loss":0},{"damage_healed":0,"gold_gain":0,"player_choice":"Ignored","damage_taken":0,"max_hp_gain":0,"max_hp_loss":0,"event_name":"Vampires","floor":31,"gold_loss":0}],"is_beta":false,"boss_relics":[{"not_picked":["White Beast Statue","Runic Dome"],"picked":"Pandora\u0027s Box"}],"items_purged_floors":[],"is_endless":false,"potions_floor_spawned":[1,8,10,12,21,22,28,30],"killed_by":"Collector","ascension_level":20}