{"path_per_floor":["M","M","M","M","M","R","M","E","T","?","M","?"],"character_chosen":"DEFECT","items_purchased":[],"gold_per_floor":[111,131,149,163,177,177,194,228,228,228,243,343,343],"floor_reached":13,"campfire_rested":0,"playtime":954,"item_purchase_floors":[],"current_hp_per_floor":[74,64,64,55,45,45,41,34,34,27,3,3,0],"items_purged":[],"gold":343,"score":89,"play_id":"be377fb4-1218-4bd3-8d78-ddeb6456b9ed","local_time":"20180605123922","is_prod":false,"is_daily":false,"chose_seed":false,"is_ascension_mode":false,"campfire_upgraded":1,"win_rate":0.0,"timestamp":1528216762,"campfire_choices":[{"data":"Loop","floor":6,"key":"SMITH"}],"path_taken":["M","M","M","M","M","R","?","E","T","?","M","?","E"],"build_version":"2018-05-31","seed_source_timestamp":42907181649320,"purchased_purges":0,"victory":false,"master_deck":["Strike_B","Strike_B","Strike_B","Defend_B","Defend_B","Defend_B","Defend_B","Zap","Dualcast","Coolheaded","FTL","Barrage","Loop+1","Doom and Gloom","BootSequence","Defragment","Go for the Eyes"],"max_hp_per_floor":[75,75,75,75,75,75,75,82,82,82,82,82,82],"relics":["Cracked Core","Strawberry","Regal Pillow"],"card_choices":[{"not_picked":["Go for the Eyes","Leap"],"picked":"Coolheaded","floor":1},{"not_picked":["Leap","Go for the Eyes"],"picked":"FTL","floor":2},{"not_picked":["Coolheaded","Redo"],"picked":"Barrage","floor":3},{"not_picked":["Sweeping Beam","Scrape"],"picked":"Loop","floor":4},{"not_picked":["Fusion","Streamline"],"picked":"Doom and Gloom","floor":5},{"not_picked":["Hologram","Compile Driver"],"picked":"BootSequence","floor":7},{"not_picked":["Ball Lightning","Force Field"],"picked":"Defragment","floor":8},{"not_picked":["Scrape","Machine Learning"],"picked":"Go for the Eyes","floor":11}],"player_experience":634573,"potions_floor_usage":[],"damage_taken":[{"damage":1,"enemies":"Cultist","floor":1,"turns":4},{"damage":10,"enemies":"Small Slimes","floor":2,"turns":3},{"damage":0,"enemies":"2 Louse","floor":3,"turns":3},{"damage":9,"enemies":"Lots of Slimes","floor":4,"turns":4},{"damage":10,"enemies":"Exordium Thugs","floor":5,"turns":4},{"damage":4,"enemies":"Blue Slaver","floor":7,"turns":3},{"damage":14,"enemies":"3 Sentries","floor":8,"turns":6},{"damage":24,"enemies":"Gremlin Gang","floor":11,"turns":4},{"damage":5,"enemies":"Lagavulin","floor":13,"turns":2}],"relics_obtained":[{"floor":8,"key":"Strawberry"},{"floor":9,"key":"Regal Pillow"}],"event_choices":[{"event_name":"Golden Wing","player_choice":"Card Removal","floor":10,"damage_taken":0},{"event_name":"Golden Shrine","player_choice":"Pray","floor":12,"damage_taken":0}],"boss_relics":[],"items_purged_floors":[],"potions_floor_spawned":[3,5,11],"seed_played":"8616487492524511890","killed_by":"Lagavulin","ascension_level":0,"potions_obtained":[{"floor":3,"key":"Dexterity Potion"},{"floor":5,"key":"Dexterity Potion"},{"floor":11,"key":"Fire Potion"}],"is_trial":false}