{"gold_per_floor":[216,216,216,163,175,175,200,200,227,238,257,276,306,3,3,106,156],"floor_reached":17,"playtime":1408,"items_purged":["Strike_B"],"score":190,"play_id":"71c362a9-5fec-4547-a098-f2e8e5f51290","local_time":"20190309060348","is_ascension_mode":true,"campfire_choices":[{"data":"Defragment","floor":6,"key":"SMITH"},{"data":"Zap","floor":8,"key":"SMITH"},{"floor":15,"key":"REST"}],"neow_cost":"NONE","seed_source_timestamp":21238214095310,"circlet_count":0,"master_deck":["Strike_B","Strike_B+1","Strike_B","Defend_B","Defend_B","Defend_B","Defend_B","Zap+1","Dualcast","Defragment+1","Conserve Battery","Static Discharge","Compile Driver+1","Genetic Algorithm","Compile Driver","Hyperbeam","Go for the Eyes+1","Conserve Battery","Reboot","Hologram"],"relics":["Cracked Core","Boot","Ancient Tea Set","Omamori","Whetstone","Vajra","Orichalcum","Tiny House"],"potions_floor_usage":[16],"damage_taken":[{"damage":0,"enemies":"Small Slimes","floor":1,"turns":3},{"damage":12,"enemies":"Jaw Worm","floor":5,"turns":3},{"damage":20,"enemies":"Gremlin Nob","floor":7,"turns":4},{"damage":0,"enemies":"Cultist","floor":10,"turns":3},{"damage":2,"enemies":"Blue Slaver","floor":11,"turns":3},{"damage":11,"enemies":"3 Louse","floor":12,"turns":3},{"damage":13,"enemies":"Lagavulin","floor":13,"turns":7},{"damage":18,"enemies":"The Guardian","floor":16,"turns":9}],"seed_played":"7679960173920985453","potions_obtained":[{"floor":1,"key":"Weak Potion"},{"floor":5,"key":"AttackPotion"},{"floor":7,"key":"FearPotion"},{"floor":16,"key":"GamblersBrew"},{"floor":17,"key":"Energy Potion"}],"is_trial":false,"path_per_floor":["M","?","T","$","M","R","E","R","T","M","M","M","E","$","R","B",null],"character_chosen":"DEFECT","items_purchased":["Conserve Battery","Go for the Eyes","Conserve Battery","Orichalcum"],"campfire_rested":1,"item_purchase_floors":[4,14,14,14],"current_hp_per_floor":[75,63,63,63,51,51,31,31,31,31,29,18,5,5,27,9,80],"gold":156,"neow_bonus":"HUNDRED_GOLD","is_prod":false,"is_daily":false,"chose_seed":false,"campfire_upgraded":2,"win_rate":0,"timestamp":1552104228,"path_taken":["M","?","?","$","M","R","E","R","T","M","?","M","E","$","R","BOSS"],"build_version":"2019-01-23","purchased_purges":1,"victory":false,"max_hp_per_floor":[75,75,75,75,75,75,75,75,75,75,75,75,75,75,75,75,80],"card_choices":[{"not_picked":["Cold Snap","Redo"],"picked":"Defragment","floor":1},{"not_picked":["Stack","Steam"],"picked":"Static Discharge","floor":5},{"not_picked":["Tempest","Biased Cognition"],"picked":"Compile Driver","floor":7},{"not_picked":["Stack","Beam Cell"],"picked":"Genetic Algorithm","floor":10},{"not_picked":["Lockon","Gash","Redo"],"picked":"SKIP","floor":11},{"not_picked":["Gash","Rebound"],"picked":"Compile Driver","floor":12},{"not_picked":["Stack","Rebound"],"picked":"Hyperbeam","floor":13},{"not_picked":["Electrodynamics","Multi-Cast"],"picked":"Reboot","floor":16},{"not_picked":["Sweeping Beam","Doom and Gloom"],"picked":"Hologram","floor":17}],"player_experience":713875,"relics_obtained":[{"floor":3,"key":"Ancient Tea Set"},{"floor":7,"key":"Omamori"},{"floor":9,"key":"Whetstone"},{"floor":13,"key":"Vajra"}],"event_choices":[{"damage_healed":0,"gold_gain":0,"player_choice":"Success","damage_taken":12,"relics_obtained":["Boot"],"max_hp_gain":0,"max_hp_loss":0,"event_name":"Scrap Ooze","floor":2,"gold_loss":0}],"is_beta":false,"boss_relics":[{"not_picked":["Philosopher\u0027s Stone","Coffee Dripper"],"picked":"Tiny House"}],"items_purged_floors":[14],"is_endless":false,"potions_floor_spawned":[1,5,7,16],"ascension_level":3}