{"path_per_floor":["M","?","M","M","$","E","R","M","T","R","M","M","E","$","R","B",null,"M","M","?","?","M","E","R","$","T","$","E","R","E","M","R","B",null,"M","M","M","$","?","E","R","M","T","T","M","$","E","M","R","B"],"character_chosen":"THE_SILENT","items_purchased":["Finisher","Apotheosis","Footwork","Noxious Fumes","Ninja Scroll"],"gold_per_floor":[111,111,125,141,61,122,122,132,155,155,167,180,214,9,9,110,110,130,142,142,142,154,179,179,109,109,39,64,64,98,118,118,219,219,232,251,269,11,11,45,45,64,64,88,101,26,51,69,69,69],"floor_reached":51,"campfire_rested":1,"playtime":3012,"current_hp_per_floor":[32,55,52,51,51,18,18,18,18,54,45,36,35,35,35,17,62,40,40,40,38,35,33,33,33,33,33,35,35,37,38,38,38,38,38,34,34,34,34,46,46,48,48,48,40,40,42,44,44,39],"items_purged":["Writhe"],"gold":69,"score":1478,"play_id":"9945fd99-2bd4-48bb-8230-4ef043b8e827","local_time":"20180420193613","is_prod":false,"is_daily":false,"chose_seed":false,"is_ascension_mode":true,"campfire_upgraded":4,"timestamp":1524245773,"path_taken":["M","?","M","M","$","E","R","?","T","R","M","M","E","?","R","BOSS","M","M","?","?","M","E","R","?","T","$","E","R","E","M","R","BOSS","M","M","M","$","?","E","R","M","T","?","M","$","E","M","R","BOSS"],"build_version":"2018-04-19","seed_source_timestamp":262018724614696,"purchased_purges":1,"victory":true,"master_deck":["Defend_G","Defend_G","Defend_G","Defend_G","Defend_G","Strike_G","Strike_G","Strike_G","Strike_G","Survivor","Neutralize","AscendersBane","Infinite Blades+1","Poisoned Stab","Finisher+1","Backstab","Flying Knee","Cloak And Dagger","Backflip","Infinite Blades","Apotheosis+1","Die Die Die","Cloak And Dagger","PiercingWail+1","Ghostly","Ghostly","Ghostly","Ghostly","Ghostly","Sucker Punch","Footwork","Clumsy","Noxious Fumes+1","Distraction+1","Footwork+1","Accuracy+1","Choke","Backflip+1","Sucker Punch","Crippling Poison","Leg Sweep+1"],"max_hp_per_floor":[70,70,70,70,70,70,70,70,70,70,70,70,77,77,77,77,77,77,77,77,38,38,38,38,38,38,38,38,38,38,38,38,38,38,38,38,38,38,38,48,48,48,48,48,48,48,48,48,48,48],"relics":["Ring of the Snake","Girya","Tiny Chest","Regal Pillow","Strawberry","Cursed Key","Snake Skull","Blood Vial","Thread and Needle","Bronze Scales","Art of War","Sozu","Ninja Scroll","Pear","Juzu Bracelet","Oddly Smooth Stone"],"card_choices":[{"not_picked":["Deflect","Flying Knee"],"picked":"Infinite Blades","floor":3},{"not_picked":["Deflect","Backflip"],"picked":"Poisoned Stab","floor":4},{"not_picked":["Backflip","Quick Slash"],"picked":"Backstab","floor":6},{"not_picked":["Choke","Tactician"],"picked":"Flying Knee","floor":8},{"not_picked":["Well Laid Plans","Deflect"],"picked":"Cloak And Dagger","floor":11},{"not_picked":["Prepared","All Out Attack"],"picked":"Backflip","floor":12},{"not_picked":["Venomology","Catalyst"],"picked":"Infinite Blades","floor":13},{"not_picked":["Doppelganger","Storm of Steel"],"picked":"Die Die Die","floor":16},{"not_picked":["Noxious Fumes","Dagger Spray"],"picked":"Cloak And Dagger","floor":18},{"not_picked":["Dash","Acrobatics"],"picked":"PiercingWail","floor":19},{"not_picked":["Die Die Die","Poisoned Stab"],"picked":"Sucker Punch","floor":23},{"not_picked":["Riddle With Holes","Poisoned Stab"],"picked":"Distraction","floor":28},{"not_picked":["Endless Agony","Backflip"],"picked":"Footwork","floor":30},{"not_picked":["Bane","Malaise"],"picked":"Accuracy","floor":35},{"not_picked":["Deadly Poison","Setup"],"picked":"Choke","floor":36},{"not_picked":["Malaise","Setup"],"picked":"Backflip","floor":37},{"not_picked":["Distraction","Acrobatics"],"picked":"Crippling Poison","floor":40},{"not_picked":["Escape Plan","Cloak And Dagger"],"picked":"Leg Sweep","floor":47}],"player_experience":372814,"potions_floor_usage":[16,16,16,33,50,50,50],"damage_taken":[{"damage":0,"enemies":"Jaw Worm","floor":1,"turns":5},{"damage":3,"enemies":"Small Slimes","floor":3,"turns":5},{"damage":1,"enemies":"2 Louse","floor":4,"turns":3},{"damage":33,"enemies":"Lagavulin","floor":6,"turns":8},{"damage":0,"enemies":"Lots of Slimes","floor":8,"turns":4},{"damage":9,"enemies":"Exordium Thugs","floor":11,"turns":4},{"damage":9,"enemies":"3 Louse","floor":12,"turns":4},{"damage":8,"enemies":"3 Sentries","floor":13,"turns":6},{"damage":18,"enemies":"Hexaghost","floor":16,"turns":7},{"damage":22,"enemies":"2 Thieves","floor":18,"turns":3},{"damage":0,"enemies":"Spheric Guardian","floor":19,"turns":1},{"damage":3,"enemies":"Snake Plant","floor":22,"turns":4},{"damage":2,"enemies":"Book of Stabbing","floor":23,"turns":6},{"damage":0,"enemies":"Slavers","floor":28,"turns":6},{"damage":0,"enemies":"Gremlin Leader","floor":30,"turns":7},{"damage":0,"enemies":"Slaver and Parasite","floor":31,"turns":5},{"damage":0,"enemies":"Collector","floor":33,"turns":10},{"damage":0,"enemies":"3 Darklings","floor":35,"turns":5},{"damage":4,"enemies":"3 Shapes","floor":36,"turns":4},{"damage":2,"enemies":"3 Darklings","floor":37,"turns":5},{"damage":0,"enemies":"2 Orb Walkers","floor":40,"turns":4},{"damage":0,"enemies":"Sphere and 2 Shapes","floor":42,"turns":2},{"damage":8,"enemies":"4 Shapes","floor":45,"turns":5},{"damage":0,"enemies":"Nemesis","floor":47,"turns":5},{"damage":0,"enemies":"Maw","floor":48,"turns":7},{"damage":19,"enemies":"Donu and Deca","floor":50,"turns":8}],"event_choices":[{"event_name":"Big Fish","player_choice":"Banana","floor":2,"damage_taken":0},{"event_name":"The Mausoleum","player_choice":"Yes","floor":20,"damage_taken":0},{"event_name":"Ghosts","player_choice":"Became a Ghost","floor":21,"damage_taken":0},{"event_name":"Transmorgrifier","player_choice":"Transform","floor":39,"damage_taken":0}],"boss_relics":[{"not_picked":["Orrery","Calling Bell"],"picked":"Cursed Key"},{"not_picked":["Eternal Feather","White Beast Statue"],"picked":"Sozu"}],"potions_floor_spawned":[3,6,8,12,22,28,30,33,36,40,42,45,48],"seed_played":"850584149873047447","ascension_level":12,"is_trial":false}