{"path_per_floor":["M","T","M","M","?","R","M","R","T","$","M","E","$","M","R","B",null,"M","M","$","?","?","R","M","R","T","M","$","M","M","E","R","B",null,"M","?","$","M","?","R","M","E","T","R","?","$","M","M","R","B"],"character_chosen":"IRONCLAD","items_purchased":["Apotheosis","Whirlwind"],"gold_per_floor":[367,392,411,427,427,427,437,437,437,146,159,188,88,108,108,209,209,222,238,113,113,113,113,125,125,151,164,14,31,41,67,67,166,166,183,183,8,23,23,23,39,72,72,72,0,0,15,31,31,31],"floor_reached":51,"campfire_rested":1,"playtime":6632,"current_hp_per_floor":[70,70,70,72,58,58,64,64,64,64,65,45,45,49,49,39,72,72,72,72,72,56,56,62,62,62,50,50,56,54,56,56,41,76,61,61,61,53,89,89,89,47,47,74,74,74,76,89,89,92],"items_purged":["Strike_R","Strike_R","Strike_R","Strike_R","Searing Blow"],"gold":31,"play_id":"821d5e9d-de68-4f81-8c0b-9268a4c5a29b","is_prod":false,"is_daily":false,"campfire_rituals":0,"campfire_upgraded":8,"is_hardmode":false,"path_taken":["M","?","M","M","?","R","M","R","T","$","M","E","$","M","R","BOSS","M","M","$","?","?","R","M","R","T","M","$","M","M","E","R","BOSS","M","?","$","M","?","R","M","E","T","R","?","$","?","M","R","BOSS"],"build_version":"2018-01-18-PROD4","purchased_purges":5,"victory":true,"master_deck":["Defend_R","Bash","Spot Weakness","Impervious","Whirlwind","Heavy Blade","Limit Break","Rampage","Flame Barrier","Shrug It Off","Clothesline","Twin Strike","Fiend Fire","Barricade","Fiend Fire","Sentinel","Entrench","Offering"],"max_hp_per_floor":[72,72,72,72,72,72,72,72,72,72,72,72,72,72,72,72,72,72,72,72,72,72,72,72,72,72,72,72,72,72,76,76,76,76,76,76,76,79,89,89,92,92,92,92,92,92,92,92,92,92],"relics":["Burning Blood","Molten Egg","Blue Candle","Lantern","Velvet Choker","Nilry\u0027s Codex","Oddly Smooth Stone","Meat on the Bone","Astrolabe","Whetstone","Mercury Hourglass","Red Mask"],"campfire_meditates":0,"card_choices":[{"not_picked":["Armaments","Disarm"],"picked":"Spot Weakness"},{"not_picked":["Armaments","Searing Blow"],"picked":"Impervious"},{"not_picked":["Impervious","Whirlwind"],"picked":"Heavy Blade"},{"not_picked":["Impervious","Bludgeon"],"picked":"Limit Break"},{"not_picked":["Shockwave","Combust"],"picked":"Rampage"},{"not_picked":["Second Wind","True Grit"],"picked":"Flame Barrier"},{"not_picked":["Rampage","Body Slam"],"picked":"Shrug It Off"},{"not_picked":["Seeing Red","Flex"],"picked":"Clothesline"},{"not_picked":["Searing Blow","Seeing Red"],"picked":"Twin Strike"},{"not_picked":["Rampage","Armaments"],"picked":"Fiend Fire"},{"not_picked":["Double Tap","Reaper"],"picked":"Barricade"},{"not_picked":["Rupture","Havoc"],"picked":"Entrench"},{"not_picked":["Inflame","Havoc"],"picked":"Offering"}],"player_experience":183916,"potions_floor_usage":[14,50,50,50],"damage_taken":[{"damage":8,"enemies":"Blue Slaver","floor":1,"turns":6},{"damage":6,"enemies":"Jaw Worm","floor":3,"turns":3},{"damage":1,"enemies":"Cultist","floor":4,"turns":4},{"damage":0,"enemies":"Large Slime","floor":7,"turns":3},{"damage":5,"enemies":"Red Slaver","floor":11,"turns":4},{"damage":26,"enemies":"Gremlin Nob","floor":12,"turns":4},{"damage":2,"enemies":"Exordium Wildlife","floor":14,"turns":5},{"damage":16,"enemies":"The Guardian","floor":16,"turns":7},{"damage":4,"enemies":"Shell Parasite","floor":18,"turns":3},{"damage":5,"enemies":"3 Byrds","floor":19,"turns":5},{"damage":0,"enemies":"Centurion and Healer","floor":24,"turns":5},{"damage":18,"enemies":"Snake Plant","floor":27,"turns":3},{"damage":0,"enemies":"Snecko","floor":29,"turns":4},{"damage":8,"enemies":"Slaver and Parasite","floor":30,"turns":4},{"damage":8,"enemies":"Book of Stabbing","floor":31,"turns":5},{"damage":33,"enemies":"Champ","floor":33,"turns":9},{"damage":21,"enemies":"3 Shapes","floor":35,"turns":5},{"damage":29,"enemies":"3 Darklings","floor":38,"turns":6},{"damage":9,"enemies":"Maw","floor":41,"turns":7},{"damage":60,"enemies":"2 Orb Walkers","floor":42,"turns":6},{"damage":4,"enemies":"Sphere and 2 Shapes","floor":47,"turns":3},{"damage":13,"enemies":"4 Shapes","floor":48,"turns":5},{"damage":9,"enemies":"Donu and Deca","floor":50,"turns":13}],"event_choices":[{"event_name":"Shining Light","player_choice":"Entered Light","floor":5,"damage_taken":0},{"event_name":"Vampires","player_choice":"Ignored","floor":21,"damage_taken":0},{"event_name":"Cursed Tome","player_choice":"Obtained Book","floor":22,"damage_taken":0},{"event_name":"Purifier","player_choice":"One Purge","floor":36,"damage_taken":0},{"event_name":"Bonfire Elementals","player_choice":"RARE","floor":39,"damage_taken":0},{"event_name":"Tomb of Lord Red Mask","player_choice":"Paid","floor":45,"damage_taken":0}],"boss_relics":[{"not_picked":["Philosopher\u0027s Stone","White Beast Statue"],"picked":"Velvet Choker"},{"not_picked":["Runic Dome","Tiny House"],"picked":"Astrolabe"}],"potions_floor_spawned":[1,7,11,16,19,27,30,33,35,42,47,48],"seed_played":"7288086151503480800","is_trial":false}