{"gold_per_floor":[113,113,133,150,161,192,192,192,192,217,232,232,244,260,260,260],"floor_reached":16,"playtime":1055,"items_purged":[],"score":114,"play_id":"951c0dfe-afd8-44f1-b3aa-a263dbd7fd1a","local_time":"20190221060937","is_ascension_mode":false,"campfire_choices":[{"data":"Barricade","floor":8,"key":"SMITH"},{"data":"Carnage","floor":12,"key":"SMITH"},{"data":"Clothesline","floor":15,"key":"SMITH"}],"neow_cost":"TEN_PERCENT_HP_LOSS","seed_source_timestamp":57507728739919,"circlet_count":0,"master_deck":["Strike_R","Strike_R","Strike_R","Strike_R","Defend_R","Defend_R","Defend_R","Bash","Hemokinesis+1","Shrug It Off","Carnage+1","Clothesline+1","Barricade+1","Warcry+1"],"relics":["Burning Blood","Dodecahedron","Toxic Egg 2","Shuriken"],"potions_floor_usage":[5],"damage_taken":[{"damage":4,"enemies":"Jaw Worm","floor":1,"turns":5},{"damage":2,"enemies":"Cultist","floor":3,"turns":2},{"damage":2,"enemies":"2 Louse","floor":4,"turns":2},{"damage":2,"enemies":"Lots of Slimes","floor":5,"turns":2},{"damage":30,"enemies":"3 Sentries","floor":6,"turns":7},{"damage":6,"enemies":"Gremlin Nob","floor":10,"turns":3},{"damage":10,"enemies":"Large Slime","floor":11,"turns":4},{"damage":6,"enemies":"Exordium Thugs","floor":13,"turns":4},{"damage":4,"enemies":"Blue Slaver","floor":14,"turns":6},{"damage":51,"enemies":"Hexaghost","floor":16,"turns":14}],"seed_played":"-6980966089779449784","potions_obtained":[{"floor":1,"key":"Explosive Potion"},{"floor":10,"key":"Dexterity Potion"},{"floor":11,"key":"Dexterity Potion"}],"is_trial":false,"path_per_floor":["M","?","M","M","M","E","?","R","T","E","M","R","M","M","R","B"],"character_chosen":"IRONCLAD","items_purchased":[],"campfire_rested":0,"item_purchase_floors":[],"current_hp_per_floor":[72,72,72,72,72,48,48,48,48,48,44,44,44,46,46,0],"gold":260,"neow_bonus":"REMOVE_TWO","is_prod":false,"is_daily":false,"chose_seed":false,"campfire_upgraded":3,"win_rate":0,"timestamp":1550722177,"path_taken":["M","?","?","M","M","E","?","R","T","E","M","R","M","?","R","BOSS"],"build_version":"2019-01-23","purchased_purges":0,"victory":false,"max_hp_per_floor":[72,72,72,72,72,72,72,72,72,72,72,72,72,72,72,72],"card_choices":[{"not_picked":["Second Wind","Clash"],"picked":"Hemokinesis","floor":1},{"not_picked":["Pummel","Reckless Charge"],"picked":"Shrug It Off","floor":3},{"not_picked":["True Grit","Cleave"],"picked":"Carnage","floor":4},{"not_picked":["Flex","Exhume"],"picked":"Clothesline","floor":5},{"not_picked":["Power Through","Wild Strike"],"picked":"Barricade","floor":6},{"not_picked":["Thunderclap","Cleave"],"picked":"Warcry+1","floor":10},{"not_picked":["Heavy Blade","Wild Strike","Carnage"],"picked":"SKIP","floor":11},{"not_picked":["Bloodletting+1","Thunderclap","Dual Wield+1"],"picked":"SKIP","floor":13},{"not_picked":["Twin Strike","Clothesline","Wild Strike"],"picked":"SKIP","floor":14}],"player_experience":476648,"relics_obtained":[{"floor":6,"key":"Dodecahedron"},{"floor":9,"key":"Toxic Egg 2"},{"floor":10,"key":"Shuriken"}],"event_choices":[{"damage_healed":0,"gold_gain":0,"player_choice":"Upgraded","damage_taken":0,"max_hp_gain":0,"max_hp_loss":0,"event_name":"Upgrade Shrine","floor":2,"gold_loss":0,"cards_upgraded":["Hemokinesis"]},{"damage_healed":0,"gold_gain":0,"player_choice":"0 cards matched","damage_taken":0,"max_hp_gain":0,"max_hp_loss":0,"event_name":"Match and Keep!","floor":7,"gold_loss":0,"cards_obtained":[]}],"is_beta":false,"boss_relics":[],"items_purged_floors":[],"is_endless":false,"potions_floor_spawned":[1,10,11],"killed_by":"Hexaghost","ascension_level":0}