{"gold_per_floor":[364,383,400,16,30,30,57,57,57,67,67,77,33,52,52,155,155,173,192,192,117,216,216,131,151,176,204,222,232,232,246,246,341,341,353,16,16,16,33,33,45,45,75,99,99,99,99,99,99,99],"floor_reached":50,"playtime":2552,"items_purged":["Strike_B","Strike_B"],"score":563,"play_id":"40efe9f3-1b81-4f33-9047-d374070e4f7b","local_time":"20180922194905","is_ascension_mode":true,"campfire_choices":[{"data":"Electrodynamics","floor":6,"key":"SMITH"},{"data":"Zap","floor":8,"key":"SMITH"},{"floor":15,"key":"REST"},{"data":"Dualcast","floor":23,"key":"SMITH"},{"floor":30,"key":"REST"},{"floor":32,"key":"REST"},{"data":"Electrodynamics","floor":40,"key":"SMITH"},{"floor":42,"key":"REST"},{"data":"Auto Shields","floor":45,"key":"SMITH"},{"floor":49,"key":"REST"}],"neow_cost":"PERCENT_DAMAGE","seed_source_timestamp":78313928902744,"circlet_count":0,"master_deck":["Strike_B","Defend_B","Defend_B","Defend_B","Defend_B","Zap+1","Dualcast+1","Hologram+1","Cold Snap","Rip and Tear","Electrodynamics+1","Auto Shields+1","Ball Lightning","Conserve Battery+1","Undo+1","Turbo+1","Machine Learning+1","Steam+1","BootSequence+1","Hologram+1","Steam+1","Electrodynamics+1","Meteor Strike","Reprogram+1","Seek+1","Tempest+1","Skim+1","Leap+1","Madness+1","Madness+1","Madness+1"],"relics":["Cracked Core","Singing Bowl","Toxic Egg 2","Runic Dome","Potion Belt","Bag of Marbles","Unceasing Top","Black Star","Pocketwatch","Tiny Chest","Juzu Bracelet"],"potions_floor_usage":[7,14,19,27,28,29,33,50],"damage_taken":[{"damage":0,"enemies":"Small Slimes","floor":1,"turns":2},{"damage":7,"enemies":"Jaw Worm","floor":2,"turns":3},{"damage":5,"enemies":"2 Louse","floor":3,"turns":3},{"damage":9,"enemies":"Red Slaver","floor":5,"turns":4},{"damage":12,"enemies":"Gremlin Nob","floor":7,"turns":3},{"damage":16,"enemies":"Large Slime","floor":10,"turns":3},{"damage":13,"enemies":"Gremlin Gang","floor":12,"turns":2},{"damage":0,"enemies":"Blue Slaver","floor":14,"turns":3},{"damage":0,"enemies":"Slime Boss","floor":16,"turns":6},{"damage":8,"enemies":"Spheric Guardian","floor":18,"turns":4},{"damage":3,"enemies":"Shell Parasite","floor":19,"turns":4},{"damage":24,"enemies":"Snake Plant","floor":25,"turns":4},{"damage":30,"enemies":"Slavers","floor":27,"turns":5},{"damage":0,"enemies":"Snecko","floor":28,"turns":4},{"damage":0,"enemies":"Cultist and Chosen","floor":29,"turns":4},{"damage":3,"enemies":"Centurion and Healer","floor":31,"turns":7},{"damage":25,"enemies":"Automaton","floor":33,"turns":11},{"damage":9,"enemies":"Orb Walker","floor":35,"turns":3},{"damage":0,"enemies":"Mind Bloom Boss Battle","floor":37,"turns":4},{"damage":0,"enemies":"3 Shapes","floor":39,"turns":2},{"damage":6,"enemies":"Sphere and 2 Shapes","floor":41,"turns":3},{"damage":97,"enemies":"Time Eater","floor":50,"turns":11}],"seed_played":"2517936411234723373","potions_obtained":[{"floor":1,"key":"Ancient Potion"},{"floor":7,"key":"Swift Potion"},{"floor":10,"key":"SpeedPotion"},{"floor":12,"key":"SkillPotion"},{"floor":18,"key":"Explosive Potion"},{"floor":25,"key":"SteroidPotion"},{"floor":29,"key":"LiquidBronze"},{"floor":33,"key":"Fire Potion"},{"floor":37,"key":"Block Potion"}],"is_trial":false,"path_per_floor":["M","M","M","$","M","R","E","R","T","M","?","M","?","M","R","B",null,"M","M","?","?","?","R","?","M","T","E","M","M","R","M","R","B",null,"M","$","?","$","M","R","M","R","T","T","R","?","?","?","R"],"character_chosen":"DEFECT","items_purchased":["Electrodynamics","Auto Shields","Regen Potion","Seek+1","SmokeBomb","GamblersBrew"],"campfire_rested":5,"item_purchase_floors":[4,4,4,36,36,36],"current_hp_per_floor":[54,47,42,42,33,33,32,32,32,16,16,3,3,3,26,26,77,69,66,59,59,59,59,59,35,35,7,9,9,33,30,54,29,81,72,72,72,72,72,72,66,81,81,81,81,81,81,71,81,0],"gold":99,"neow_bonus":"TWO_FIFTY_GOLD","is_prod":false,"is_daily":false,"chose_seed":false,"campfire_upgraded":5,"win_rate":0,"timestamp":1537660145,"path_taken":["M","M","M","$","M","R","E","R","T","M","?","M","?","?","R","BOSS","M","M","?","?","?","R","?","?","T","E","?","M","R","M","R","BOSS","M","$","?","$","M","R","M","R","T","?","R","?","?","?","R","BOSS"],"build_version":"2018-09-20","purchased_purges":2,"victory":false,"max_hp_per_floor":[75,75,75,75,75,75,77,77,77,77,77,77,77,77,77,77,77,77,77,77,77,77,77,77,77,77,79,81,81,81,81,81,81,81,81,81,81,81,81,81,81,81,81,81,81,81,81,81,81,81],"card_choices":[{"not_picked":["Redo","Consume"],"picked":"Hologram","floor":1},{"not_picked":["Beam Cell","BootSequence"],"picked":"Cold Snap","floor":2},{"not_picked":["Force Field","Barrage"],"picked":"Rip and Tear","floor":3},{"not_picked":["Compile Driver","Stack"],"picked":"Ball Lightning","floor":5},{"not_picked":["Cold Snap","Sweeping Beam","Barrage"],"picked":"Singing Bowl","floor":7},{"not_picked":["FTL","Leap+1"],"picked":"Conserve Battery+1","floor":10},{"not_picked":["Barrage","Amplify+1"],"picked":"Undo+1","floor":12},{"not_picked":["Gash","Aggregate+1"],"picked":"Turbo+1","floor":14},{"not_picked":["Creative AI","Fission+1"],"picked":"Machine Learning","floor":16},{"not_picked":["Reprogram+1","Hologram+1"],"picked":"Steam+1","floor":18},{"not_picked":["Tempest+1","Chill+1"],"picked":"BootSequence+1","floor":19},{"not_picked":["Redo+1","Aggregate+1"],"picked":"Hologram+1","floor":25},{"not_picked":["Barrage","Sunder","Streamline"],"picked":"Singing Bowl","floor":27},{"not_picked":["Compile Driver","Beam Cell","Hello World"],"picked":"Singing Bowl","floor":28},{"not_picked":["Fusion+1","Cold Snap"],"picked":"Steam+1","floor":29},{"not_picked":["Undo+1","Coolheaded+1"],"picked":"Electrodynamics","floor":31},{"not_picked":["Buffer","Electrodynamics"],"picked":"Meteor Strike","floor":33},{"not_picked":["Go for the Eyes","Skim+1"],"picked":"Reprogram+1","floor":35},{"not_picked":["Conserve Battery+1","Coolheaded+1"],"picked":"Tempest+1","floor":37},{"not_picked":["Ball Lightning+1","Compile Driver"],"picked":"Skim+1","floor":39},{"not_picked":["Doom and Gloom","Gash+1"],"picked":"Leap+1","floor":41},{"not_picked":["Dramatic Entrance","Bandage Up+1"],"picked":"Madness+1","floor":46}],"player_experience":570372,"relics_obtained":[{"floor":7,"key":"Singing Bowl"},{"floor":9,"key":"Toxic Egg 2"},{"floor":26,"key":"Bag of Marbles"},{"floor":27,"key":"Unceasing Top"},{"floor":37,"key":"Pocketwatch"},{"floor":43,"key":"Tiny Chest"},{"floor":44,"key":"Juzu Bracelet"}],"event_choices":[{"event_name":"Living Wall","player_choice":"Grow","floor":11,"damage_taken":0},{"event_name":"World of Goop","player_choice":"Left","floor":13,"damage_taken":0},{"event_name":"Knowing Skull","player_choice":"","floor":20,"damage_taken":0},{"event_name":"Beggar","player_choice":"Gave Gold","floor":21,"damage_taken":0},{"event_name":"Nest","player_choice":"Stole From Cult","floor":22,"damage_taken":0},{"event_name":"Addict","player_choice":"Obtained Relic","floor":24,"damage_taken":0},{"event_name":"MindBloom","player_choice":"Fight","floor":37,"damage_taken":0},{"event_name":"SensoryStone","player_choice":"Memory 1","floor":46,"damage_taken":0},{"event_name":"Accursed Blacksmith","player_choice":"Forge","floor":47,"damage_taken":0},{"event_name":"Winding Halls","player_choice":"Embrace Madness","floor":48,"damage_taken":0}],"is_beta":false,"boss_relics":[{"not_picked":["Astrolabe","Nuclear Battery"],"picked":"Runic Dome"},{"not_picked":["FrozenCore","Calling Bell"],"picked":"Black Star"}],"items_purged_floors":[4,36],"is_endless":false,"potions_floor_spawned":[1,7,10,12,18,25,29,33,37],"killed_by":"Time Eater","ascension_level":2}