{"gold_per_floor":[17,36,10,24,36,36,47,47,97,115,115,115,115],"floor_reached":13,"playtime":560,"items_purged":[],"score":81,"play_id":"d4e5c025-7f45-4d3e-8e44-4f1fbacae563","local_time":"20180929055730","is_ascension_mode":true,"campfire_choices":[{"data":"Neutralize","floor":6,"key":"SMITH"},{"data":"Outmaneuver","floor":11,"key":"SMITH"}],"neow_cost":"NO_GOLD","seed_source_timestamp":70969311115833,"circlet_count":0,"master_deck":["Defend_G","Defend_G+1","Defend_G","Defend_G","Defend_G","Strike_G","Strike_G","Strike_G+1","Strike_G","Survivor","Neutralize+1","Unload","Acrobatics","Outmaneuver+1"],"relics":["Ring of the Snake","Strawberry","GremlinMask"],"potions_floor_usage":[],"damage_taken":[{"damage":0,"enemies":"Small Slimes","floor":1,"turns":2},{"damage":0,"enemies":"Jaw Worm","floor":2,"turns":3},{"damage":1,"enemies":"Cultist","floor":4,"turns":4},{"damage":0,"enemies":"2 Fungi Beasts","floor":5,"turns":5},{"damage":10,"enemies":"Looter","floor":7,"turns":3},{"damage":1,"enemies":"3 Louse","floor":10,"turns":4}],"seed_played":"5572445926454332295","potions_obtained":[{"floor":4,"key":"AttackPotion"}],"is_trial":false,"path_per_floor":["M","M","$","M","M","R","M","?","T","M","R","?"],"character_chosen":"THE_SILENT","items_purchased":["Outmaneuver"],"campfire_rested":0,"item_purchase_floors":[3],"current_hp_per_floor":[70,70,70,69,69,69,59,52,59,58,58,58,43],"gold":115,"neow_bonus":"THREE_RARE_CARDS","is_prod":false,"is_daily":false,"chose_seed":false,"campfire_upgraded":2,"win_rate":0,"timestamp":1538189850,"path_taken":["M","M","$","M","M","R","M","?","T","M","R","?","?"],"build_version":"2018-09-27","purchased_purges":0,"victory":false,"max_hp_per_floor":[70,70,70,70,70,70,70,70,77,77,77,77,77],"card_choices":[{"not_picked":["Storm of Steel","Malaise"],"picked":"Unload","floor":0},{"not_picked":["Cloak And Dagger","Sucker Punch","Underhanded Strike"],"picked":"SKIP","floor":1},{"not_picked":["Blade Dance","Bane"],"picked":"Acrobatics","floor":2},{"not_picked":["Accuracy","Predator","Deadly Poison"],"picked":"SKIP","floor":4},{"not_picked":["Quick Slash","Dodge and Roll","PiercingWail"],"picked":"SKIP","floor":5},{"not_picked":["Quick Slash","Leg Sweep","Flechettes"],"picked":"SKIP","floor":7},{"not_picked":["Burst","Underhanded Strike","Slice"],"picked":"SKIP","floor":10}],"player_experience":170797,"relics_obtained":[{"floor":9,"key":"Strawberry"}],"event_choices":[{"event_name":"Golden Wing","player_choice":"Card Removal","floor":8,"damage_taken":0},{"event_name":"FaceTrader","player_choice":"Trade","floor":12,"damage_taken":0},{"event_name":"Shining Light","player_choice":"Entered Light","floor":13,"damage_taken":0}],"is_beta":false,"boss_relics":[],"items_purged_floors":[],"is_endless":false,"potions_floor_spawned":[4],"ascension_level":1}