{"gold_per_floor":[111,131,141,141,141,167,167,195,195,211,211,224,224,234,234,330,330,349,349],"floor_reached":19,"playtime":1487,"items_purged":[],"score":206,"play_id":"c0bd3fd9-d4ab-4f6e-a19d-098c2e91eedb","local_time":"20190307041020","is_ascension_mode":true,"campfire_choices":[{"data":"Bash","floor":7,"key":"SMITH"},{"data":"Cleave","floor":11,"key":"SMITH"},{"data":"Pommel Strike","floor":13,"key":"SMITH"},{"data":"Shrug It Off","floor":15,"key":"SMITH"}],"neow_cost":"NONE","seed_source_timestamp":64242716480103,"circlet_count":0,"master_deck":["Strike_R","Strike_R","Strike_R","Strike_R+1","Strike_R+1","Defend_R","Defend_R","Defend_R","Defend_R","Bash+1","Cleave+1","Shrug It Off+1","Pommel Strike+1","Rampage","Shrug It Off","Headbutt","Shrug It Off","Demon Form","Armaments","Spot Weakness","Reaper","Rage","Uppercut","Flame Barrier"],"relics":["Burning Blood","Bag of Preparation","Magic Flower","Singing Bowl","Pocketwatch","Orrery"],"potions_floor_usage":[6],"damage_taken":[{"damage":5,"enemies":"Small Slimes","floor":1,"turns":4},{"damage":0,"enemies":"2 Louse","floor":2,"turns":2},{"damage":6,"enemies":"Jaw Worm","floor":3,"turns":4},{"damage":37,"enemies":"Lagavulin","floor":6,"turns":7},{"damage":27,"enemies":"3 Sentries","floor":8,"turns":6},{"damage":3,"enemies":"Blue Slaver","floor":10,"turns":5},{"damage":0,"enemies":"Exordium Wildlife","floor":12,"turns":2},{"damage":2,"enemies":"Large Slime","floor":14,"turns":3},{"damage":21,"enemies":"The Guardian","floor":16,"turns":9},{"damage":0,"enemies":"Chosen","floor":18,"turns":4}],"seed_played":"9180130995912308773","potions_obtained":[{"floor":2,"key":"SkillPotion"},{"floor":16,"key":"Energy Potion"},{"floor":18,"key":"AttackPotion"}],"is_trial":false,"path_per_floor":["M","M","M","?","?","E","R","E","T","M","R","M","R","M","R","B",null,"M","?"],"character_chosen":"IRONCLAD","items_purchased":[],"campfire_rested":0,"item_purchase_floors":[],"current_hp_per_floor":[80,80,80,64,64,33,33,15,15,21,21,30,30,39,39,27,84,84,84],"gold":349,"neow_bonus":"RANDOM_COMMON_RELIC","is_prod":false,"is_daily":false,"chose_seed":false,"campfire_upgraded":4,"win_rate":0,"timestamp":1551924620,"path_taken":["M","M","M","?","?","E","R","E","T","M","R","M","R","M","R","BOSS","M","?"],"build_version":"2019-01-23","purchased_purges":0,"victory":false,"max_hp_per_floor":[80,80,80,80,80,80,80,80,80,80,80,80,80,82,82,82,84,84,84],"card_choices":[{"not_picked":["True Grit","Flex"],"picked":"Cleave","floor":1},{"not_picked":["Havoc","Rupture"],"picked":"Shrug It Off","floor":2},{"not_picked":["Sword Boomerang","Heavy Blade"],"picked":"Pommel Strike","floor":3},{"not_picked":["Feel No Pain","Flex"],"picked":"Rampage","floor":6},{"not_picked":["Disarm","Heavy Blade"],"picked":"Shrug It Off","floor":8},{"not_picked":["Thunderclap","Warcry"],"picked":"Headbutt","floor":10},{"not_picked":["Fire Breathing","Power Through"],"picked":"Shrug It Off","floor":12},{"not_picked":["Twin Strike","Perfected Strike","Body Slam"],"picked":"Singing Bowl","floor":14},{"not_picked":["Feed","Bludgeon"],"picked":"Demon Form","floor":16},{"not_picked":["Havoc","Anger"],"picked":"Armaments","floor":17},{"not_picked":["Twin Strike","Heavy Blade"],"picked":"Spot Weakness","floor":17},{"not_picked":["Second Wind","Sword Boomerang"],"picked":"Reaper","floor":17},{"not_picked":["Flex","Heavy Blade"],"picked":"Rage","floor":17},{"not_picked":["Pommel Strike","Hemokinesis","Perfected Strike"],"picked":"Singing Bowl","floor":17},{"not_picked":["Bloodletting","Carnage"],"picked":"Uppercut","floor":18}],"player_experience":686011,"relics_obtained":[{"floor":6,"key":"Magic Flower"},{"floor":8,"key":"Singing Bowl"},{"floor":9,"key":"Pocketwatch"}],"event_choices":[{"damage_healed":0,"gold_gain":0,"player_choice":"Entered Light","damage_taken":16,"max_hp_gain":0,"max_hp_loss":0,"event_name":"Shining Light","floor":4,"gold_loss":0,"cards_upgraded":["Strike_R","Strike_R"]},{"damage_healed":0,"gold_gain":0,"player_choice":"Ignored","damage_taken":0,"max_hp_gain":0,"max_hp_loss":0,"event_name":"Liars Game","floor":5,"gold_loss":0},{"damage_healed":0,"gold_gain":0,"player_choice":"Read","damage_taken":0,"max_hp_gain":0,"max_hp_loss":0,"event_name":"The Library","floor":19,"gold_loss":0,"cards_obtained":["Flame Barrier"]}],"is_beta":false,"boss_relics":[{"not_picked":["Tiny House","Pandora\u0027s Box"],"picked":"Orrery"}],"items_purged_floors":[],"is_endless":false,"potions_floor_spawned":[2,16,18],"ascension_level":3}