{"gold_per_floor":[110,130,141,111,111,141,91,109,162,162,162],"floor_reached":11,"playtime":834,"items_purged":[],"score":77,"play_id":"99de7bf2-3271-4b36-9098-f06fd7237b4b","local_time":"20180929221004","is_ascension_mode":true,"campfire_choices":[{"floor":10,"key":"REST"}],"neow_cost":"PERCENT_DAMAGE","seed_source_timestamp":0,"circlet_count":0,"master_deck":["Strike_R","Strike_R","Strike_R","Defend_R","Defend_R","Defend_R","Bash","Entrench","Shrug It Off","Shrug It Off"],"special_seed":0,"relics":["Burning Blood","Juzu Bracelet","Tiny Chest"],"potions_floor_usage":[8,11,11],"damage_taken":[{"damage":10.0,"enemies":"Small Slimes","floor":1.0,"turns":5.0},{"damage":1.0,"enemies":"2 Louse","floor":2.0,"turns":4.0},{"damage":7.0,"enemies":"Jaw Worm","floor":3.0,"turns":6.0},{"damage":2.0,"enemies":"Looter","floor":4.0,"turns":4.0},{"damage":37,"enemies":"3 Sentries","floor":6,"turns":18},{"damage":25,"enemies":"Lots of Slimes","floor":8,"turns":11},{"damage":45,"enemies":"Lagavulin","floor":11,"turns":8}],"seed_played":"-1544851394555105568","potions_obtained":[{"floor":2.0,"key":"SteroidPotion"},{"floor":6,"key":"Poison Potion"},{"floor":8,"key":"Explosive Potion"}],"is_trial":false,"path_per_floor":["M","M","M","M","$","E","?","M","T","R"],"character_chosen":"IRONCLAD","items_purchased":[],"campfire_rested":1,"item_purchase_floors":[],"current_hp_per_floor":[52,57,56,60,60,29,29,10,10,34,0],"gold":162,"neow_bonus":"REMOVE_TWO","is_prod":false,"is_daily":false,"chose_seed":false,"campfire_upgraded":0,"win_rate":0,"timestamp":1538277004,"path_taken":["M","M","M","M","$","E","?","M","T","R","E"],"build_version":"2018-09-27","purchased_purges":0,"victory":false,"max_hp_per_floor":[80,80,80,80,80,80,80,80,80,80,80],"card_choices":[{"not_picked":["Perfected Strike","Cleave"],"picked":"Entrench","floor":1.0},{"not_picked":["Flex","Searing Blow"],"picked":"Shrug It Off","floor":2.0},{"not_picked":["Wild Strike","Cleave","Rupture"],"picked":"SKIP","floor":3.0},{"not_picked":["Thunderclap","Entrench"],"picked":"Shrug It Off","floor":4.0},{"not_picked":["Armaments","Shrug It Off","Pummel"],"picked":"SKIP","floor":6},{"not_picked":["Pummel","Dropkick","Iron Wave"],"picked":"SKIP","floor":8}],"player_experience":96162,"relics_obtained":[{"floor":6,"key":"Juzu Bracelet"},{"floor":9,"key":"Tiny Chest"}],"event_choices":[{"event_name":"The Cleric","player_choice":"Card Removal","floor":7,"damage_taken":0}],"is_beta":false,"boss_relics":[],"items_purged_floors":[],"is_endless":false,"potions_floor_spawned":[2,6,8],"killed_by":"Lagavulin","ascension_level":1}