{"path_per_floor":["M","M","M","M","?","R","M","R","T","M","M","R","$","?","R","B",null,"M","?","T","M","M","E","R","$","T","R","M","R","M","M","R","B",null,"M","?","M","M","M","R","?","$","T","M","?","M","$","M","R","B"],"character_chosen":"THE_SILENT","items_purchased":["Infinite Blades","Mind Blast","Infinite Blades","Thread and Needle","Paper Crane","Footwork","Tools of the Trade"],"gold_per_floor":[361,374,394,406,406,406,425,425,425,448,462,462,209,285,285,409,409,429,429,429,443,468,502,502,14,14,14,34,34,48,69,69,197,197,210,543,556,567,585,585,585,142,142,156,156,170,18,33,33,33],"floor_reached":51,"campfire_rested":2,"playtime":2913,"current_hp_per_floor":[63,63,63,63,48,48,48,48,48,48,48,48,48,47,47,18,63,61,61,61,48,43,34,34,34,41,41,41,41,29,22,43,43,70,70,70,70,65,59,59,59,59,59,54,54,42,42,42,63,45],"items_purged":["Strike_G","Injury","Strike_G"],"gold":33,"score":715,"play_id":"629ca3b4-b493-4836-b249-d6e7f0e49f53","local_time":"20180509224258","is_prod":false,"is_daily":false,"chose_seed":false,"is_ascension_mode":false,"campfire_upgraded":8,"timestamp":1525920178,"path_taken":["M","M","M","M","?","R","M","R","T","?","M","R","$","?","R","BOSS","M","?","?","M","?","E","R","$","T","R","M","R","M","M","R","BOSS","M","?","M","M","M","R","?","$","T","M","?","M","$","M","R","BOSS"],"build_version":"2018-05-08","seed_source_timestamp":60534581086980,"purchased_purges":4,"victory":true,"master_deck":["Defend_G","Defend_G","Defend_G","Defend_G","Defend_G","Strike_G","Strike_G","Strike_G","Survivor+1","Neutralize+1","Dash+1","Sucker Punch","Infinite Blades+1","Well Laid Plans","A Thousand Cuts+1","Noxious Fumes","Infinite Blades+1","Footwork+1","A Thousand Cuts+1","Caltrops+1","Backflip+1","Infinite Blades+1","Acrobatics+1","Choke+1","Wraith Form v2+1","Caltrops+1","Crippling Poison+1","Footwork+1","Flying Knee+1","Tools of the Trade+1","Backflip+1"],"max_hp_per_floor":[63,63,63,63,63,63,63,63,63,63,63,63,63,63,63,63,63,63,63,63,63,63,63,63,63,70,70,70,70,70,70,70,70,70,70,70,70,70,70,70,70,70,70,70,70,70,70,70,70,70],"relics":["Ring of the Snake","Happy Flower","Lantern","Sozu","Frozen Egg 2","Shuriken","Thread and Needle","Strawberry","Cursed Key","Paper Crane"],"card_choices":[{"not_picked":["Catalyst","Deflect"],"picked":"Dash","floor":1},{"not_picked":["Poisoned Stab","PiercingWail"],"picked":"Sucker Punch","floor":2},{"not_picked":["Backflip","Reflex"],"picked":"Infinite Blades","floor":3},{"not_picked":["Dagger Spray","Dash"],"picked":"Well Laid Plans","floor":4},{"not_picked":["Acrobatics","Deadly Poison"],"picked":"A Thousand Cuts","floor":10},{"not_picked":["Poisoned Stab","Dodge and Roll"],"picked":"Noxious Fumes","floor":11},{"not_picked":["Slice","Bane"],"picked":"Footwork","floor":14},{"not_picked":["Corpse Explosion","Burst"],"picked":"A Thousand Cuts","floor":16},{"not_picked":["Well Laid Plans","Sucker Punch"],"picked":"Caltrops","floor":21},{"not_picked":["Underhanded Strike","Poisoned Stab"],"picked":"Backflip","floor":23},{"not_picked":["Blade Dance","Quick Slash"],"picked":"Acrobatics","floor":30},{"not_picked":["Skewer","Underhanded Strike"],"picked":"Choke","floor":31},{"not_picked":["Bullet Time","Phantasmal Killer"],"picked":"Wraith Form v2","floor":33},{"not_picked":["Flying Knee","Choke"],"picked":"Caltrops","floor":35},{"not_picked":["Outmaneuver","Bane"],"picked":"Crippling Poison","floor":37},{"not_picked":["Expertise","Dagger Spray"],"picked":"Flying Knee","floor":44},{"not_picked":["Night Terror","Flying Knee"],"picked":"Backflip","floor":48}],"player_experience":73439,"potions_floor_usage":[4,11,14,16,33],"damage_taken":[{"damage":0,"enemies":"2 Louse","floor":1,"turns":3},{"damage":0,"enemies":"Jaw Worm","floor":2,"turns":4},{"damage":0,"enemies":"Cultist","floor":3,"turns":4},{"damage":0,"enemies":"3 Louse","floor":4,"turns":4},{"damage":0,"enemies":"Looter","floor":7,"turns":4},{"damage":0,"enemies":"Exordium Wildlife","floor":10,"turns":4},{"damage":0,"enemies":"Gremlin Gang","floor":11,"turns":4},{"damage":1,"enemies":"Gremlin Nob","floor":14,"turns":4},{"damage":29,"enemies":"The Guardian","floor":16,"turns":9},{"damage":2,"enemies":"Spheric Guardian","floor":18,"turns":4},{"damage":13,"enemies":"3 Byrds","floor":21,"turns":3},{"damage":5,"enemies":"3 Cultists","floor":22,"turns":3},{"damage":9,"enemies":"Book of Stabbing","floor":23,"turns":6},{"damage":0,"enemies":"Cultist and Chosen","floor":28,"turns":4},{"damage":12,"enemies":"Slaver and Parasite","floor":30,"turns":4},{"damage":7,"enemies":"Centurion and Healer","floor":31,"turns":5},{"damage":0,"enemies":"Champ","floor":33,"turns":8},{"damage":0,"enemies":"Flame Bruiser 1 Orb","floor":35,"turns":4},{"damage":0,"enemies":"3 Darklings","floor":37,"turns":4},{"damage":5,"enemies":"Maw","floor":38,"turns":6},{"damage":6,"enemies":"Flame Bruiser 2 Orb","floor":39,"turns":4},{"damage":5,"enemies":"4 Shapes","floor":44,"turns":5},{"damage":12,"enemies":"Spire Growth","floor":46,"turns":4},{"damage":0,"enemies":"3 Darklings","floor":48,"turns":4},{"damage":18,"enemies":"Donu and Deca","floor":50,"turns":7}],"event_choices":[{"event_name":"Golden Idol","player_choice":"Take Damage","floor":5,"damage_taken":0},{"event_name":"Dead Adventurer","player_choice":"Searched \u00271\u0027 times","floor":14,"damage_taken":0},{"event_name":"Accursed Blacksmith","player_choice":"Forge","floor":19,"damage_taken":0},{"event_name":"The Moai Head","player_choice":"Gave Idol","floor":36,"damage_taken":0},{"event_name":"Mysterious Sphere","player_choice":"Ignore","floor":45,"damage_taken":0}],"boss_relics":[{"not_picked":["Calling Bell","Philosopher\u0027s Stone"],"picked":"Sozu"},{"not_picked":["Runic Pyramid","Astrolabe"],"picked":"Cursed Key"}],"potions_floor_spawned":[1,2,3,11,14,16,18,22,28,33,37,39],"seed_played":"-3584552364966243619","ascension_level":0,"is_trial":false}