{"gold_per_floor":[118,133,133,144,163,193,204,204,228,228,242,273,273,273,273,273],"floor_reached":16,"playtime":561,"items_purged":[],"score":112,"play_id":"212ecb44-f99e-4887-b652-47db7a769168","local_time":"20181216180332","is_ascension_mode":false,"campfire_choices":[{"data":"Dash","floor":8,"key":"SMITH"},{"data":"Adrenaline","floor":13,"key":"SMITH"},{"data":"Dash","floor":15,"key":"SMITH"}],"neow_cost":"NONE","seed_source_timestamp":344652103962763,"circlet_count":0,"master_deck":["Defend_G","Defend_G","Defend_G+1","Defend_G","Defend_G","Strike_G","Strike_G","Strike_G","Strike_G","Survivor","Neutralize","Backstab+1","Dash+1","Dodge and Roll","Dash+1","Leg Sweep","Finisher","Adrenaline+1"],"relics":["Sozu","Singing Bowl","Ancient Tea Set","Golden Idol"],"potions_floor_usage":[],"damage_taken":[{"damage":3,"enemies":"Jaw Worm","floor":1,"turns":4},{"damage":0,"enemies":"2 Louse","floor":2,"turns":2},{"damage":0,"enemies":"Cultist","floor":4,"turns":3},{"damage":3,"enemies":"Looter","floor":5,"turns":3},{"damage":13,"enemies":"Lagavulin","floor":6,"turns":10},{"damage":0,"enemies":"3 Louse","floor":7,"turns":2},{"damage":0,"enemies":"Blue Slaver","floor":11,"turns":3},{"damage":10,"enemies":"Gremlin Nob","floor":12,"turns":4},{"damage":34,"enemies":"Hexaghost","floor":16,"turns":16}],"seed_played":"-4395876878816600510","potions_obtained":[],"is_trial":false,"path_per_floor":["M","M","?","M","M","E","M","R","T","?","M","E","R","?","R","B"],"character_chosen":"THE_SILENT","items_purchased":[],"campfire_rested":0,"item_purchase_floors":[],"current_hp_per_floor":[67,67,53,53,50,37,39,39,39,39,41,31,31,31,31,0],"gold":273,"neow_bonus":"BOSS_RELIC","is_prod":false,"is_daily":false,"chose_seed":false,"campfire_upgraded":3,"win_rate":0,"timestamp":1545005012,"path_taken":["M","M","?","M","M","E","M","R","T","?","?","E","R","?","R","BOSS"],"build_version":"2018-12-13","purchased_purges":0,"victory":false,"max_hp_per_floor":[70,70,70,70,70,70,72,72,72,72,74,74,74,69,69,69],"card_choices":[{"not_picked":["Choke","Blade Dance"],"picked":"Backstab","floor":1},{"not_picked":["Accuracy","Deflect"],"picked":"Dash","floor":2},{"not_picked":["Sucker Punch","Underhanded Strike"],"picked":"Dodge and Roll","floor":4},{"not_picked":["Dagger Throw","Infinite Blades"],"picked":"Dash","floor":5},{"not_picked":["Flechettes","Tools of the Trade"],"picked":"Leg Sweep","floor":6},{"not_picked":["Masterful Stab","Flying Knee","Quick Slash"],"picked":"Singing Bowl","floor":7},{"not_picked":["Deflect","Sucker Punch","Outmaneuver"],"picked":"Singing Bowl","floor":11},{"not_picked":["Concentrate","Sucker Punch"],"picked":"Adrenaline","floor":12}],"player_experience":266661,"relics_obtained":[{"floor":6,"key":"Singing Bowl"},{"floor":12,"key":"Ancient Tea Set"}],"event_choices":[{"damage_healed":0,"gold_gain":0,"player_choice":"Entered Light","damage_taken":14,"max_hp_gain":0,"max_hp_loss":0,"event_name":"Shining Light","floor":3,"gold_loss":0,"cards_upgraded":["Backstab","Defend_G"]},{"damage_healed":0,"gold_gain":0,"cards_transformed":["Strike_G"],"player_choice":"Transformed","damage_taken":0,"max_hp_gain":0,"max_hp_loss":0,"event_name":"Transmorgrifier","floor":10,"gold_loss":0,"cards_obtained":["Finisher"]},{"damage_healed":0,"gold_gain":0,"player_choice":"Lose Max HP","damage_taken":0,"relics_obtained":["Golden Idol"],"max_hp_gain":0,"max_hp_loss":5,"event_name":"Golden Idol","floor":14,"gold_loss":0}],"is_beta":false,"boss_relics":[],"items_purged_floors":[],"is_endless":false,"potions_floor_spawned":[1,5,6],"killed_by":"Hexaghost","ascension_level":0}