{"gold_per_floor":[368,385,23,23,39,55,55,88,88,88,107,126,126,144,144,249,299,313,588,604,619,534,534,559,479,479,177,276,276,23,23,23,125,125,139,11,27,45,64,97,112,112,112,143,2,22,22,36,36,36],"floor_reached":51,"playtime":47508,"items_purged":["Normality","Strike_B","Strike_B"],"score":849,"play_id":"9a65b452-8dd9-47b1-80cc-c0a3721cdc25","local_time":"20181105113040","is_ascension_mode":true,"campfire_choices":[{"data":"Zap","floor":7,"key":"SMITH"},{"data":"Tempest","floor":10,"key":"SMITH"},{"data":"Defragment","floor":13,"key":"SMITH"},{"data":"Dualcast","floor":15,"key":"SMITH"},{"floor":23,"key":"REST"},{"floor":29,"key":"REST"},{"floor":32,"key":"REST"},{"data":"Defragment","floor":42,"key":"SMITH"},{"data":"Capacitor","floor":49,"key":"SMITH"}],"neow_cost":"CURSE","seed_source_timestamp":1406653439047171,"circlet_count":0,"master_deck":["Strike_B","Strike_B","Defend_B","Defend_B","Defend_B","Defend_B+1","Zap+1","Dualcast+1","Ball Lightning","Sweeping Beam+1","Defragment+1","Steam","Self Repair","Tempest+1","Cold Snap","BootSequence","Thunder Strike","Compile Driver","Coolheaded","Regret","Defragment+1","Coolheaded+1","Tempest+1","Steam","Good Instincts","Ball Lightning","Coolheaded","Electrodynamics","Stack+1","Aggregate","Self Repair","Cold Snap","Hologram","Double Energy","Undo","Leap+1","Ball Lightning","Machine Learning","Defragment","Capacitor+1","Stack","Hologram","Hologram","Steam","Hologram+1","Doubt"],"relics":["Cracked Core","OrangePellets","Pen Nib","Cables","Bag of Marbles","Tiny House","The Courier","Bottled Tornado","Meat on the Bone","Bottled Lightning","Membership Card","Coffee Dripper","War Paint","PreservedInsect","Art of War","Orichalcum"],"potions_floor_usage":[33,33,39,50,50,50],"damage_taken":[{"damage":0,"enemies":"2 Louse","floor":1,"turns":1},{"damage":2,"enemies":"Jaw Worm","floor":2,"turns":2},{"damage":0,"enemies":"Cultist","floor":5,"turns":2},{"damage":6,"enemies":"Blue Slaver","floor":6,"turns":4},{"damage":20,"enemies":"Lagavulin","floor":8,"turns":5},{"damage":3,"enemies":"3 Louse","floor":11,"turns":2},{"damage":0,"enemies":"2 Fungi Beasts","floor":12,"turns":2},{"damage":0,"enemies":"Exordium Wildlife","floor":14,"turns":2},{"damage":19,"enemies":"The Guardian","floor":16,"turns":9},{"damage":0,"enemies":"Chosen","floor":18,"turns":3},{"damage":10,"enemies":"2 Thieves","floor":20,"turns":3},{"damage":49,"enemies":"Chosen and Byrds","floor":21,"turns":5},{"damage":47,"enemies":"Gremlin Leader","floor":24,"turns":5},{"damage":18,"enemies":"Champ","floor":33,"turns":10},{"damage":7,"enemies":"Orb Walker","floor":35,"turns":3},{"damage":44,"enemies":"3 Darklings","floor":37,"turns":5},{"damage":52,"enemies":"Maw","floor":38,"turns":7},{"damage":3,"enemies":"Transient","floor":39,"turns":5},{"damage":22,"enemies":"Giant Head","floor":40,"turns":8},{"damage":24,"enemies":"4 Shapes","floor":41,"turns":3},{"damage":0,"enemies":"Reptomancer","floor":44,"turns":3},{"damage":16,"enemies":"Spire Growth","floor":46,"turns":3},{"damage":23,"enemies":"Writhing Mass","floor":48,"turns":5},{"damage":54,"enemies":"Awakened One","floor":50,"turns":8}],"seed_played":"-6185911547026728086","potions_obtained":[{"floor":2,"key":"Swift Potion"},{"floor":8,"key":"Explosive Potion"},{"floor":11,"key":"Strength Potion"},{"floor":12,"key":"FocusPotion"},{"floor":17,"key":"Fire Potion"},{"floor":33,"key":"FearPotion"},{"floor":35,"key":"FearPotion"},{"floor":38,"key":"FocusPotion"},{"floor":39,"key":"Dexterity Potion"}],"is_trial":false,"path_per_floor":["M","M","$","?","M","M","R","E","T","R","M","M","R","M","R","B",null,"M","?","M","M","?","R","E","$","T","$","?","R","$","?","R","B",null,"M","$","M","M","M","E","M","R","T","E","$","M","?","M","R","B",null],"character_chosen":"DEFECT","items_purchased":["Defragment","OrangePellets","Bottled Lightning","Steam","Good Instincts","Membership Card","Ball Lightning","Coolheaded","Aggregate","Self Repair","War Paint","Cold Snap","Defragment","Capacitor","Stack","Hologram","Hologram","Steam"],"campfire_rested":3,"item_purchase_floors":[3,3,27,27,27,30,30,30,36,36,36,36,45,45,45,45,45,45],"current_hp_per_floor":[75,73,73,66,66,60,60,47,47,47,51,58,58,58,58,46,80,80,80,70,28,28,52,12,12,12,12,12,36,36,36,60,49,80,80,80,62,36,45,49,44,44,44,44,44,40,80,64,64,36],"gold":36,"neow_bonus":"TWO_FIFTY_GOLD","is_prod":false,"is_daily":false,"chose_seed":false,"campfire_upgraded":6,"win_rate":0,"timestamp":1541435440,"path_taken":["M","M","$","?","M","M","R","E","T","R","M","M","R","M","R","BOSS","M","?","?","M","?","R","E","$","T","$","?","R","$","?","R","BOSS","M","$","M","M","M","E","M","R","T","E","$","M","?","M","R","BOSS"],"build_version":"2018-11-01","purchased_purges":3,"victory":true,"max_hp_per_floor":[75,75,75,75,75,75,75,75,75,75,75,75,75,75,75,75,80,80,80,80,80,80,80,80,80,80,80,80,80,80,80,80,80,80,80,80,80,80,80,80,80,80,80,80,80,80,80,80,80,80],"card_choices":[{"not_picked":["Cold Snap","White Noise"],"picked":"Ball Lightning","floor":1},{"not_picked":["Turbo","Conserve Battery"],"picked":"Sweeping Beam","floor":2},{"not_picked":["Gash","Reinforced Body"],"picked":"Steam","floor":5},{"not_picked":["Steam","Reinforced Body"],"picked":"Self Repair","floor":6},{"not_picked":["Skim","Go for the Eyes"],"picked":"Tempest","floor":8},{"not_picked":["Doom and Gloom","Rebound"],"picked":"Cold Snap","floor":11},{"not_picked":["Redo","Consume"],"picked":"BootSequence","floor":12},{"not_picked":["Stack","Gash","Sweeping Beam"],"picked":"SKIP","floor":14},{"not_picked":["Biased Cognition","Seek"],"picked":"Thunder Strike","floor":16},{"not_picked":["Force Field","Reinforced Body"],"picked":"Compile Driver","floor":17},{"not_picked":["Cold Snap+1","Streamline"],"picked":"Coolheaded","floor":18},{"not_picked":["Fission","Genetic Algorithm"],"picked":"Defragment","floor":20},{"not_picked":["Aggregate","Streamline+1"],"picked":"Coolheaded+1","floor":21},{"not_picked":["Coolheaded+1","Hyperbeam"],"picked":"Tempest","floor":24},{"not_picked":["Thunder Strike","All For One"],"picked":"Electrodynamics","floor":33},{"not_picked":["Compile Driver","Streamline+1"],"picked":"Stack+1","floor":35},{"not_picked":["Melter+1","Coolheaded+1"],"picked":"Hologram","floor":37},{"not_picked":["Ball Lightning+1","Conserve Battery"],"picked":"Double Energy","floor":38},{"not_picked":["Redo+1","Hyperbeam"],"picked":"Undo","floor":39},{"not_picked":["Barrage","Redo"],"picked":"Leap+1","floor":40},{"not_picked":["Streamline","Sweeping Beam"],"picked":"Ball Lightning","floor":41},{"not_picked":["Go for the Eyes+1","Ball Lightning+1"],"picked":"Machine Learning","floor":44},{"not_picked":["Doom and Gloom","Skim"],"picked":"Hologram+1","floor":46},{"not_picked":["Skim+1","Rip and Tear","Sweeping Beam+1"],"picked":"SKIP","floor":48}],"player_experience":1037095,"relics_obtained":[{"floor":8,"key":"Cables"},{"floor":9,"key":"Bag of Marbles"},{"floor":24,"key":"Bottled Tornado"},{"floor":26,"key":"Meat on the Bone"},{"floor":40,"key":"PreservedInsect"},{"floor":43,"key":"Art of War"},{"floor":44,"key":"Orichalcum"}],"event_choices":[{"damage_healed":0,"gold_gain":0,"player_choice":"Success","damage_taken":7,"relics_obtained":["Pen Nib"],"max_hp_gain":0,"max_hp_loss":0,"event_name":"Scrap Ooze","floor":4,"gold_loss":0},{"damage_healed":0,"gold_gain":275,"player_choice":"Desecrate","damage_taken":0,"max_hp_gain":0,"max_hp_loss":0,"event_name":"Golden Shrine","floor":19,"gold_loss":0,"cards_obtained":["Regret"]},{"damage_healed":0,"gold_gain":0,"player_choice":"Obtained Relic","damage_taken":0,"relics_obtained":["The Courier"],"max_hp_gain":0,"max_hp_loss":0,"event_name":"Addict","floor":22,"gold_loss":85},{"damage_healed":0,"gold_gain":99,"player_choice":"Stole From Cult","damage_taken":0,"max_hp_gain":0,"max_hp_loss":0,"event_name":"Nest","floor":28,"gold_loss":0},{"damage_healed":0,"gold_gain":0,"player_choice":"Ignored","damage_taken":0,"max_hp_gain":0,"max_hp_loss":0,"event_name":"The Mausoleum","floor":31,"gold_loss":0},{"damage_healed":40,"gold_gain":0,"player_choice":"Heal","damage_taken":0,"max_hp_gain":0,"max_hp_loss":0,"event_name":"MindBloom","floor":47,"gold_loss":0,"cards_obtained":["Doubt"]}],"is_beta":false,"boss_relics":[{"not_picked":["Velvet Choker","Snecko Eye"],"picked":"Tiny House"},{"not_picked":["Black Star","White Beast Statue"],"picked":"Coffee Dripper"}],"items_purged_floors":[3,25,30],"is_endless":false,"potions_floor_spawned":[2,8,11,12,24,33,35,38,39],"ascension_level":2}