{"gold_per_floor":[115,126,126,139,139,174,174,184,184,184,197,227,70,30,30,125,125,136,136,136,155,3,3,19,53,108,138,5,5,20,37,37,37],"floor_reached":33,"playtime":2176,"items_purged":["Perfected Strike"],"score":369,"play_id":"13ed5074-ce25-439a-a933-6dbf0ce8b931","local_time":"20190223102208","is_ascension_mode":true,"campfire_choices":[{"data":"Blood for Blood","floor":7,"key":"SMITH"},{"data":"Infernal Blade","floor":10,"key":"SMITH"},{"floor":15,"key":"REST"},{"floor":23,"key":"REST"},{"data":"Armaments","floor":29,"key":"SMITH"},{"floor":32,"key":"REST"}],"neow_cost":"NONE","seed_source_timestamp":33254694093400,"circlet_count":0,"master_deck":["Blood for Blood+1","Bloodletting","Intimidate","Infernal Blade+1","Rupture","Flex","Flame Barrier","Ghostly Armor","Clash","Impervious","Searing Blow","Dual Wield","Hemokinesis","Clothesline","Berserk","Battle Trance","Rampage","Fire Breathing","Spot Weakness","Sever Soul","Armaments","Immolate","Armaments+1","Forethought","True Grit+1","Shrug It Off+1"],"relics":["Burning Blood","PreservedInsect","Pocketwatch","The Courier","Torii","Blood Vial","Pandora\u0027s Box","Nilry\u0027s Codex","Happy Flower","Centennial Puzzle","Omamori","Oddly Smooth Stone"],"potions_floor_usage":[6,6,12,16,16,16,24,25,27],"damage_taken":[{"damage":15,"enemies":"Small Slimes","floor":1,"turns":5},{"damage":10,"enemies":"Cultist","floor":2,"turns":5},{"damage":6,"enemies":"2 Louse","floor":4,"turns":2},{"damage":8,"enemies":"Lagavulin","floor":6,"turns":6},{"damage":9,"enemies":"Blue Slaver","floor":8,"turns":2},{"damage":19,"enemies":"Exordium Thugs","floor":11,"turns":5},{"damage":21,"enemies":"Gremlin Nob","floor":12,"turns":4},{"damage":40,"enemies":"The Guardian","floor":16,"turns":13},{"damage":28,"enemies":"3 Byrds","floor":18,"turns":4},{"damage":7,"enemies":"Spheric Guardian","floor":21,"turns":3},{"damage":12,"enemies":"3 Cultists","floor":24,"turns":3},{"damage":12,"enemies":"Gremlin Leader","floor":25,"turns":4},{"damage":7,"enemies":"Slavers","floor":27,"turns":6},{"damage":9,"enemies":"Snake Plant","floor":30,"turns":3},{"damage":14,"enemies":"Sentry and Sphere","floor":31,"turns":6},{"damage":112,"enemies":"Collector","floor":33,"turns":6}],"seed_played":"8101881796997011382","potions_obtained":[{"floor":1,"key":"SteroidPotion"},{"floor":4,"key":"Block Potion"},{"floor":8,"key":"SpeedPotion"},{"floor":14,"key":"Block Potion"},{"floor":14,"key":"Block Potion"},{"floor":14,"key":"EntropicBrew"},{"floor":16,"key":"Block Potion"},{"floor":24,"key":"SkillPotion"}],"is_trial":false,"path_per_floor":["M","M","?","M","?","E","R","M","T","R","M","E","$","?","R","B",null,"M","?","?","M","$","R","M","E","T","E","$","R","M","M","R","B"],"character_chosen":"IRONCLAD","items_purchased":["Blood Vial","Clash","Happy Flower","Sever Soul","Forethought"],"campfire_rested":3,"item_purchase_floors":[13,13,22,22,28],"current_hp_per_floor":[79,75,75,75,63,61,61,58,58,58,45,30,30,30,56,24,72,52,36,36,37,37,63,59,55,55,56,56,56,55,49,75,0],"gold":37,"neow_bonus":"TEN_PERCENT_HP_BONUS","is_prod":false,"is_daily":false,"chose_seed":false,"campfire_upgraded":3,"win_rate":0,"timestamp":1550913728,"path_taken":["M","M","?","?","?","E","R","M","T","R","M","E","$","?","R","BOSS","M","?","?","M","$","R","M","E","T","E","$","R","M","M","R","BOSS"],"build_version":"2019-01-23","purchased_purges":1,"victory":false,"max_hp_per_floor":[88,88,88,88,88,88,88,88,88,88,88,88,88,88,88,88,88,88,88,88,88,88,88,88,88,88,88,88,88,88,88,88,88],"card_choices":[{"not_picked":["Searing Blow","Sword Boomerang"],"picked":"Blood for Blood","floor":1},{"not_picked":["Flame Barrier","Havoc"],"picked":"Bloodletting","floor":2},{"not_picked":["Heavy Blade","Shockwave"],"picked":"Infernal Blade","floor":4},{"not_picked":["Cleave","Wild Strike"],"picked":"Rupture","floor":6},{"not_picked":["Burning Pact","Shockwave"],"picked":"Flex","floor":8},{"not_picked":["Evolve","Immolate"],"picked":"Flame Barrier","floor":11},{"not_picked":["Warcry","Dual Wield"],"picked":"Ghostly Armor","floor":12},{"not_picked":["Limit Break","Bludgeon"],"picked":"Impervious","floor":16},{"not_picked":["Twin Strike","Uppercut","Thunderclap"],"picked":"SKIP","floor":18},{"not_picked":["Perfected Strike","Rage"],"picked":"Spot Weakness","floor":21},{"not_picked":["Battle Trance","Thunderclap"],"picked":"Armaments","floor":24},{"not_picked":["Corruption","Spot Weakness"],"picked":"Immolate","floor":25},{"not_picked":["Body Slam","Perfected Strike+1"],"picked":"Armaments","floor":27},{"not_picked":["Havoc","Battle Trance+1"],"picked":"True Grit+1","floor":30},{"not_picked":["True Grit","Heavy Blade"],"picked":"Shrug It Off+1","floor":31}],"player_experience":347767,"relics_obtained":[{"floor":6,"key":"Pocketwatch"},{"floor":9,"key":"The Courier"},{"floor":12,"key":"Torii"},{"floor":19,"key":"Nilry\u0027s Codex"},{"floor":25,"key":"Centennial Puzzle"},{"floor":26,"key":"Omamori"},{"floor":27,"key":"Oddly Smooth Stone"}],"event_choices":[{"damage_healed":0,"gold_gain":0,"cards_transformed":["Bash"],"player_choice":"Transformed","damage_taken":0,"max_hp_gain":0,"max_hp_loss":0,"event_name":"Transmorgrifier","floor":3,"gold_loss":0,"cards_obtained":["Intimidate"]},{"damage_healed":0,"gold_gain":0,"player_choice":"Success","damage_taken":12,"relics_obtained":["PreservedInsect"],"max_hp_gain":0,"max_hp_loss":0,"event_name":"Scrap Ooze","floor":5,"gold_loss":0},{"damage_healed":0,"gold_gain":0,"player_choice":"Bought 3 Potions","damage_taken":0,"max_hp_gain":0,"max_hp_loss":0,"event_name":"The Woman in Blue","floor":14,"gold_loss":0},{"damage_healed":0,"gold_gain":0,"player_choice":"Obtained Book","damage_taken":16,"max_hp_gain":0,"max_hp_loss":0,"event_name":"Cursed Tome","floor":19,"gold_loss":0},{"damage_healed":0,"gold_gain":0,"player_choice":"Leave","damage_taken":0,"max_hp_gain":0,"max_hp_loss":0,"event_name":"FaceTrader","floor":20,"gold_loss":0}],"is_beta":false,"boss_relics":[{"not_picked":["Lizard Tail","Runic Pyramid"],"picked":"Pandora\u0027s Box"}],"items_purged_floors":[28],"is_endless":false,"potions_floor_spawned":[1,4,8,16,21,24],"killed_by":"Collector","ascension_level":5}