{"path_per_floor":["M","M","M","M","?","R","M","R","T","?","E","R","M","?","R","B",null,"M","M","?","?","$","R","M","R","T","R","M","M","R","E","R","B",null,"M","M","$","?","$","R","E","R","T","M","M","M","?","E","R","B"],"character_chosen":"IRONCLAD","items_purchased":["Shrug It Off","Secret Technique","Blue Candle","Seeing Red"],"gold_per_floor":[114,125,140,158,158,158,178,178,231,231,257,257,268,289,289,389,389,403,421,421,421,298,298,314,314,339,339,350,362,362,396,396,500,500,510,528,0,0,0,0,31,31,54,67,81,98,0,27,27,27],"floor_reached":51,"campfire_rested":1,"playtime":4665,"current_hp_per_floor":[72,66,71,67,60,60,47,47,47,47,40,40,46,39,39,25,72,72,71,55,40,40,40,46,46,53,53,84,84,84,81,84,52,84,81,84,84,90,90,90,58,58,58,57,87,84,84,87,87,55],"items_purged":["Strike_R"],"gold":27,"play_id":"6c30e9f1-ecbb-445b-a15e-efd9c3a900dd","is_prod":false,"is_daily":false,"is_ascension_mode":true,"campfire_upgraded":8,"path_taken":["M","M","M","M","?","R","M","R","T","?","E","R","M","?","R","BOSS","M","M","?","?","$","R","M","R","T","R","M","M","R","E","R","BOSS","M","M","$","?","$","R","E","R","T","M","M","M","?","E","R","BOSS"],"build_version":"2018-01-25-PROD3","purchased_purges":1,"victory":true,"master_deck":["Defend_R","Defend_R","Defend_R","Defend_R","Bash+1","Pommel Strike+1","Whirlwind+1","Thunderclap+1","Inflame+1","Uppercut+1","Reaper+1","Flame Barrier+1","Necronomicurse","Shrug It Off+1","Feel No Pain+1","Dual Wield+1","Cleave+1","Carnage+1","Limit Break","Secret Technique+1","Seeing Red","Writhe","Warcry+1","Pummel+1","Seeing Red+1"],"max_hp_per_floor":[72,72,72,72,72,72,72,72,72,72,72,72,72,72,72,72,72,72,72,72,77,77,77,77,77,84,84,84,84,84,84,84,84,84,84,84,84,90,90,90,90,90,90,90,90,90,90,90,90,90],"relics":["Burning Blood","Peace Pipe","Oddly Smooth Stone","Happy Flower","Odd Mushroom","Mark of Pain","Necronomicon","Strawberry","Darkstone Periapt","Sozu","Blue Candle","Regal Pillow","Orichalcum","Red Mask","Molten Egg"],"card_choices":[{"not_picked":["Armaments","Thunderclap"],"picked":"Pommel Strike"},{"not_picked":["Flame Barrier","Heavy Blade"],"picked":"Whirlwind"},{"not_picked":["Anger","Pommel Strike"],"picked":"Thunderclap"},{"not_picked":["Rupture","Burning Pact"],"picked":"Inflame"},{"not_picked":["Headbutt","Iron Wave"],"picked":"Uppercut"},{"not_picked":["Dark Embrace","Fiend Fire"],"picked":"Reaper"},{"not_picked":["Twin Strike","Sword Boomerang"],"picked":"Flame Barrier"},{"not_picked":["Dropkick","Heavy Blade"],"picked":"Feel No Pain"},{"not_picked":["Blood for Blood","True Grit"],"picked":"Dual Wield"},{"not_picked":["Havoc","Twin Strike"],"picked":"Cleave"},{"not_picked":["Havoc","Rampage"],"picked":"Carnage"},{"not_picked":["Brutality","Double Tap"],"picked":"Limit Break"},{"not_picked":["Impervious","Iron Wave"],"picked":"Warcry"},{"not_picked":["Wild Strike","Uppercut"],"picked":"Pummel"},{"not_picked":["Cleave","Intimidate"],"picked":"Seeing Red"}],"player_experience":336053,"potions_floor_usage":[4,11,31],"damage_taken":[{"damage":5,"enemies":"Small Slimes","floor":1,"turns":4},{"damage":12,"enemies":"Jaw Worm","floor":2,"turns":5},{"damage":1,"enemies":"Cultist","floor":3,"turns":3},{"damage":10,"enemies":"Looter","floor":4,"turns":3},{"damage":19,"enemies":"Large Slime","floor":7,"turns":5},{"damage":13,"enemies":"Lagavulin","floor":11,"turns":5},{"damage":0,"enemies":"3 Louse","floor":13,"turns":3},{"damage":13,"enemies":"The Mushroom Lair","floor":14,"turns":3},{"damage":20,"enemies":"Slime Boss","floor":16,"turns":5},{"damage":4,"enemies":"Chosen","floor":18,"turns":3},{"damage":14,"enemies":"2 Thieves","floor":19,"turns":3},{"damage":0,"enemies":"Centurion and Healer","floor":24,"turns":1},{"damage":0,"enemies":"3 Cultists","floor":28,"turns":4},{"damage":1,"enemies":"Chosen and Byrds","floor":29,"turns":3},{"damage":9,"enemies":"Book of Stabbing","floor":31,"turns":4},{"damage":60,"enemies":"Collector","floor":33,"turns":7},{"damage":9,"enemies":"3 Darklings","floor":35,"turns":2},{"damage":3,"enemies":"3 Shapes","floor":36,"turns":4},{"damage":38,"enemies":"2 Orb Walkers","floor":41,"turns":4},{"damage":19,"enemies":"Sphere and 2 Shapes","floor":44,"turns":7},{"damage":0,"enemies":"3 Darklings","floor":45,"turns":2},{"damage":11,"enemies":"4 Shapes","floor":46,"turns":2},{"damage":3,"enemies":"Giant Head","floor":48,"turns":6},{"damage":38,"enemies":"Time Eater","floor":50,"turns":7}],"event_choices":[{"event_name":"Golden Wing","player_choice":"Card Removal","floor":5,"damage_taken":0},{"event_name":"Living Wall","player_choice":"Grow","floor":10,"damage_taken":0},{"event_name":"Mushrooms","player_choice":"Fought Mushrooms","floor":14,"damage_taken":0},{"event_name":"Cursed Tome","player_choice":"Obtained Book","floor":20,"damage_taken":0},{"event_name":"Forgotten Altar","player_choice":"Shed Blood","floor":21,"damage_taken":0},{"event_name":"Winding Halls","player_choice":"Writhe","floor":38,"damage_taken":0},{"event_name":"Tomb of Lord Red Mask","player_choice":"Paid","floor":47,"damage_taken":0}],"boss_relics":[{"not_picked":["Pandora\u0027s Box","Runic Pyramid"],"picked":"Mark of Pain"},{"not_picked":["Runic Dome","Snecko Eye"],"picked":"Sozu"}],"potions_floor_spawned":[2,3,4,14,16,28,29,45,48],"seed_played":"3407669777113581915","ascension_level":1,"is_trial":false}