{"gold_per_floor":[117,117,129,142,142,177,194,194,250,268,279,279,291,306,306,405,405,418,431,442,442,153,153,171,202,202,202,202,231,22,42,42,146,146,163,0,16,33,33,66,17,17,94,94,112,112,112,123,123,123],"floor_reached":51,"playtime":5257,"items_purged":[],"score":730,"play_id":"e6a0fdd3-feea-4a97-9c40-fce7cc3ff263","local_time":"20190204121227","is_ascension_mode":true,"campfire_choices":[{"data":"Predator","floor":8,"key":"SMITH"},{"data":"Concentrate","floor":12,"key":"SMITH"},{"data":"Envenom","floor":15,"key":"SMITH"},{"data":"Blade Dance","floor":23,"key":"SMITH"},{"data":"Terror","floor":28,"key":"SMITH"},{"floor":32,"key":"REST"},{"data":"Adrenaline","floor":42,"key":"SMITH"},{"data":"Malaise","floor":47,"key":"SMITH"},{"data":"Finisher","floor":49,"key":"SMITH"}],"neow_cost":"NONE","seed_source_timestamp":0,"circlet_count":0,"master_deck":["Defend_G","Defend_G","Defend_G","Defend_G","Defend_G","Strike_G","Strike_G","Strike_G","Strike_G","Survivor+1","Neutralize","Predator+1","Escape Plan","Deadly Poison","Terror+1","Bane","Deflect","Envenom+1","Concentrate+1","Backflip","Outmaneuver","Malaise+1","Blade Dance+1","Acrobatics+1","Caltrops+1","Infinite Blades+1","Blade Dance+1","Footwork+1","Finisher+1","Adrenaline+1","Prepared+1","Dodge and Roll+1","Bandage Up","Injury","Dagger Throw+1","Shame","Accuracy+1"],"special_seed":0,"relics":["Ring of the Snake","Blood Vial","Vajra","Tiny Chest","WristBlade","Frozen Egg 2","Snake Skull","Blue Candle","Bronze Scales","Paper Crane","Mercury Hourglass","Chemical X","Cursed Key","Red Mask","Anchor","Kunai","Darkstone Periapt"],"potions_floor_usage":[16,18,20,20,25,29,40,50,50],"damage_taken":[{"damage":0.0,"enemies":"Jaw Worm","floor":1.0,"turns":5.0},{"damage":0.0,"enemies":"Cultist","floor":3.0,"turns":3.0},{"damage":0,"enemies":"Small Slimes","floor":4,"turns":3},{"damage":19,"enemies":"3 Sentries","floor":6,"turns":12},{"damage":0,"enemies":"3 Louse","floor":7,"turns":4},{"damage":1,"enemies":"Large Slime","floor":10,"turns":4},{"damage":2,"enemies":"Exordium Thugs","floor":11,"turns":4},{"damage":1,"enemies":"2 Fungi Beasts","floor":13,"turns":3},{"damage":0,"enemies":"Exordium Wildlife","floor":14,"turns":3},{"damage":34,"enemies":"The Guardian","floor":16,"turns":9},{"damage":1,"enemies":"Chosen","floor":18,"turns":4},{"damage":4,"enemies":"Shell Parasite","floor":19,"turns":4},{"damage":6,"enemies":"3 Cultists","floor":20,"turns":7},{"damage":0,"enemies":"Snecko","floor":24,"turns":4},{"damage":16,"enemies":"Gremlin Leader","floor":25,"turns":6},{"damage":20,"enemies":"Slavers","floor":29,"turns":5},{"damage":8,"enemies":"Snake Plant","floor":31,"turns":3},{"damage":35,"enemies":"Champ","floor":33,"turns":9},{"damage":5,"enemies":"3 Shapes","floor":35,"turns":3},{"damage":0,"enemies":"Orb Walker","floor":37,"turns":2},{"damage":9,"enemies":"Jaw Worm Horde","floor":38,"turns":3},{"damage":5,"enemies":"Reptomancer","floor":40,"turns":4},{"damage":0,"enemies":"Sphere and 2 Shapes","floor":45,"turns":4},{"damage":0,"enemies":"Transient","floor":48,"turns":5},{"damage":77,"enemies":"Awakened One","floor":50,"turns":11}],"seed_played":"6729088096635284394","potions_obtained":[{"floor":4,"key":"Block Potion"},{"floor":6,"key":"FearPotion"},{"floor":10,"key":"Dexterity Potion"},{"floor":14,"key":"Explosive Potion"},{"floor":16,"key":"SmokeBomb"},{"floor":18,"key":"Fruit Juice"},{"floor":19,"key":"FearPotion"},{"floor":25,"key":"Explosive Potion"},{"floor":38,"key":"Regen Potion"},{"floor":48,"key":"Fire Potion"}],"is_trial":false,"path_per_floor":["M","?","M","M","?","E","M","R","T","M","M","R","M","M","R","B",null,"M","M","M","T","$","R","M","E","T","T","R","E","$","M","R","B",null,"M","?","M","M","?","E","$","R","T","?","M","T","R","M","R","B",null],"character_chosen":"THE_SILENT","items_purchased":["Snake Skull","GhostInAJar","Caltrops+1","Chemical X","SpeedPotion"],"campfire_rested":1,"item_purchase_floors":[22,22,22,30,41],"current_hp_per_floor":[70,67,69,70,70,51,53,53,53,54,54,54,55,57,57,25,70,74,71,67,67,67,67,69,55,55,55,55,37,37,31,53,20,75,70,70,72,65,65,66,66,66,66,66,71,71,71,71,71,13],"gold":123,"neow_bonus":"UPGRADE_CARD","is_prod":false,"is_daily":false,"chose_seed":false,"campfire_upgraded":8,"win_rate":0,"timestamp":1549278747,"path_taken":["M","?","M","M","?","E","M","R","T","M","?","R","?","M","R","BOSS","M","M","M","?","$","R","M","E","T","?","R","E","$","M","R","BOSS","M","?","M","M","?","E","$","R","T","?","M","?","R","?","R","BOSS"],"build_version":"2019-01-23","purchased_purges":0,"victory":true,"max_hp_per_floor":[70,70,70,70,70,70,70,70,70,70,70,70,70,70,70,70,70,75,75,75,75,75,75,75,75,75,75,75,75,75,75,75,75,75,75,75,75,75,75,75,75,75,75,71,71,71,71,71,71,71],"card_choices":[{"not_picked":["Sucker Punch","Slice"],"picked":"Predator","floor":1.0},{"not_picked":["Dodge and Roll","Acrobatics"],"picked":"Escape Plan","floor":3},{"not_picked":["Blade Dance","Flying Knee"],"picked":"Deadly Poison","floor":4},{"not_picked":["Flying Knee","Night Terror"],"picked":"Bane","floor":6},{"not_picked":["Backflip","Flying Knee"],"picked":"Deflect","floor":7},{"not_picked":["Riddle With Holes","Dagger Throw"],"picked":"Envenom","floor":10},{"not_picked":["Deadly Poison","PiercingWail"],"picked":"Concentrate","floor":11},{"not_picked":["Predator","Cloak And Dagger"],"picked":"Backflip","floor":13},{"not_picked":["Backflip","Underhanded Strike"],"picked":"Outmaneuver","floor":14},{"not_picked":["Bullet Time","Envenom"],"picked":"Malaise","floor":16},{"not_picked":["Sucker Punch","Deadly Poison+1","Dodge and Roll"],"picked":"SKIP","floor":18},{"not_picked":["Outmaneuver","Acrobatics"],"picked":"Blade Dance","floor":19},{"not_picked":["Sucker Punch","Choke"],"picked":"Acrobatics+1","floor":20},{"not_picked":["Prepared","Wraith Form v2+1"],"picked":"Infinite Blades+1","floor":24},{"not_picked":["Sucker Punch+1","Bane"],"picked":"Blade Dance+1","floor":25},{"not_picked":["Envenom+1","Bouncing Flask"],"picked":"Footwork+1","floor":29},{"not_picked":["Deadly Poison+1","Crippling Poison"],"picked":"Finisher","floor":31},{"not_picked":["After Image+1","Glass Knife"],"picked":"Adrenaline","floor":33},{"not_picked":["Skewer","Choke+1"],"picked":"Prepared+1","floor":35},{"not_picked":["Blade Dance","Dagger Spray","PiercingWail"],"picked":"SKIP","floor":37},{"not_picked":["Bane","Deadly Poison+1"],"picked":"Dodge and Roll+1","floor":38},{"not_picked":["Trip","Deep Breath"],"picked":"Bandage Up","floor":39},{"not_picked":["Deflect","Outmaneuver","Dagger Throw+1"],"picked":"SKIP","floor":40},{"not_picked":["Flying Knee+1","Bane"],"picked":"Dagger Throw+1","floor":45},{"not_picked":["Blade Dance+1","Deadly Poison"],"picked":"Accuracy+1","floor":48}],"player_experience":202645,"relics_obtained":[{"floor":6,"key":"Vajra"},{"floor":9,"key":"Tiny Chest"},{"floor":21,"key":"Frozen Egg 2"},{"floor":25,"key":"Blue Candle"},{"floor":26,"key":"Bronze Scales"},{"floor":27,"key":"Paper Crane"},{"floor":29,"key":"Mercury Hourglass"},{"floor":40,"key":"Anchor"},{"floor":43,"key":"Kunai"},{"floor":46,"key":"Darkstone Periapt"}],"event_choices":[{"damage_healed":0.0,"max_hp_gain":0.0,"max_hp_loss":0.0,"gold_gain":0.0,"event_name":"Scrap Ooze","player_choice":"Success","floor":2.0,"gold_loss":0.0,"damage_taken":3.0,"relics_obtained":["Blood Vial"]},{"damage_healed":0,"gold_gain":0,"cards_transformed":["Strike_G"],"player_choice":"Transformed","damage_taken":0,"max_hp_gain":0,"max_hp_loss":0,"event_name":"Transmorgrifier","floor":5,"gold_loss":0,"cards_obtained":["Terror"]},{"damage_healed":0,"gold_gain":0,"player_choice":"Paid","damage_taken":0,"relics_obtained":["Red Mask"],"max_hp_gain":0,"max_hp_loss":0,"event_name":"Tomb of Lord Red Mask","floor":36,"gold_loss":163},{"damage_healed":0,"gold_gain":0,"player_choice":"Memory 1","damage_taken":0,"max_hp_gain":0,"max_hp_loss":0,"event_name":"SensoryStone","floor":39,"gold_loss":0},{"damage_healed":0,"gold_gain":0,"player_choice":"Max HP","damage_taken":0,"max_hp_gain":0,"max_hp_loss":4,"event_name":"Winding Halls","floor":44,"gold_loss":0}],"is_beta":false,"boss_relics":[{"not_picked":["Snecko Eye","Runic Dome"],"picked":"WristBlade"},{"not_picked":["Sozu","Empty Cage"],"picked":"Cursed Key"}],"items_purged_floors":[],"is_endless":false,"potions_floor_spawned":[4,6,10,14,16,18,19,25,38,48],"ascension_level":1}