{"path_per_floor":["M","M","M","M","M","R","E","R","T","E","R","E","?","?","R","B",null,"M","?","M","?","?"],"character_chosen":"THE_SILENT","items_purchased":[],"gold_per_floor":[113,131,142,154,169,169,196,196,222,253,253,286,344,344,344,447,447,462,387,400,400,400,400],"floor_reached":23,"campfire_rested":1,"playtime":1578,"current_hp_per_floor":[70,66,64,64,58,58,45,45,45,22,43,40,31,54,54,40,63,28,28,15,15,15,0],"items_purged":[],"gold":400,"score":311,"play_id":"3997c072-dca6-45ef-9995-562374585a47","local_time":"20180504030821","is_prod":false,"is_daily":false,"chose_seed":false,"is_ascension_mode":true,"campfire_upgraded":3,"timestamp":1525417701,"path_taken":["M","M","?","M","M","R","E","R","T","E","R","E","?","?","R","BOSS","M","?","M","?","?","E"],"build_version":"2018-05-03","seed_source_timestamp":188953231016965,"purchased_purges":0,"victory":false,"master_deck":["Defend_G","Defend_G","Defend_G","Defend_G+1","Defend_G","Survivor+1","Neutralize+1","Malaise+1","Underhanded Strike","Dagger Spray+1","Dagger Spray","Noxious Fumes","Blur","Flying Knee","Envenom","Backflip+1","Outmaneuver+1","Ghostly","Ghostly","Ghostly","Ghostly","Ghostly","Bite","Bite","Bite","Bite","Bite"],"max_hp_per_floor":[70,70,70,70,70,70,70,70,70,70,70,70,70,70,70,70,70,70,70,70,35,24,24],"relics":["Ring of the Snake","Bottled Lightning","Snake Skull","War Paint","Whetstone","Vajra","White Beast Statue"],"card_choices":[{"not_picked":["Expertise","Dagger Throw"],"picked":"Malaise","floor":2},{"not_picked":["Expertise","Prepared"],"picked":"Underhanded Strike","floor":4},{"not_picked":["Calculated Gamble","All Out Attack"],"picked":"Dagger Spray","floor":5},{"not_picked":["Slice","Reflex"],"picked":"Dagger Spray","floor":7},{"not_picked":["Malaise","Concentrate"],"picked":"Noxious Fumes","floor":10},{"not_picked":["All Out Attack","Quick Slash"],"picked":"Blur","floor":12},{"not_picked":["Unload","Deadly Poison"],"picked":"Flying Knee","floor":13},{"not_picked":["Phantasmal Killer","Tactician"],"picked":"Envenom","floor":16},{"not_picked":["All Out Attack","Quick Slash"],"picked":"Backflip","floor":18},{"not_picked":["Concentrate","Deadly Poison"],"picked":"Outmaneuver","floor":20}],"player_experience":429066,"potions_floor_usage":[4,5,7,7,13,16,20],"damage_taken":[{"damage":0,"enemies":"Cultist","floor":1,"turns":3},{"damage":4,"enemies":"2 Louse","floor":2,"turns":4},{"damage":2,"enemies":"Small Slimes","floor":3,"turns":6},{"damage":0,"enemies":"3 Louse","floor":4,"turns":4},{"damage":6,"enemies":"Large Slime","floor":5,"turns":6},{"damage":13,"enemies":"Lagavulin","floor":7,"turns":10},{"damage":23,"enemies":"3 Sentries","floor":10,"turns":7},{"damage":3,"enemies":"Lagavulin","floor":12,"turns":7},{"damage":9,"enemies":"Gremlin Nob","floor":13,"turns":4},{"damage":14,"enemies":"Slime Boss","floor":16,"turns":10},{"damage":35,"enemies":"3 Byrds","floor":18,"turns":5},{"damage":13,"enemies":"2 Thieves","floor":20,"turns":4},{"damage":24,"enemies":"Book of Stabbing","floor":23,"turns":7}],"event_choices":[{"event_name":"Dead Adventurer","player_choice":"Searched \u00272\u0027 times","floor":13,"damage_taken":0},{"event_name":"Big Fish","player_choice":"Banana","floor":14,"damage_taken":0},{"event_name":"Beggar","player_choice":"Gave Gold","floor":19,"damage_taken":0},{"event_name":"Ghosts","player_choice":"Became a Ghost","floor":21,"damage_taken":0},{"event_name":"Vampires","player_choice":"Became a vampire","floor":22,"damage_taken":0}],"boss_relics":[{"not_picked":["Runic Pyramid","Snecko Eye"],"picked":"White Beast Statue"}],"potions_floor_spawned":[2,3,5,7,12,18,20],"seed_played":"-8639958343664345602","killed_by":"Book of Stabbing","ascension_level":5,"is_trial":false}