{"path_per_floor":["M","M","?","M","M","E","R","?","T","E","M","M","R","E","R","B",null,"M","M","M","$","M","E","?","E","T","E"],"character_chosen":"THE_SILENT","items_purchased":["Du-Vu Doll"],"gold_per_floor":[114,124,124,140,156,182,182,207,207,234,245,262,262,287,287,392,392,406,419,433,122,137,171,171,203,229,258,258],"floor_reached":28,"campfire_rested":1,"playtime":1926,"current_hp_per_floor":[63,63,68,62,62,31,31,29,29,21,21,21,43,41,41,9,59,45,45,38,38,26,18,18,5,5,1,0],"items_purged":[],"gold":258,"score":465,"play_id":"cb9965a1-7f86-4f98-a74b-cd2e32cf9e35","local_time":"20180417183711","is_prod":false,"is_daily":false,"chose_seed":false,"is_ascension_mode":true,"campfire_upgraded":2,"timestamp":1523983031,"path_taken":["M","M","?","M","M","E","R","?","T","E","?","M","R","E","R","BOSS","M","?","?","$","M","E","?","E","T","E","M"],"build_version":"2018-04-12","seed_source_timestamp":371727954001,"purchased_purges":0,"victory":false,"master_deck":["Survivor","Neutralize","AscendersBane","Backstab+1","Malaise+1","All Out Attack","Dagger Throw","Cloak And Dagger","After Image+1","Dagger Throw","Die Die Die","Heel Hook","PiercingWail","Riddle With Holes","Dagger Spray","Slice","Dodge and Roll","Outmaneuver","Blade Dance","Quick Slash","Crippling Poison","Well Laid Plans","Finisher","Distraction+1","Infinite Blades","Noxious Fumes","Sucker Punch+1"],"max_hp_per_floor":[70,70,75,75,75,75,75,75,75,75,75,75,75,75,75,75,75,75,75,75,75,75,75,75,75,75,75,75],"relics":["Sozu","Paper Crane","Odd Mushroom","Ninja Scroll","War Paint","Prayer Wheel","Pandora\u0027s Box","Du-Vu Doll","Peace Pipe","Omamori","Art of War","Smiling Mask"],"card_choices":[{"not_picked":["Underhanded Strike","Dagger Spray"],"picked":"Backstab","floor":1},{"not_picked":["Riddle With Holes","Outmaneuver"],"picked":"Malaise","floor":2},{"not_picked":["Dodge and Roll","Bane"],"picked":"All Out Attack","floor":4},{"not_picked":["Calculated Gamble","Expertise"],"picked":"Dagger Throw","floor":6},{"not_picked":["Dodge and Roll","Underhanded Strike"],"picked":"Cloak And Dagger","floor":8},{"not_picked":["Bouncing Flask","Slice"],"picked":"After Image","floor":11},{"not_picked":["Bullet Time","Deadly Poison"],"picked":"Dagger Throw","floor":14},{"not_picked":["Unload","Night Terror"],"picked":"Die Die Die","floor":16},{"not_picked":["Deflect","Bane"],"picked":"Well Laid Plans","floor":19},{"not_picked":["Underhanded Strike","Bane"],"picked":"Finisher","floor":22},{"not_picked":["Footwork","Glass Knife"],"picked":"Distraction","floor":23},{"not_picked":["Underhanded Strike","Poisoned Stab"],"picked":"Infinite Blades","floor":25},{"not_picked":["Riddle With Holes","Backstab"],"picked":"Noxious Fumes","floor":26},{"not_picked":["Deflect","Deadly Poison"],"picked":"Sucker Punch","floor":27}],"player_experience":335955,"potions_floor_usage":[],"damage_taken":[{"damage":0,"enemies":"2 Louse","floor":1,"turns":3},{"damage":0,"enemies":"Cultist","floor":2,"turns":4},{"damage":6,"enemies":"Small Slimes","floor":4,"turns":5},{"damage":0,"enemies":"3 Louse","floor":5,"turns":3},{"damage":31,"enemies":"Gremlin Nob","floor":6,"turns":6},{"damage":2,"enemies":"The Mushroom Lair","floor":8,"turns":4},{"damage":8,"enemies":"Lagavulin","floor":10,"turns":7},{"damage":0,"enemies":"Blue Slaver","floor":11,"turns":3},{"damage":0,"enemies":"Red Slaver","floor":12,"turns":2},{"damage":2,"enemies":"3 Sentries","floor":14,"turns":8},{"damage":32,"enemies":"Slime Boss","floor":16,"turns":17},{"damage":14,"enemies":"2 Thieves","floor":18,"turns":3},{"damage":0,"enemies":"3 Byrds","floor":19,"turns":3},{"damage":7,"enemies":"Cultist and Chosen","floor":20,"turns":8},{"damage":12,"enemies":"Sentry and Sphere","floor":22,"turns":5},{"damage":8,"enemies":"Gremlin Leader","floor":23,"turns":6},{"damage":13,"enemies":"Slavers","floor":25,"turns":4},{"damage":4,"enemies":"Book of Stabbing","floor":27,"turns":5},{"damage":2,"enemies":"Snake Plant","floor":28,"turns":1}],"event_choices":[{"event_name":"Big Fish","player_choice":"Donut","floor":3,"damage_taken":0},{"event_name":"Mushrooms","player_choice":"Fought Mushrooms","floor":8,"damage_taken":0},{"event_name":"Cursed Tome","player_choice":"Ignored","floor":24,"damage_taken":0}],"boss_relics":[{"not_picked":["Runic Dome","Calling Bell"],"picked":"Pandora\u0027s Box"}],"potions_floor_spawned":[2,4,6,10,11,14,16,20,22,27],"seed_played":"7524946369077799859","killed_by":"Snake Plant","ascension_level":11,"is_trial":false}