{"gold_per_floor":[117,117,127,140,152,152,178,178,178,190,190,206,223,243,243,342,342,361,361,8,27,127,127,127],"floor_reached":24,"playtime":2131,"items_purged":["Strike_B"],"score":220,"play_id":"6abd93ae-a145-4cc9-8525-b37eb5541f08","local_time":"20190205215917","is_ascension_mode":true,"campfire_choices":[{"data":"Conserve Battery","floor":6,"key":"SMITH"},{"data":"Hologram","floor":8,"key":"SMITH"},{"data":"Echo Form","floor":11,"key":"SMITH"},{"floor":15,"key":"REST"}],"neow_cost":"NONE","seed_source_timestamp":177982302086163,"circlet_count":0,"master_deck":["Strike_B","Strike_B","Strike_B","Defend_B","Defend_B","Defend_B","Defend_B","Zap","Dualcast","Gash","Skim","Echo Form+1","Conserve Battery+1","Gash","BootSequence","Hologram+1","Machine Learning","Redo","FTL","Darkness","All For One","Gash","Turbo","Stack","Rebound","Self Repair+1","Necronomicurse"],"relics":["Cracked Core","Bag of Marbles","Meat on the Bone","Sundial","Eternal Feather","MutagenicStrength","ClockworkSouvenir","WingedGreaves","Frozen Egg 2","Necronomicon"],"potions_floor_usage":[7,7,22,24,24],"damage_taken":[{"damage":0,"enemies":"2 Louse","floor":1,"turns":2},{"damage":1,"enemies":"Cultist","floor":3,"turns":3},{"damage":7,"enemies":"Jaw Worm","floor":4,"turns":3},{"damage":5,"enemies":"2 Fungi Beasts","floor":5,"turns":3},{"damage":10,"enemies":"Gremlin Nob","floor":7,"turns":3},{"damage":1,"enemies":"Looter","floor":10,"turns":3},{"damage":6,"enemies":"Exordium Wildlife","floor":12,"turns":4},{"damage":20,"enemies":"Lots of Slimes","floor":13,"turns":3},{"damage":3,"enemies":"Large Slime","floor":14,"turns":6},{"damage":18,"enemies":"The Guardian","floor":16,"turns":8},{"damage":28,"enemies":"Chosen","floor":18,"turns":5},{"damage":21,"enemies":"Spheric Guardian","floor":21,"turns":4},{"damage":0,"enemies":"Colosseum Slavers","floor":22,"turns":3},{"damage":5,"enemies":"Colosseum Nobs","floor":22,"turns":4},{"damage":37,"enemies":"Gremlin Leader","floor":24,"turns":4}],"seed_played":"-8967783521760874473","potions_obtained":[{"floor":1,"key":"SteroidPotion"},{"floor":3,"key":"Ancient Potion"},{"floor":13,"key":"SteroidPotion"},{"floor":16,"key":"LiquidBronze"},{"floor":18,"key":"Swift Potion"},{"floor":22,"key":"Poison Potion"}],"is_trial":false,"path_per_floor":["M","?","M","M","M","R","E","R","T","M","R","M","M","M","R","B",null,"M","?","$","M","?","?","E"],"character_chosen":"DEFECT","items_purchased":["ClockworkSouvenir","Turbo","Stack"],"campfire_rested":1,"item_purchase_floors":[20,20,20],"current_hp_per_floor":[75,75,74,67,62,62,52,52,52,51,51,45,37,46,68,50,75,47,47,47,38,45,29,0],"gold":127,"neow_bonus":"RANDOM_COMMON_RELIC","is_prod":false,"is_daily":false,"chose_seed":false,"campfire_upgraded":3,"win_rate":0,"timestamp":1549400357,"path_taken":["M","?","M","M","M","R","E","R","T","M","R","M","M","?","R","BOSS","M","?","$","M","?","?","E"],"build_version":"2019-01-23","purchased_purges":1,"victory":false,"max_hp_per_floor":[75,75,75,75,75,75,75,75,75,75,75,75,75,75,75,75,75,75,75,75,75,75,75,75],"card_choices":[{"not_picked":["Go for the Eyes","Redo"],"picked":"Gash","floor":1},{"not_picked":["Go for the Eyes","Machine Learning"],"picked":"Conserve Battery","floor":3},{"not_picked":["Sweeping Beam","Turbo"],"picked":"Gash","floor":4},{"not_picked":["Reprogram","Streamline"],"picked":"BootSequence","floor":5},{"not_picked":["Go for the Eyes","Reprogram"],"picked":"Hologram","floor":7},{"not_picked":["Skim","Double Energy"],"picked":"Machine Learning","floor":10},{"not_picked":["Static Discharge","Force Field"],"picked":"Redo","floor":12},{"not_picked":["Capacitor","BootSequence"],"picked":"FTL","floor":13},{"not_picked":["Reinforced Body","Hologram"],"picked":"Darkness","floor":14},{"not_picked":["Meteor Strike","Fission"],"picked":"All For One","floor":16},{"not_picked":["Cold Snap","Sweeping Beam"],"picked":"Gash","floor":18},{"not_picked":["Barrage","Ball Lightning"],"picked":"Rebound","floor":21},{"not_picked":["Glacier","Conserve Battery"],"picked":"Self Repair","floor":22}],"player_experience":220536,"relics_obtained":[{"floor":7,"key":"Meat on the Bone"},{"floor":9,"key":"Sundial"},{"floor":22,"key":"WingedGreaves"},{"floor":22,"key":"Frozen Egg 2"},{"floor":23,"key":"Necronomicon"}],"event_choices":[{"damage_healed":0,"gold_gain":0,"player_choice":"2 cards matched","damage_taken":0,"max_hp_gain":0,"max_hp_loss":0,"event_name":"Match and Keep!","floor":2,"gold_loss":0,"cards_obtained":["Skim","Echo Form"]},{"damage_healed":0,"gold_gain":0,"player_choice":"Inject Mutagens","damage_taken":0,"relics_obtained":["MutagenicStrength"],"max_hp_gain":0,"max_hp_loss":0,"event_name":"Drug Dealer","floor":19,"gold_loss":0},{"damage_healed":0,"gold_gain":0,"player_choice":"Fight","damage_taken":0,"max_hp_gain":0,"max_hp_loss":0,"event_name":"Colosseum","floor":22,"gold_loss":0},{"damage_healed":0,"gold_gain":0,"player_choice":"Fought Nobs","damage_taken":0,"max_hp_gain":0,"max_hp_loss":0,"event_name":"Colosseum","floor":22,"gold_loss":0},{"damage_healed":0,"gold_gain":0,"player_choice":"Obtained Book","damage_taken":16,"max_hp_gain":0,"max_hp_loss":0,"event_name":"Cursed Tome","floor":23,"gold_loss":0}],"is_beta":false,"boss_relics":[{"not_picked":["Runic Pyramid","White Beast Statue"],"picked":"Eternal Feather"}],"items_purged_floors":[20],"is_endless":false,"potions_floor_spawned":[1,3,13,16,18,22],"killed_by":"Gremlin Leader","ascension_level":2}