{"path_per_floor":["M","?","$","$","M","E","M","R","T","M","R","?","?","M","R","B",null,"M","M","?"],"character_chosen":"IRONCLAD","items_purchased":["Armaments"],"gold_per_floor":[118,118,73,73,84,113,128,128,128,140,140,140,140,159,159,261,261,275,289,204],"floor_reached":21,"campfire_rested":0,"playtime":2008,"current_hp_per_floor":[72,72,72,72,72,57,62,62,62,55,55,72,72,72,72,49,72,66,13,13],"items_purged":[],"gold":204,"play_id":"c4f7cda0-b4cb-47e3-8c5a-fd5af00e3eca","is_prod":false,"is_daily":false,"campfire_rituals":0,"campfire_upgraded":3,"is_hardmode":false,"path_taken":["M","?","?","$","?","E","M","R","T","M","R","?","?","M","R","BOSS","M","M","?","M"],"build_version":"2018-01-11-PROD2","purchased_purges":0,"victory":false,"master_deck":["Strike_R","Strike_R","Strike_R","Strike_R","Defend_R","Defend_R","Defend_R","Defend_R","Bash","Demon Form","Burning Pact","Armaments","Metallicize","Bloodletting","Flex","Cleave","Seeing Red","Reaper","Ghostly Armor","Disarm"],"max_hp_per_floor":[72,72,72,72,72,72,72,72,72,72,72,72,72,72,72,72,72,72,72,72],"relics":["Burning Blood","Blue Candle","Ice Cream","Question Card","Juzu Bracelet"],"campfire_meditates":0,"card_choices":[{"not_picked":["Exhume","Barricade"],"picked":"Demon Form"},{"not_picked":["Havoc","Perfected Strike"],"picked":"Burning Pact"},{"not_picked":["Iron Wave","Offering"],"picked":"Metallicize"},{"not_picked":["Rage","Headbutt"],"picked":"Bloodletting"},{"not_picked":["Seeing Red","Warcry"],"picked":"Flex"},{"not_picked":["Clash","Pommel Strike"],"picked":"Cleave"},{"not_picked":["Intimidate","Warcry"],"picked":"Seeing Red"},{"not_picked":["Dark Embrace","Exhume"],"picked":"Reaper"},{"not_picked":["Pommel Strike","Shockwave","Twin Strike"],"picked":"Ghostly Armor"},{"not_picked":["Wild Strike","Anger","Sword Boomerang"],"picked":"Disarm"}],"player_experience":213734,"potions_floor_usage":[6,6,7,16,19],"damage_taken":[{"damage":6,"enemies":"Cultist","floor":1,"turns":4},{"damage":6,"enemies":"Blue Slaver","floor":5,"turns":5},{"damage":21,"enemies":"3 Sentries","floor":6,"turns":10},{"damage":1,"enemies":"2 Louse","floor":7,"turns":3},{"damage":13,"enemies":"Exordium Wildlife","floor":10,"turns":5},{"damage":5,"enemies":"Large Slime","floor":14,"turns":8},{"damage":29,"enemies":"The Guardian","floor":16,"turns":9},{"damage":27,"enemies":"Chosen","floor":18,"turns":8},{"damage":74,"enemies":"3 Byrds","floor":19,"turns":8},{"damage":15,"enemies":"Slaver and Parasite","floor":21,"turns":1}],"event_choices":[{"event_name":"The Lab","player_choice":"Got Potions","floor":2,"damage_taken":0},{"event_name":"Big Fish","player_choice":"Banana","floor":12,"damage_taken":0},{"event_name":"Bonfire Elementals","player_choice":"BASIC","floor":13,"damage_taken":0},{"event_name":"Addict","player_choice":"Obtained Relic","floor":20,"damage_taken":0}],"boss_relics":[{"not_picked":["Lizard Tail","Tiny House"],"picked":"Question Card"}],"potions_floor_spawned":[1,10,18],"seed_played":"-2877501876932425474","killed_by":"Slaver and Parasite","is_trial":false}