{"path_per_floor":["M","M","M","M","M","R","E","M","T","R","M","$","?","M","R","B",null,"M","?","?","M","M","E","R","E","T","M","R","?","M","M","R","B",null,"M","$","M","M","$","E","?","E","T","R","M","?","M","?","R","B"],"character_chosen":"THE_SILENT","items_purchased":["Oddly Smooth Stone","Accuracy","Footwork","Bottled Tornado"],"gold_per_floor":[112,127,147,167,186,186,218,229,308,308,325,107,107,125,125,230,230,243,243,243,261,275,306,306,338,338,354,354,354,372,386,386,487,487,500,421,434,452,199,232,232,266,266,266,283,283,298,0,0,0],"floor_reached":51,"campfire_rested":2,"playtime":4344,"current_hp_per_floor":[63,61,61,58,58,58,44,35,35,35,35,35,58,58,58,51,65,59,43,30,30,27,23,23,23,23,19,42,42,43,37,37,35,68,68,68,58,60,60,57,57,57,63,63,65,55,53,53,80,52],"items_purged":[],"gold":0,"score":1034,"play_id":"7881fae5-32ca-4196-8820-bf94a39b7bc3","local_time":"20180415003625","is_prod":false,"is_daily":false,"chose_seed":false,"is_ascension_mode":true,"campfire_upgraded":6,"timestamp":1523745385,"path_taken":["M","M","M","M","M","R","E","M","T","R","M","$","?","M","R","BOSS","M","?","?","M","M","E","R","E","T","?","R","?","M","M","R","BOSS","M","$","M","?","$","E","?","E","T","R","M","?","?","?","R","BOSS"],"build_version":"2018-04-12","seed_source_timestamp":229738585265302,"purchased_purges":1,"victory":true,"master_deck":["Survivor","Neutralize","Deflect","Cloak And Dagger+1","Flying Knee","Expertise","Deflect","Dagger Spray","Malaise+1","Blade Dance+1","Outmaneuver","Cloak And Dagger","Backstab","Endless Agony","Finisher+1","Leg Sweep","Sucker Punch","Flying Knee","Accuracy+1","Noxious Fumes+1","Glass Knife","Leg Sweep+1","Malaise","Caltrops+1","Backflip","Burst+1","Cloak And Dagger+1","Tools of the Trade","Backflip+1","Footwork","Catalyst+1","After Image+1","Injury","Sadistic Nature+1","Mind Blast","Flash of Steel","Terror+1"],"max_hp_per_floor":[70,70,70,70,70,70,70,70,70,70,70,70,70,70,70,70,70,70,70,75,75,75,75,75,77,77,77,77,77,79,79,79,79,79,79,79,81,83,83,83,83,83,89,89,91,91,91,91,91,91],"relics":["Pandora\u0027s Box","Calipers","Ninja Scroll","Oddly Smooth Stone","Cursed Key","Enchiridion","Singing Bowl","Bottled Flame","Black Star","Bottled Tornado","Frozen Egg 2","Darkstone Periapt","Centennial Puzzle","Toolbox","Thread and Needle","Red Mask"],"card_choices":[{"not_picked":["Outmaneuver","Dagger Throw"],"picked":"Cloak And Dagger","floor":1},{"not_picked":["Dagger Throw","Sucker Punch"],"picked":"Backstab","floor":2},{"not_picked":["Dagger Spray","Concentrate"],"picked":"Endless Agony","floor":3},{"not_picked":["Eviscerate","Heel Hook"],"picked":"Finisher","floor":5},{"not_picked":["Calculated Gamble","Dagger Throw"],"picked":"Leg Sweep","floor":7},{"not_picked":["Deflect","Underhanded Strike"],"picked":"Sucker Punch","floor":8},{"not_picked":["Deflect","Finisher"],"picked":"Flying Knee","floor":11},{"not_picked":["Heel Hook","Acrobatics"],"picked":"Noxious Fumes","floor":14},{"not_picked":["Corpse Explosion","Tactician"],"picked":"Glass Knife","floor":16},{"not_picked":["Quick Slash","Deadly Poison"],"picked":"Leg Sweep","floor":18},{"not_picked":["Bane","Skewer"],"picked":"Malaise","floor":21},{"not_picked":["Endless Agony","Well Laid Plans"],"picked":"Caltrops","floor":22},{"not_picked":["Expertise","Bane"],"picked":"Backflip","floor":23},{"not_picked":["Concentrate","Acrobatics"],"picked":"Burst","floor":27},{"not_picked":["Noxious Fumes","Dagger Spray"],"picked":"Cloak And Dagger","floor":31},{"not_picked":["Glass Knife","Bullet Time"],"picked":"Tools of the Trade","floor":33},{"not_picked":["Calculated Gamble","Blade Dance"],"picked":"Backflip","floor":35},{"not_picked":["Deflect","Acrobatics"],"picked":"Catalyst","floor":40},{"not_picked":["Underhanded Strike","Prepared"],"picked":"After Image","floor":42},{"not_picked":["Finesse","Madness"],"picked":"Sadistic Nature","floor":46},{"not_picked":["Dark Shackles","Blind"],"picked":"Mind Blast","floor":46},{"not_picked":["Purity","Good Instincts"],"picked":"Flash of Steel","floor":46},{"not_picked":["Bouncing Flask","Deflect"],"picked":"Terror","floor":47}],"player_experience":293929,"potions_floor_usage":[23,27,33,33,40,42,42],"damage_taken":[{"damage":0,"enemies":"2 Louse","floor":1,"turns":4},{"damage":2,"enemies":"Jaw Worm","floor":2,"turns":4},{"damage":0,"enemies":"Small Slimes","floor":3,"turns":3},{"damage":3,"enemies":"Red Slaver","floor":4,"turns":2},{"damage":0,"enemies":"Exordium Wildlife","floor":5,"turns":4},{"damage":14,"enemies":"Lagavulin","floor":7,"turns":5},{"damage":9,"enemies":"Exordium Thugs","floor":8,"turns":5},{"damage":0,"enemies":"3 Louse","floor":11,"turns":2},{"damage":0,"enemies":"Lots of Slimes","floor":14,"turns":3},{"damage":7,"enemies":"Hexaghost","floor":16,"turns":9},{"damage":6,"enemies":"2 Thieves","floor":18,"turns":4},{"damage":0,"enemies":"3 Byrds","floor":21,"turns":3},{"damage":3,"enemies":"Sentry and Sphere","floor":22,"turns":6},{"damage":4,"enemies":"Gremlin Leader","floor":23,"turns":9},{"damage":2,"enemies":"Slavers","floor":25,"turns":6},{"damage":4,"enemies":"Slaver and Parasite","floor":27,"turns":4},{"damage":1,"enemies":"3 Cultists","floor":30,"turns":5},{"damage":6,"enemies":"Centurion and Healer","floor":31,"turns":5},{"damage":17,"enemies":"Collector","floor":33,"turns":8},{"damage":0,"enemies":"3 Shapes","floor":35,"turns":2},{"damage":12,"enemies":"3 Darklings","floor":37,"turns":6},{"damage":0,"enemies":"Maw","floor":38,"turns":9},{"damage":3,"enemies":"Giant Head","floor":40,"turns":9},{"damage":15,"enemies":"Nemesis","floor":42,"turns":7},{"damage":0,"enemies":"Sphere and 2 Shapes","floor":45,"turns":6},{"damage":2,"enemies":"4 Shapes","floor":47,"turns":4},{"damage":28,"enemies":"Time Eater","floor":50,"turns":12}],"event_choices":[{"event_name":"Big Fish","player_choice":"Banana","floor":13,"damage_taken":0},{"event_name":"Cursed Tome","player_choice":"Obtained Book","floor":19,"damage_taken":0},{"event_name":"Forgotten Altar","player_choice":"Shed Blood","floor":20,"damage_taken":0},{"event_name":"Wheel of Change","player_choice":"Card Removal","floor":29,"damage_taken":0},{"event_name":"Accursed Blacksmith","player_choice":"Forge","floor":41,"damage_taken":0},{"event_name":"SensoryStone","player_choice":"Memory 3","floor":46,"damage_taken":0},{"event_name":"Tomb of Lord Red Mask","player_choice":"Paid","floor":48,"damage_taken":0}],"boss_relics":[{"not_picked":["Lizard Tail","Runic Dome"],"picked":"Cursed Key"},{"not_picked":["Snecko Eye","Sozu"],"picked":"Black Star"}],"potions_floor_spawned":[2,7,8,16,21,22,25,30,33,37,38,42],"seed_played":"7111945910479177879","ascension_level":8,"is_trial":false}