{"gold_per_floor":[113,126,137,154,154,181,191,191,191,205,40,115,43,43],"floor_reached":14,"playtime":559,"items_purged":["Strike_B"],"score":92,"play_id":"8d70e0aa-0390-4228-9472-58eae1744398","local_time":"20181206203400","is_ascension_mode":false,"campfire_choices":[{"floor":8,"key":"REST"}],"neow_cost":"TEN_PERCENT_HP_LOSS","seed_source_timestamp":876064636489128,"circlet_count":0,"master_deck":["Strike_B","Strike_B","Strike_B","Defend_B","Defend_B","Defend_B","Defend_B","Zap","Dualcast","Creative AI","Streamline","Coolheaded","Loop","Cold Snap","Recycle+1","Consume+1","Sweeping Beam","Self Repair","Ball Lightning","Defragment"],"relics":["Cracked Core","Toxic Egg 2","Centennial Puzzle"],"potions_floor_usage":[6,14],"damage_taken":[{"damage":6,"enemies":"2 Louse","floor":1,"turns":2},{"damage":0,"enemies":"Small Slimes","floor":2,"turns":3},{"damage":3,"enemies":"Cultist","floor":3,"turns":5},{"damage":8,"enemies":"Looter","floor":4,"turns":4},{"damage":24,"enemies":"3 Sentries","floor":6,"turns":11},{"damage":11,"enemies":"Large Slime","floor":7,"turns":7},{"damage":13,"enemies":"3 Louse","floor":10,"turns":3},{"damage":8,"enemies":"Gremlin Gang","floor":14,"turns":2}],"seed_played":"-7653325043704783095","potions_obtained":[{"floor":4,"key":"Fire Potion"},{"floor":7,"key":"Ancient Potion"},{"floor":10,"key":"SpeedPotion"}],"is_trial":false,"path_per_floor":["M","M","M","M","?","E","M","R","T","M","$","?","$","M"],"character_chosen":"DEFECT","items_purchased":["Self Repair","Ball Lightning","Defragment"],"campfire_rested":1,"item_purchase_floors":[11,11,13],"current_hp_per_floor":[62,62,59,51,39,15,4,24,24,11,11,5,5,0],"gold":43,"neow_bonus":"THREE_RARE_CARDS","is_prod":false,"is_daily":false,"chose_seed":false,"campfire_upgraded":0,"win_rate":0,"timestamp":1544150040,"path_taken":["M","M","M","M","?","E","M","R","T","M","$","?","$","?"],"build_version":"2018-12-06","purchased_purges":1,"victory":false,"max_hp_per_floor":[68,68,68,68,68,68,68,68,68,68,68,68,68,68],"card_choices":[{"not_picked":["Reboot","Amplify"],"picked":"Creative AI","floor":0},{"not_picked":["Hologram","Doom and Gloom"],"picked":"Streamline","floor":1},{"not_picked":["Sweeping Beam","Undo"],"picked":"Coolheaded","floor":2},{"not_picked":["White Noise","Doom and Gloom"],"picked":"Loop","floor":3},{"not_picked":["Steam","Gash"],"picked":"Cold Snap","floor":4},{"not_picked":["Meteor Strike","Rebound"],"picked":"Recycle+1","floor":6},{"not_picked":["Recycle+1","Melter"],"picked":"Consume+1","floor":7},{"not_picked":["Fusion+1","Doom and Gloom"],"picked":"Sweeping Beam","floor":10}],"player_experience":253691,"relics_obtained":[{"floor":6,"key":"Centennial Puzzle"}],"event_choices":[{"damage_healed":0,"gold_gain":0,"player_choice":"Success","damage_taken":12,"relics_obtained":["Toxic Egg 2"],"max_hp_gain":0,"max_hp_loss":0,"event_name":"Scrap Ooze","floor":5,"gold_loss":0},{"damage_healed":0,"gold_gain":75,"player_choice":"Touch","damage_taken":6,"max_hp_gain":0,"max_hp_loss":0,"event_name":"FaceTrader","floor":12,"gold_loss":0}],"is_beta":false,"boss_relics":[],"items_purged_floors":[11],"is_endless":false,"potions_floor_spawned":[4,7,10],"killed_by":"Gremlin Gang","ascension_level":0}