{"gold_per_floor":[115,134,150,130,55,55,87,99,183,213,255,267,279,321,333,345],"floor_reached":16,"playtime":500,"items_purged":["Strike_R"],"score":140,"play_id":"2b9761ae-ce0b-4edb-b76f-089825e01f7d","local_time":"20181125173458","is_ascension_mode":true,"campfire_choices":[{"floor":6,"key":"RECALL"},{"data":"Immolate","floor":8,"key":"SMITH"},{"data":"Pommel Strike","floor":15,"key":"SMITH"}],"neow_cost":"NONE","seed_source_timestamp":1016241242865442,"circlet_count":0,"master_deck":["Strike_R","Strike_R","Strike_R","Strike_R","Defend_R","Defend_R","Defend_R","Defend_R","Bash","Immolate+1","Iron Wave","Battle Trance","Pommel Strike+1","Iron Wave"],"relics":["Burning Blood","MawBank","Orichalcum","Golden Idol","Dodecahedron","Oddly Smooth Stone"],"potions_floor_usage":[7,7,11,11,16],"damage_taken":[{"damage":0,"enemies":"2 Louse","floor":1,"turns":2},{"damage":1,"enemies":"Cultist","floor":2,"turns":3},{"damage":5,"enemies":"Small Slimes","floor":3,"turns":4},{"damage":34,"enemies":"Lagavulin","floor":7,"turns":7},{"damage":0,"enemies":"3 Louse","floor":10,"turns":1},{"damage":22,"enemies":"Gremlin Nob","floor":11,"turns":4},{"damage":26,"enemies":"The Guardian","floor":16,"turns":9}],"seed_played":"-3943537504669834082","potions_obtained":[{"floor":2,"key":"Dexterity Potion"},{"floor":3,"key":"SkillPotion"},{"floor":4,"key":"SteroidPotion"},{"floor":10,"key":"Poison Potion"},{"floor":11,"key":"Weak Potion"}],"is_trial":false,"path_per_floor":["M","M","M","?","$","R","E","R","T","M","E","?","?","?","R","B"],"character_chosen":"IRONCLAD","items_purchased":[],"campfire_rested":0,"item_purchase_floors":[],"current_hp_per_floor":[78,80,80,80,80,80,52,52,52,58,42,42,24,24,24,0],"gold":345,"neow_bonus":"ONE_RANDOM_RARE_CARD","is_prod":false,"is_daily":false,"chose_seed":false,"campfire_upgraded":2,"win_rate":0,"timestamp":1543188898,"path_taken":["M","M","M","?","?","R","E","R","T","M","E","?","?","?","R","BOSS"],"build_version":"2018-11-15","purchased_purges":1,"victory":false,"max_hp_per_floor":[80,80,80,80,80,80,80,80,80,80,80,74,74,74,74,74],"card_choices":[{"not_picked":["Clash","Wild Strike"],"picked":"Iron Wave","floor":1},{"not_picked":["Sentinel","Wild Strike","Sword Boomerang"],"picked":"SKIP","floor":2},{"not_picked":["Fire Breathing","Perfected Strike"],"picked":"Battle Trance","floor":3},{"not_picked":["Flex","Thunderclap","Fiend Fire"],"picked":"SKIP","floor":7},{"not_picked":["Fire Breathing","Cleave"],"picked":"Pommel Strike","floor":10},{"not_picked":["Havoc","Sword Boomerang"],"picked":"Iron Wave","floor":11}],"player_experience":228648,"relics_obtained":[{"floor":7,"key":"MawBank"},{"floor":11,"key":"Orichalcum"}],"event_choices":[{"damage_healed":0,"gold_gain":0,"player_choice":"Bought 1 Potion","damage_taken":0,"max_hp_gain":0,"max_hp_loss":0,"event_name":"The Woman in Blue","floor":4,"gold_loss":0},{"damage_healed":0,"gold_gain":0,"player_choice":"Lose Max HP","damage_taken":0,"relics_obtained":["Golden Idol"],"max_hp_gain":0,"max_hp_loss":6,"event_name":"Golden Idol","floor":12,"gold_loss":0},{"damage_healed":0,"gold_gain":0,"player_choice":"Success","damage_taken":18,"relics_obtained":["Dodecahedron"],"max_hp_gain":0,"max_hp_loss":0,"event_name":"Scrap Ooze","floor":13,"gold_loss":0},{"damage_healed":0,"gold_gain":30,"player_choice":"Searched \u00272\u0027 times","damage_taken":0,"relics_obtained":["Oddly Smooth Stone"],"max_hp_gain":0,"max_hp_loss":0,"event_name":"Dead Adventurer","floor":14,"gold_loss":0}],"is_beta":false,"boss_relics":[],"items_purged_floors":[5],"is_endless":false,"potions_floor_spawned":[2,3,10,11],"killed_by":"The Guardian","ascension_level":6}