{"gold_per_floor":[10,10,20,20,36,62,62,91,91,124,149,149,160,219,219,324,324,342,257,107,125,136,164,176,176,200,210,59,59,71,105,105,204,204,218,218,218,229,246,273,288,288,288,288,314,17,43,53,53,53,53,53,1,28,28],"floor_reached":55,"playtime":33788,"items_purged":["Strike_B","Strike_B"],"score":1088,"play_id":"d1198291-13bc-4b94-bffd-9721a4aafc50","local_time":"20190208215649","is_ascension_mode":true,"campfire_choices":[{"floor":7,"key":"REST"},{"data":"Dualcast","floor":12,"key":"SMITH"},{"floor":15,"key":"REST"},{"floor":25,"key":"REST"},{"floor":29,"key":"RECALL"},{"floor":32,"key":"REST"},{"floor":44,"key":"REST"},{"floor":49,"key":"REST"},{"floor":52,"key":"REST"}],"neow_cost":"NO_GOLD","seed_source_timestamp":1414277443777706,"circlet_count":0,"master_deck":["Strike_B","Strike_B","Defend_B","Defend_B+1","Defend_B","Defend_B","Zap+1","Dualcast+1","Streamline","Go for the Eyes","Glacier","Steam","Scrape","Ball Lightning","Hologram","Echo Form","Consume","Chill","Conserve Battery","Self Repair+1","Streamline+1","Conserve Battery","FTL","Cold Snap","Thunder Strike","BootSequence","Capacitor","Conserve Battery","Go for the Eyes+1","Steam","BootSequence+1","Echo Form","Madness","Madness","Ball Lightning+1","Flash of Steel","Defragment","Consume+1","Stack"],"relics":["Cracked Core","WingedGreaves","Unceasing Top","Mercury Hourglass","Pantograph","Pear","Centennial Puzzle","StoneCalendar","Fusion Hammer","Oddly Smooth Stone","Ancient Tea Set","Orichalcum","Calipers","Orrery","Potion Belt","Prayer Wheel","Cauldron","PreservedInsect","Pen Nib"],"potions_floor_usage":[6,11,16,23,33,33,39,40,47,50,54,55,55],"damage_taken":[{"damage":6,"enemies":"Small Slimes","floor":1,"turns":3},{"damage":3,"enemies":"2 Louse","floor":3,"turns":2},{"damage":0,"enemies":"Jaw Worm","floor":5,"turns":3},{"damage":18,"enemies":"Gremlin Nob","floor":6,"turns":4},{"damage":6,"enemies":"Lagavulin","floor":8,"turns":5},{"damage":16,"enemies":"Gremlin Nob","floor":10,"turns":4},{"damage":3,"enemies":"3 Sentries","floor":11,"turns":5},{"damage":8,"enemies":"Looter","floor":13,"turns":2},{"damage":1,"enemies":"Slime Boss","floor":16,"turns":7},{"damage":8,"enemies":"2 Thieves","floor":18,"turns":3},{"damage":6,"enemies":"Shell Parasite","floor":21,"turns":5},{"damage":26,"enemies":"Snake Plant","floor":22,"turns":3},{"damage":10,"enemies":"Book of Stabbing","floor":23,"turns":6},{"damage":6,"enemies":"Cultist and Chosen","floor":24,"turns":6},{"damage":5,"enemies":"Centurion and Healer","floor":27,"turns":6},{"damage":0,"enemies":"Snake Plant","floor":30,"turns":3},{"damage":0,"enemies":"Gremlin Leader","floor":31,"turns":7},{"damage":0,"enemies":"Champ","floor":33,"turns":8},{"damage":18,"enemies":"3 Darklings","floor":35,"turns":7},{"damage":8,"enemies":"Orb Walker","floor":38,"turns":4},{"damage":6,"enemies":"4 Shapes","floor":39,"turns":7},{"damage":39,"enemies":"Giant Head","floor":40,"turns":11},{"damage":20,"enemies":"Spire Growth","floor":41,"turns":7},{"damage":6,"enemies":"Nemesis","floor":45,"turns":8},{"damage":4,"enemies":"Giant Head","floor":47,"turns":8},{"damage":8,"enemies":"Jaw Worm Horde","floor":48,"turns":6},{"damage":44,"enemies":"Donu and Deca","floor":50,"turns":10},{"damage":70,"enemies":"Shield and Spear","floor":54,"turns":8},{"damage":59,"enemies":"The Heart","floor":55,"turns":2}],"seed_played":"7852819509803236618","potions_obtained":[{"floor":5,"key":"Weak Potion"},{"floor":8,"key":"SkillPotion"},{"floor":10,"key":"AttackPotion"},{"floor":13,"key":"SpeedPotion"},{"floor":18,"key":"PowerPotion"},{"floor":24,"key":"SkillPotion"},{"floor":30,"key":"Ancient Potion"},{"floor":33,"key":"Poison Potion"},{"floor":35,"key":"Regen Potion"},{"floor":40,"key":"FearPotion"},{"floor":46,"key":"LiquidBronze"},{"floor":46,"key":"Energy Potion"},{"floor":46,"key":"FearPotion"},{"floor":47,"key":"EssenceOfSteel"}],"is_trial":false,"path_per_floor":["M","?","M","?","M","E","R","E","T","E","E","R","M","?","R","B",null,"M","?","$","M","M","E","M","R","T","M","$","R","M","E","R","B",null,"M","?","?","M","M","E","M","?","T","R","E","$","E","M","R","B",null,"R","$","E","B"],"character_chosen":"DEFECT","items_purchased":["Consume","SteroidPotion","Cauldron","Flash of Steel","Dexterity Potion"],"campfire_rested":7,"item_purchase_floors":[20,28,46,46,53],"current_hp_per_floor":[69,66,63,48,48,30,52,46,56,40,37,37,29,29,54,78,83,75,75,75,69,43,33,47,72,72,77,77,77,77,85,85,85,85,77,77,77,69,73,58,58,47,47,72,85,85,85,85,85,51,77,85,85,25,0],"gold":28,"neow_bonus":"ONE_RARE_RELIC","is_prod":false,"is_daily":false,"chose_seed":false,"campfire_upgraded":1,"win_rate":0,"timestamp":1549681009,"path_taken":["M","?","M","?","M","E","R","E","T","E","E","R","M","?","R","BOSS","M","?","$","M","M","E","M","R","T","M","$","R","M","E","R","BOSS","M","?","?","M","M","E","M","?","T","R","E","$","E","M","R","BOSS","R","$","E","BOSS"],"build_version":"2019-01-23","purchased_purges":2,"victory":false,"max_hp_per_floor":[75,75,75,75,75,75,75,75,85,85,85,85,85,85,85,85,85,85,85,85,85,85,85,85,85,85,85,85,85,85,85,85,85,85,85,85,85,85,85,85,85,85,85,85,85,85,85,85,85,85,85,85,85,85,85],"card_choices":[{"not_picked":["Undo","Redo"],"picked":"Streamline","floor":1},{"not_picked":["Gash","Reinforced Body"],"picked":"Go for the Eyes","floor":3},{"not_picked":["Redo","Capacitor"],"picked":"Glacier","floor":5},{"not_picked":["Turbo","Gash"],"picked":"Steam","floor":6},{"not_picked":["Leap","Gash"],"picked":"Scrape","floor":8},{"not_picked":["Leap","Compile Driver"],"picked":"Ball Lightning","floor":10},{"not_picked":["Rebound","Hello World"],"picked":"Hologram","floor":11},{"not_picked":["Streamline","Turbo","Reprogram"],"picked":"SKIP","floor":13},{"not_picked":["Core Surge","Meteor Strike"],"picked":"Echo Form","floor":16},{"not_picked":["Stack","Streamline","Gash"],"picked":"SKIP","floor":18},{"not_picked":["Stack","Coolheaded"],"picked":"Chill","floor":21},{"not_picked":["Gash","Tempest"],"picked":"Conserve Battery","floor":22},{"not_picked":["Hologram","Go for the Eyes"],"picked":"Self Repair+1","floor":23},{"not_picked":["Multi-Cast","Turbo"],"picked":"Streamline+1","floor":24},{"not_picked":["Redo","Beam Cell"],"picked":"Conserve Battery","floor":27},{"not_picked":["Barrage+1","Compile Driver"],"picked":"FTL","floor":30},{"not_picked":["Tempest","Reprogram+1"],"picked":"Cold Snap","floor":31},{"not_picked":["All For One","Buffer"],"picked":"Thunder Strike","floor":33},{"not_picked":["Hello World+1","Cold Snap"],"picked":"Loop","floor":34},{"not_picked":["Hello World","Hologram"],"picked":"BootSequence","floor":34},{"not_picked":["Cold Snap","Steam"],"picked":"Capacitor","floor":34},{"not_picked":["Rebound","Turbo"],"picked":"Conserve Battery","floor":34},{"not_picked":["Turbo","Barrage+1"],"picked":"Go for the Eyes+1","floor":35},{"not_picked":["Glacier+1","Stack"],"picked":"Steam","floor":38},{"not_picked":["Beam Cell","Force Field"],"picked":"BootSequence+1","floor":39},{"not_picked":["Compile Driver+1","FTL"],"picked":"Echo Form","floor":40},{"not_picked":["Compile Driver+1","Coolheaded+1","Beam Cell"],"picked":"SKIP","floor":41},{"not_picked":["Leap","Go for the Eyes"],"picked":"Ball Lightning+1","floor":45},{"not_picked":["Genetic Algorithm","Storm","Skim"],"picked":"SKIP","floor":47},{"not_picked":["Beam Cell+1","Chill"],"picked":"Defragment","floor":48},{"not_picked":["Coolheaded","Conserve Battery"],"picked":"Consume+1","floor":48},{"not_picked":["Buffer","Rip and Tear+1"],"picked":"Stack","floor":54}],"player_experience":1503881,"relics_obtained":[{"floor":6,"key":"Mercury Hourglass"},{"floor":8,"key":"Pantograph"},{"floor":9,"key":"Pear"},{"floor":10,"key":"Centennial Puzzle"},{"floor":11,"key":"StoneCalendar"},{"floor":23,"key":"Ancient Tea Set"},{"floor":26,"key":"Orichalcum"},{"floor":31,"key":"Calipers"},{"floor":40,"key":"Potion Belt"},{"floor":45,"key":"Prayer Wheel"},{"floor":47,"key":"PreservedInsect"},{"floor":54,"key":"Pen Nib"}],"event_choices":[{"damage_healed":0,"gold_gain":0,"player_choice":"Success","damage_taken":3,"relics_obtained":["Unceasing Top"],"max_hp_gain":0,"max_hp_loss":0,"event_name":"Scrap Ooze","floor":2,"gold_loss":0},{"damage_healed":0,"gold_gain":0,"player_choice":"Entered Light","damage_taken":15,"max_hp_gain":0,"max_hp_loss":0,"event_name":"Shining Light","floor":4,"gold_loss":0,"cards_upgraded":["Zap","Defend_B"]},{"damage_healed":0,"gold_gain":59,"player_choice":"Gained Gold","damage_taken":0,"max_hp_gain":0,"max_hp_loss":0,"event_name":"Golden Wing","floor":14,"gold_loss":0},{"damage_healed":0,"gold_gain":0,"player_choice":"Obtained Relic","damage_taken":0,"relics_obtained":["Oddly Smooth Stone"],"max_hp_gain":0,"max_hp_loss":0,"event_name":"Addict","floor":19,"gold_loss":85},{"cards_removed":["Loop"],"damage_healed":0,"gold_gain":0,"player_choice":"Removed Power","damage_taken":0,"max_hp_gain":0,"max_hp_loss":0,"event_name":"Falling","floor":36,"gold_loss":0},{"damage_healed":0,"gold_gain":0,"player_choice":"Ignored","damage_taken":0,"max_hp_gain":0,"max_hp_loss":0,"event_name":"Mysterious Sphere","floor":37,"gold_loss":0},{"damage_healed":0,"gold_gain":0,"player_choice":"Embrace Madness","damage_taken":11,"max_hp_gain":0,"max_hp_loss":0,"event_name":"Winding Halls","floor":42,"gold_loss":0,"cards_obtained":["Madness","Madness"]}],"is_beta":false,"boss_relics":[{"not_picked":["Calling Bell","Runic Dome"],"picked":"Fusion Hammer"},{"not_picked":["Busted Crown","White Beast Statue"],"picked":"Orrery"}],"items_purged_floors":[20,28],"is_endless":false,"potions_floor_spawned":[5,8,10,13,18,24,30,33,35,40,47],"killed_by":"The Heart","ascension_level":5}