{"gold_per_floor":[110,110,121,71,120,148,148,148,227,242,261,261,17,36,36,167,167,186,186,44,64,15,15,49,49,49,49,49,64,64,64,64,184,184,203,218,241,273,285,297,4,4,56,56,69,69,96,120,120,120],"floor_reached":51,"playtime":1278,"items_purged":["Strike_B","Regret"],"score":661,"play_id":"1af997e0-33f5-4619-8220-240357b01235","local_time":"20190308061818","is_ascension_mode":false,"campfire_choices":[{"data":"Zap","floor":7.0,"key":"SMITH"},{"data":"Chaos","floor":12.0,"key":"SMITH"},{"data":"Dualcast","floor":15.0,"key":"SMITH"},{"data":"Glacier","floor":23.0,"key":"SMITH"},{"data":"Self Repair","floor":25.0,"key":"SMITH"},{"data":"Defend_B","floor":28.0,"key":"SMITH"},{"data":"Defend_B","floor":32.0,"key":"SMITH"},{"data":"Biased Cognition","floor":40.0,"key":"SMITH"},{"data":"Ball Lightning","floor":42.0,"key":"SMITH"},{"data":"Ball Lightning","floor":44.0,"key":"SMITH"},{"data":"Cold Snap","floor":46.0,"key":"SMITH"},{"data":"Defend_B","floor":49,"key":"SMITH"}],"neow_cost":"NONE","seed_source_timestamp":31456975809859,"circlet_count":0,"master_deck":["Strike_B","Defend_B","Defend_B+1","Defend_B+1","Defend_B+1","Zap+1","Dualcast+1","Ball Lightning+1","Cold Snap+1","Chaos+1","Glacier+1","Self Repair+1","Ball Lightning+1","Reboot+1","Hologram+1","Echo Form","Hello World+1","Leap+1","Darkness+1","Reinforced Body+1","Biased Cognition+1","Chaos+1","Redo+1","Glacier+1","Injury","Compile Driver+1","Clumsy","Multi-Cast+1"],"special_seed":0,"relics":["Cracked Core","Boot","Art of War","Ancient Tea Set","Golden Idol","Tiny Chest","Toxic Egg 2","Inserter","Molten Egg 2","Pantograph","Cursed Key","MawBank","ClockworkSouvenir","Bag of Preparation","Vajra"],"potions_floor_usage":[50,50],"damage_taken":[{"damage":5.0,"enemies":"Small Slimes","floor":1.0,"turns":4.0},{"damage":1.0,"enemies":"Jaw Worm","floor":3.0,"turns":3.0},{"damage":12.0,"enemies":"Gremlin Nob","floor":6.0,"turns":3.0},{"damage":0.0,"enemies":"2 Louse","floor":10.0,"turns":2.0},{"damage":0.0,"enemies":"Blue Slaver","floor":11.0,"turns":3.0},{"damage":0.0,"enemies":"3 Louse","floor":14.0,"turns":2.0},{"damage":16.0,"enemies":"Slime Boss","floor":16.0,"turns":10.0},{"damage":0.0,"enemies":"Chosen","floor":18.0,"turns":4.0},{"damage":12.0,"enemies":"Shell Parasite","floor":21.0,"turns":4.0},{"damage":23.0,"enemies":"Book of Stabbing","floor":24.0,"turns":5.0},{"damage":19.0,"enemies":"Snake Plant","floor":29.0,"turns":3.0},{"damage":57.0,"enemies":"Automaton","floor":33.0,"turns":12.0},{"damage":0.0,"enemies":"Orb Walker","floor":35.0,"turns":4.0},{"damage":16.0,"enemies":"3 Darklings","floor":36.0,"turns":6.0},{"damage":17.0,"enemies":"4 Shapes","floor":38.0,"turns":4.0},{"damage":17.0,"enemies":"Sphere and 2 Shapes","floor":45.0,"turns":4.0},{"damage":18.0,"enemies":"Maw","floor":48.0,"turns":5.0},{"damage":22,"enemies":"Time Eater","floor":50,"turns":9}],"seed_played":"903159195080018502","potions_obtained":[{"floor":3.0,"key":"AttackPotion"},{"floor":6.0,"key":"Poison Potion"},{"floor":10.0,"key":"AttackPotion"},{"floor":18.0,"key":"AttackPotion"},{"floor":29.0,"key":"GamblersBrew"},{"floor":31.0,"key":"Swift Potion"},{"floor":31.0,"key":"Regen Potion"},{"floor":33.0,"key":"AttackPotion"},{"floor":36.0,"key":"LiquidBronze"},{"floor":45.0,"key":"Ancient Potion"}],"is_trial":false,"path_per_floor":["M","?","M","?","T","E","R","?","T","M","M","R","$","M","R","B",null,"M","?","$","M","$","R","E","R","T","?","R","M","$","?","R","B",null,"M","M","T","M","?","R","$","R","T","R","M","R","T","M","R","B",null],"character_chosen":"DEFECT","items_purchased":["Toxic Egg 2","Echo Form","Leap+1","ClockworkSouvenir"],"campfire_rested":0,"item_purchase_floors":[13,20,22,41],"current_hp_per_floor":[70,75,74,74,74,62,62,62,62,62,62,62,62,62,62,53,74,74,74,74,62,62,62,53,53,53,53,53,34,34,34,34,27,74,74,74,74,57,57,57,57,57,57,57,60,60,60,52,52,62],"gold":120,"neow_bonus":"RANDOM_COMMON_RELIC","is_prod":false,"is_daily":false,"chose_seed":false,"campfire_upgraded":12,"win_rate":0,"timestamp":1552047498,"path_taken":["M","?","M","?","?","E","R","?","T","?","M","R","$","M","R","BOSS","M","?","$","M","?","R","E","R","T","?","R","M","?","?","R","BOSS","M","M","?","M","?","R","$","R","T","R","M","R","?","M","R","BOSS"],"build_version":"2019-01-23","purchased_purges":2,"victory":true,"max_hp_per_floor":[75,80,80,80,80,80,80,74,74,74,74,74,74,74,74,74,74,74,74,74,74,74,74,74,74,74,74,74,74,74,74,74,74,74,74,74,74,74,74,74,74,74,74,74,74,74,74,74,74,74],"card_choices":[{"not_picked":["Coolheaded","Beam Cell"],"picked":"Ball Lightning","floor":1.0},{"not_picked":["Stack","Barrage"],"picked":"Cold Snap","floor":3.0},{"not_picked":["Recycle","Chill"],"picked":"Chaos","floor":6.0},{"not_picked":["Sweeping Beam","Reprogram"],"picked":"Glacier","floor":10.0},{"not_picked":["Melter","Doom and Gloom"],"picked":"Self Repair","floor":11.0},{"not_picked":["Beam Cell","Stack+1"],"picked":"Ball Lightning","floor":14.0},{"not_picked":["Amplify+1","Creative AI"],"picked":"Reboot+1","floor":16.0},{"not_picked":["Rebound","Beam Cell+1"],"picked":"Hologram+1","floor":18.0},{"not_picked":["Sweeping Beam","Barrage"],"picked":"Hello World+1","floor":21.0},{"not_picked":["Rip and Tear","Cold Snap"],"picked":"Darkness+1","floor":24.0},{"not_picked":["Hologram+1","Ball Lightning+1"],"picked":"Reinforced Body+1","floor":29.0},{"not_picked":["Electrodynamics","Buffer"],"picked":"Biased Cognition","floor":33.0},{"not_picked":["Rebound+1","Coolheaded+1"],"picked":"Chaos+1","floor":35.0},{"not_picked":["Compile Driver+1","Streamline+1"],"picked":"Redo+1","floor":36.0},{"not_picked":["Go for the Eyes+1","Redo+1"],"picked":"Glacier+1","floor":38.0},{"not_picked":["Force Field+1","Leap+1"],"picked":"Compile Driver+1","floor":45.0},{"not_picked":["Turbo+1","Sunder+1"],"picked":"Multi-Cast+1","floor":48.0}],"player_experience":998896,"relics_obtained":[{"floor":5.0,"key":"Art of War"},{"floor":6.0,"key":"Ancient Tea Set"},{"floor":9.0,"key":"Tiny Chest"},{"floor":24.0,"key":"Molten Egg 2"},{"floor":26.0,"key":"Pantograph"},{"floor":37.0,"key":"MawBank"},{"floor":43.0,"key":"Bag of Preparation"},{"floor":47.0,"key":"Vajra"}],"event_choices":[{"damage_healed":0.0,"max_hp_gain":5.0,"max_hp_loss":0.0,"gold_gain":0.0,"event_name":"Big Fish","player_choice":"Donut","floor":2.0,"gold_loss":0.0,"damage_taken":0.0},{"cards_removed":["Strike_B"],"damage_healed":0.0,"max_hp_gain":0.0,"max_hp_loss":0.0,"gold_gain":0.0,"event_name":"The Cleric","player_choice":"Card Removal","floor":4.0,"gold_loss":50.0,"damage_taken":0.0},{"damage_healed":0.0,"max_hp_gain":0.0,"max_hp_loss":6.0,"gold_gain":0.0,"event_name":"Golden Idol","player_choice":"Lose Max HP","floor":8.0,"gold_loss":0.0,"damage_taken":0.0,"relics_obtained":["Golden Idol"]},{"cards_removed":["Strike_B"],"damage_healed":0.0,"max_hp_gain":0.0,"max_hp_loss":0.0,"gold_gain":0.0,"event_name":"Purifier","player_choice":"Purged","floor":19.0,"gold_loss":0.0,"damage_taken":0.0},{"damage_healed":0.0,"max_hp_gain":0.0,"max_hp_loss":0.0,"gold_gain":0.0,"event_name":"Beggar","player_choice":"Ignored","floor":27.0,"gold_loss":0.0,"damage_taken":0.0},{"damage_healed":0.0,"max_hp_gain":0.0,"max_hp_loss":0.0,"gold_gain":0.0,"event_name":"Lab","player_choice":"Got Potions","floor":31.0,"gold_loss":0.0,"damage_taken":0.0},{"damage_healed":0.0,"max_hp_gain":0.0,"max_hp_loss":0.0,"gold_gain":0.0,"event_name":"Mysterious Sphere","player_choice":"Ignored","floor":39.0,"gold_loss":0.0,"damage_taken":0.0}],"is_beta":false,"boss_relics":[{"not_picked":["Tiny House","Black Star"],"picked":"Inserter"},{"not_picked":["Nuclear Battery","Velvet Choker"],"picked":"Cursed Key"}],"items_purged_floors":[20,41],"is_endless":false,"potions_floor_spawned":[3,6,10,18,29,33,36,45],"ascension_level":0}