{"path_per_floor":["M","M","M","?","M","R","M","R","T","R","E","$","?","E","R","B",null,"M","?","$","?","M","R","E","M","T","R","M","E","$","M","R","B",null,"M","?","M","$","M","R","E","M","T","R","M","M","$","?","R","B"],"character_chosen":"THE_SILENT","items_purchased":["Dagger Throw","Apotheosis","Transmutation"],"gold_per_floor":[110,123,141,141,151,151,166,166,166,166,198,97,97,126,126,226,226,241,241,41,41,53,53,88,105,105,105,117,144,44,54,54,152,152,162,212,224,99,116,116,148,163,163,163,183,199,18,0,0,0],"floor_reached":51,"campfire_rested":1,"playtime":5612,"current_hp_per_floor":[68,68,68,73,62,62,60,60,60,60,53,53,53,28,50,16,75,75,66,66,66,66,66,40,40,54,54,54,54,54,46,46,30,101,98,89,89,89,89,89,89,89,89,89,88,88,88,88,88,50],"items_purged":["Strike_G","Strike_G","Strike_G"],"gold":0,"play_id":"6f9bef90-5249-4e30-af55-5901b3afe8ee","is_prod":false,"is_daily":false,"campfire_rituals":0,"campfire_upgraded":6,"is_hardmode":false,"path_taken":["M","M","M","?","M","R","M","R","T","R","E","$","?","E","R","BOSS","M","?","$","?","M","R","E","M","T","R","M","E","$","M","R","BOSS","M","?","M","$","M","R","E","M","T","R","M","M","$","?","R","BOSS"],"build_version":"2018-01-18-PROD4","purchased_purges":3,"victory":true,"master_deck":["Defend_G","Defend_G","Defend_G","Defend_G","Defend_G","Survivor","Neutralize","Prepared","Backflip","Quick Slash","Outmaneuver","Blade Dance","Dagger Throw","Backflip","Phantasmal Killer","Terror","Apotheosis","Backflip","Dagger Spray","Dash","Burst","Prepared","Escape Plan","Cloak And Dagger","PiercingWail","Flechettes","Slice","Transmutation"],"max_hp_per_floor":[70,70,70,75,75,75,75,75,75,75,75,75,75,75,75,75,75,75,80,80,80,80,80,87,87,101,101,101,101,101,101,101,101,101,101,101,101,101,101,101,101,101,101,101,101,101,101,101,101,101],"relics":["Ring of the Snake","Girya","Gambling Chip","Oddly Smooth Stone","Sozu","Strawberry","Mango","Juzu Bracelet","Lizard Tail","Thread and Needle","Happy Flower","Torii","Red Mask"],"campfire_meditates":0,"card_choices":[{"not_picked":["Concentrate","All Out Attack"],"picked":"Prepared"},{"not_picked":["Dash","Night Terror"],"picked":"Backflip"},{"not_picked":["Bane","Dash"],"picked":"Quick Slash"},{"not_picked":["Slice","Eviscerate"],"picked":"Outmaneuver"},{"not_picked":["Flying Knee","Poisoned Stab"],"picked":"Blade Dance"},{"not_picked":["Caltrops","Deadly Poison"],"picked":"Backflip"},{"not_picked":["Tools of the Trade","Wraith Form"],"picked":"Phantasmal Killer"},{"not_picked":["Distraction","Deflect"],"picked":"Terror"},{"not_picked":["PiercingWail","Riddle With Holes"],"picked":"Backflip"},{"not_picked":["Prepared","Cloak And Dagger"],"picked":"Dagger Spray"},{"not_picked":["Bouncing Flask","Calculated Gamble"],"picked":"Dash"},{"not_picked":["Storm of Steel","Corpse Explosion"],"picked":"Burst"},{"not_picked":["Sucker Punch","Flechettes"],"picked":"Prepared"},{"not_picked":["Acrobatics","Backstab"],"picked":"Escape Plan"},{"not_picked":["Poisoned Stab","Dodge and Roll"],"picked":"Cloak And Dagger"},{"not_picked":["Cloak And Dagger","Noxious Fumes"],"picked":"PiercingWail"},{"not_picked":["Unload","Dodge and Roll"],"picked":"Flechettes"},{"not_picked":["Prepared","Cloak And Dagger"],"picked":"Slice"}],"player_experience":393174,"potions_floor_usage":[7,11],"damage_taken":[{"damage":2,"enemies":"Small Slimes","floor":1,"turns":5},{"damage":0,"enemies":"Jaw Worm","floor":2,"turns":7},{"damage":0,"enemies":"Blue Slaver","floor":3,"turns":7},{"damage":11,"enemies":"Exordium Wildlife","floor":5,"turns":7},{"damage":2,"enemies":"Exordium Thugs","floor":7,"turns":4},{"damage":7,"enemies":"Gremlin Nob","floor":11,"turns":5},{"damage":25,"enemies":"3 Sentries","floor":14,"turns":6},{"damage":34,"enemies":"The Guardian","floor":16,"turns":17},{"damage":0,"enemies":"Shell Parasite","floor":18,"turns":7},{"damage":0,"enemies":"3 Byrds","floor":22,"turns":6},{"damage":33,"enemies":"Slavers","floor":24,"turns":6},{"damage":0,"enemies":"Snake Plant","floor":25,"turns":4},{"damage":0,"enemies":"Snecko","floor":28,"turns":3},{"damage":0,"enemies":"Gremlin Leader","floor":29,"turns":5},{"damage":8,"enemies":"Centurion and Healer","floor":31,"turns":5},{"damage":16,"enemies":"Collector","floor":33,"turns":7},{"damage":3,"enemies":"3 Darklings","floor":35,"turns":4},{"damage":9,"enemies":"Mysterious Sphere","floor":36,"turns":3},{"damage":0,"enemies":"Orb Walker","floor":37,"turns":3},{"damage":0,"enemies":"3 Darklings","floor":39,"turns":3},{"damage":0,"enemies":"Giant Head","floor":41,"turns":4},{"damage":0,"enemies":"Maw","floor":42,"turns":7},{"damage":1,"enemies":"Sphere and 2 Shapes","floor":45,"turns":4},{"damage":0,"enemies":"4 Shapes","floor":46,"turns":3},{"damage":104,"enemies":"Time Eater","floor":50,"turns":15}],"event_choices":[{"event_name":"Big Fish","player_choice":"Donut","floor":4,"damage_taken":0},{"event_name":"Purifier","player_choice":"One Purge","floor":13,"damage_taken":0},{"event_name":"Forgotten Altar","player_choice":"Shed Blood","floor":19,"damage_taken":0},{"event_name":"Vampires","player_choice":"Ignored","floor":21,"damage_taken":0},{"event_name":"Mysterious Sphere","player_choice":"Fight","floor":36,"damage_taken":0},{"event_name":"Tomb of Lord Red Mask","player_choice":"Paid","floor":48,"damage_taken":0}],"boss_relics":[{"not_picked":["Orrery","Ectoplasm"],"picked":"Sozu"},{"not_picked":["The Specimen","Runic Dome"],"picked":"Lizard Tail"}],"potions_floor_spawned":[1,2,7,14,16,18,22,28,29,35,39,41,42],"seed_played":"-5249639859066908390","is_trial":false}