{"path_per_floor":["M","M","?","?","M","R","?","E","T","E","M","R","M","M","R","B",null,"M","?","M","M","M"],"character_chosen":"THE_SILENT","items_purchased":[],"gold_per_floor":[114,129,304,254,269,269,269,298,298,333,345,345,361,375,375,471,471,485,400,367,387,399],"floor_reached":23,"campfire_rested":0,"playtime":12645,"current_hp_per_floor":[70,65,65,65,65,65,65,54,54,29,38,38,38,42,42,45,70,70,70,38,36,36],"items_purged":[],"gold":399,"play_id":"45f8d6e9-1243-46be-b788-3108066452a9","is_prod":false,"is_daily":false,"campfire_rituals":0,"campfire_upgraded":1,"is_hardmode":false,"path_taken":["M","M","?","?","M","R","?","E","T","E","M","R","M","M","R","BOSS","M","?","?","M","M","E"],"build_version":"2018-01-11-PROD2","purchased_purges":0,"victory":false,"master_deck":["Defend_G","Defend_G","Defend_G","Defend_G","Defend_G","Strike_G","Strike_G","Survivor","Neutralize","Footwork","After Image","Poisoned Stab","Flying Knee","Poisoned Stab","Dagger Throw","Bane","Sucker Punch","Burst","Outmaneuver","Acrobatics","Skewer","PiercingWail"],"max_hp_per_floor":[70,70,70,70,70,70,70,70,70,70,70,70,70,70,70,70,70,70,70,70,70,70],"relics":["The Specimen","Meat on the Bone","Bird Faced Urn","Peace Pipe","Black Star","Orichalcum"],"campfire_meditates":0,"card_choices":[{"not_picked":["Slice","Prepared"],"picked":"Footwork"},{"not_picked":["Dagger Spray","Caltrops"],"picked":"After Image"},{"not_picked":["Dodge and Roll","Sucker Punch"],"picked":"Poisoned Stab"},{"not_picked":["Deflect","Deadly Poison"],"picked":"Flying Knee"},{"not_picked":["Calculated Gamble","Night Terror"],"picked":"Poisoned Stab"},{"not_picked":["Bouncing Flask","PiercingWail"],"picked":"Dagger Throw"},{"not_picked":["Heel Hook","Slice"],"picked":"Bane"},{"not_picked":["Dagger Spray","Dagger Throw"],"picked":"Sucker Punch"},{"not_picked":["Envenom","Unload"],"picked":"Burst"},{"not_picked":["Choke","Dash"],"picked":"Outmaneuver"},{"not_picked":["Slice","Sucker Punch"],"picked":"Acrobatics"},{"not_picked":["Terror","Riddle With Holes"],"picked":"Skewer"},{"not_picked":["Dodge and Roll","Distraction"],"picked":"PiercingWail"}],"player_experience":113919,"potions_floor_usage":[8,16,23,23,23],"damage_taken":[{"damage":0,"enemies":"Small Slimes","floor":1,"turns":4},{"damage":5,"enemies":"2 Louse","floor":2,"turns":5},{"damage":0,"enemies":"Cultist","floor":5,"turns":6},{"damage":11,"enemies":"Gremlin Nob","floor":8,"turns":5},{"damage":41,"enemies":"3 Sentries","floor":10,"turns":11},{"damage":7,"enemies":"Lots of Slimes","floor":11,"turns":7},{"damage":2,"enemies":"2 Fungi Beasts","floor":13,"turns":3},{"damage":0,"enemies":"Large Slime","floor":14,"turns":4},{"damage":13,"enemies":"Slime Boss","floor":16,"turns":12},{"damage":0,"enemies":"Shell Parasite","floor":18,"turns":10},{"damage":32,"enemies":"2 Thieves","floor":20,"turns":5},{"damage":18,"enemies":"Snake Plant","floor":21,"turns":8},{"damage":2,"enemies":"Snecko","floor":22,"turns":4},{"damage":40,"enemies":"Gremlin Leader","floor":23,"turns":5}],"event_choices":[{"event_name":"Liars Game","player_choice":"agreed","floor":3,"damage_taken":0},{"event_name":"The Cleric","player_choice":"Card Removal","floor":4,"damage_taken":0},{"event_name":"Living Wall","player_choice":"Forget","floor":7,"damage_taken":0},{"event_name":"Addict","player_choice":"Obtained Relic","floor":19,"damage_taken":0}],"boss_relics":[{"not_picked":["Lizard Tail","White Beast Statue"],"picked":"Black Star"}],"potions_floor_spawned":[5,13,16,20,22],"seed_played":"4525377721941823433","killed_by":"Gremlin Leader","is_trial":false}