{"path_per_floor":["M","M","?","M","M","R","?","R","T","M","R","M","R","M","R","B",null,"M","?","$","M","?","R","M","R","T","M","E","?","M","M","R","B",null,"M","?","M","?","$","R","M","E","T","M","R","?","$","M","R","B"],"character_chosen":"IRONCLAD","items_purchased":["Thinking Ahead","Bottled Lightning","Fiend Fire","True Grit"],"gold_per_floor":[113,132,132,149,161,161,161,161,186,205,205,217,217,233,233,335,335,347,347,97,109,109,109,125,125,425,437,472,387,399,414,414,512,512,531,531,542,542,79,79,96,126,204,222,222,222,97,110,110,110],"floor_reached":51,"campfire_rested":1,"playtime":4252,"current_hp_per_floor":[76,80,80,80,85,85,85,85,92,97,97,101,101,105,105,66,109,76,113,113,109,94,100,81,87,87,101,64,64,70,69,77,32,138,133,133,135,135,135,142,108,92,92,111,121,121,121,88,150,77],"items_purged":["Strike_R","Strike_R","Strike_R"],"gold":110,"play_id":"e85a2f4a-7331-4106-97fd-e4894d405e06","is_prod":false,"is_daily":false,"is_ascension_mode":false,"campfire_upgraded":10,"path_taken":["M","M","?","M","M","R","?","R","T","?","R","M","R","M","R","BOSS","M","?","$","M","?","R","M","R","T","M","E","?","M","M","R","BOSS","M","?","M","?","$","R","M","E","T","?","R","?","?","?","R","BOSS"],"build_version":"2018-01-23-BETA1","purchased_purges":3,"victory":true,"master_deck":["Defend_R","Defend_R","Defend_R","Defend_R","Bash","Rampage","Feed","Headbutt","Disarm","Cleave","Bloodletting","Demon Form","Thinking Ahead","Clothesline","Reaper","Pommel Strike","Pommel Strike","Battle Trance","Double Tap","Armaments","Twin Strike","Fiend Fire","True Grit","Headbutt","Spot Weakness","Burning Pact","Shockwave"],"max_hp_per_floor":[80,80,80,83,86,86,86,86,93,97,97,101,101,105,105,109,109,113,113,113,117,122,122,126,126,126,130,130,130,134,134,134,138,138,138,138,142,142,142,142,146,146,146,150,150,150,150,150,150,150],"relics":["Burning Blood","Toxic Egg","Strawberry","Eternal Feather","Old Coin","Ancient Tea Set","Regal Pillow","Sozu","Charon\u0027s Ashes","Bottled Lightning","Ornamental Fan","Darkstone Periapt"],"card_choices":[{"not_picked":["Wild Strike","Clash"],"picked":"Rampage"},{"not_picked":["Hemokinesis","Warcry"],"picked":"Feed"},{"not_picked":["Corruption","Flex"],"picked":"Headbutt"},{"not_picked":["Body Slam","Power Through"],"picked":"Disarm"},{"not_picked":["Body Slam","Wild Strike"],"picked":"Cleave"},{"not_picked":["Heavy Blade","Cleave"],"picked":"Bloodletting"},{"not_picked":["Bludgeon","Offering"],"picked":"Demon Form"},{"not_picked":["Second Wind","Body Slam"],"picked":"Clothesline"},{"not_picked":["Clash","Twin Strike"],"picked":"Reaper"},{"not_picked":["Dropkick","Rage"],"picked":"Pommel Strike"},{"not_picked":["Rampage","Clothesline"],"picked":"Pommel Strike"},{"not_picked":["Clothesline","Thunderclap"],"picked":"Battle Trance"},{"not_picked":["Bludgeon","Reaper"],"picked":"Double Tap"},{"not_picked":["Cleave","Sword Boomerang"],"picked":"Armaments"},{"not_picked":["Cleave","Armaments"],"picked":"Twin Strike"},{"not_picked":["Rage","Body Slam"],"picked":"Headbutt"},{"not_picked":["Iron Wave","Thunderclap"],"picked":"Spot Weakness"},{"not_picked":["Evolve","Double Tap"],"picked":"Burning Pact"},{"not_picked":["Pommel Strike","Searing Blow"],"picked":"Shockwave"}],"player_experience":15671,"potions_floor_usage":[21,27,28,28,33],"damage_taken":[{"damage":10,"enemies":"Jaw Worm","floor":1,"turns":4},{"damage":0,"enemies":"Small Slimes","floor":2,"turns":4},{"damage":9,"enemies":"Blue Slaver","floor":4,"turns":4},{"damage":4,"enemies":"2 Fungi Beasts","floor":5,"turns":3},{"damage":1,"enemies":"Gremlin Gang","floor":10,"turns":5},{"damage":0,"enemies":"Large Slime","floor":12,"turns":4},{"damage":0,"enemies":"2 Fungi Beasts","floor":14,"turns":2},{"damage":49,"enemies":"Slime Boss","floor":16,"turns":10},{"damage":43,"enemies":"Spheric Guardian","floor":18,"turns":7},{"damage":14,"enemies":"Chosen","floor":21,"turns":5},{"damage":29,"enemies":"Snake Plant","floor":24,"turns":7},{"damage":12,"enemies":"Centurion and Healer","floor":27,"turns":6},{"damage":88,"enemies":"Gremlin Leader","floor":28,"turns":9},{"damage":34,"enemies":"3 Cultists","floor":30,"turns":4},{"damage":16,"enemies":"Snake Plant","floor":31,"turns":6},{"damage":83,"enemies":"Champ","floor":33,"turns":11},{"damage":43,"enemies":"3 Darklings","floor":35,"turns":8},{"damage":33,"enemies":"Orb Walker","floor":37,"turns":5},{"damage":44,"enemies":"Sphere and 2 Shapes","floor":41,"turns":4},{"damage":38,"enemies":"Nemesis","floor":42,"turns":7},{"damage":29,"enemies":"3 Darklings","floor":44,"turns":5},{"damage":64,"enemies":"Spire Growth","floor":48,"turns":6},{"damage":79,"enemies":"Time Eater","floor":50,"turns":8}],"event_choices":[{"event_name":"Living Wall","player_choice":"Forget","floor":3,"damage_taken":0},{"event_name":"Bonfire Elementals","player_choice":"BASIC","floor":7,"damage_taken":0},{"event_name":"The Library","player_choice":"Heal","floor":19,"damage_taken":0},{"event_name":"Forgotten Altar","player_choice":"Shed Blood","floor":22,"damage_taken":0},{"event_name":"Addict","player_choice":"Obtained Relic","floor":29,"damage_taken":0},{"event_name":"Tomb of Lord Red Mask","player_choice":"Ignored","floor":36,"damage_taken":0},{"event_name":"Wheel of Change","player_choice":"Relic","floor":38,"damage_taken":0},{"event_name":"The Lab","player_choice":"Got Potions","floor":46,"damage_taken":0}],"boss_relics":[{"not_picked":["Lizard Tail","Astrolabe"],"picked":"Eternal Feather"},{"not_picked":["Calling Bell","Question Card"],"picked":"Sozu"}],"potions_floor_spawned":[1,10,14,18,21,30,33,37],"seed_played":"-1000787459212148066","ascension_level":0,"is_trial":false}