{"path_per_floor":["M","M","?","M","M","R","M","R","T","R","E","?","$","?","R","B",null,"M","?","M","?","M","?","M","R","T","?","$","R","M","M","R","B",null,"M","?","?","M","?","?"],"character_chosen":"DEFECT","items_purchased":["Ice Cream","Ball Lightning","Omamori"],"gold_per_floor":[365,375,375,385,399,399,409,409,409,409,437,437,46,46,46,150,150,163,163,182,182,199,199,217,217,217,217,69,69,80,96,96,199,199,219,219,219,231,231,231,231],"floor_reached":41,"campfire_rested":0,"playtime":4411,"current_hp_per_floor":[61,60,42,42,33,33,45,45,45,45,41,34,34,34,34,43,68,68,68,58,46,45,29,73,73,73,73,73,73,64,59,59,46,73,73,73,64,60,60,60,0],"items_purged":["Strike_B"],"gold":231,"score":441,"play_id":"efb05fd6-dbe6-4741-92b5-3b505ad23736","local_time":"20180507220731","is_prod":false,"is_daily":false,"chose_seed":false,"is_ascension_mode":false,"campfire_upgraded":7,"timestamp":1525745251,"path_taken":["M","M","?","?","M","R","M","R","T","R","E","?","$","?","R","BOSS","M","?","M","?","?","?","?","R","T","?","?","R","?","M","R","BOSS","M","?","?","?","?","?","BOSS"],"build_version":"2018-05-03","seed_source_timestamp":513677662990612,"purchased_purges":1,"victory":false,"master_deck":["Strike_B","Defend_B","Defend_B","Defend_B","Defend_B","Zap+1","Dualcast+1","Leap","Turbo","Doom and Gloom+1","Auto Shields","Go for the Eyes+1","Cold Snap","Ball Lightning+1","Machine Learning+1","Hologram+1","Hologram+1","Reprogram+1","Chaos+1","Rebound+1","Double Energy","Machine Learning","Machine Learning+1","Madness","Madness","Bandage Up"],"max_hp_per_floor":[68,68,68,68,68,68,68,68,68,68,68,68,68,68,68,68,68,68,68,68,73,73,73,73,73,73,73,73,73,73,73,73,73,73,73,73,73,73,73,73,73],"relics":["Cracked Core","Meat on the Bone","Shuriken","Darkstone Periapt","Ice Cream","Nuclear Battery","Nilry\u0027s Codex","Vajra","Omamori","Eternal Feather"],"card_choices":[{"not_picked":["Chill","Undo"],"picked":"Leap","floor":1},{"not_picked":["Undo","Rebound"],"picked":"Turbo","floor":2},{"not_picked":["Blizzard","Gash"],"picked":"Doom and Gloom","floor":4},{"not_picked":["Rip and Tear","Leap"],"picked":"Auto Shields","floor":5},{"not_picked":["Stack","Coolheaded"],"picked":"Go for the Eyes","floor":7},{"not_picked":["Capacitor","Loop"],"picked":"Cold Snap","floor":11},{"not_picked":["Redo","Amplify"],"picked":"Machine Learning","floor":16},{"not_picked":["Axe Kick","Capacitor"],"picked":"Hologram","floor":18},{"not_picked":["Auto Shields","Turbo"],"picked":"Hologram","floor":20},{"not_picked":["Beam Cell","Rebound"],"picked":"Reprogram","floor":22},{"not_picked":["Impulse","Static Discharge"],"picked":"Chaos","floor":24},{"not_picked":["Streamline","Lockon"],"picked":"Rebound","floor":30},{"not_picked":["Rebound","Loop"],"picked":"Double Energy","floor":31},{"not_picked":["Rainbow","Fission"],"picked":"Machine Learning","floor":33},{"not_picked":["Jack Of All Trades","Secret Technique"],"picked":"Bandage Up","floor":39}],"player_experience":25533,"potions_floor_usage":[20,33,33,38,41],"damage_taken":[{"damage":7,"enemies":"2 Louse","floor":1,"turns":2},{"damage":1,"enemies":"Small Slimes","floor":2,"turns":4},{"damage":0,"enemies":"Cultist","floor":4,"turns":3},{"damage":21,"enemies":"Gremlin Gang","floor":5,"turns":4},{"damage":0,"enemies":"Large Slime","floor":7,"turns":6},{"damage":16,"enemies":"Gremlin Nob","floor":11,"turns":4},{"damage":3,"enemies":"The Guardian","floor":16,"turns":10},{"damage":0,"enemies":"Shell Parasite","floor":18,"turns":4},{"damage":10,"enemies":"2 Thieves","floor":20,"turns":3},{"damage":1,"enemies":"Sentry and Sphere","floor":22,"turns":5},{"damage":23,"enemies":"Slaver and Parasite","floor":24,"turns":63},{"damage":9,"enemies":"3 Cultists","floor":30,"turns":5},{"damage":5,"enemies":"Snake Plant","floor":31,"turns":4},{"damage":40,"enemies":"Automaton","floor":33,"turns":9},{"damage":0,"enemies":"3 Shapes","floor":35,"turns":2},{"damage":4,"enemies":"Flame Bruiser 1 Orb","floor":38,"turns":6},{"damage":83,"enemies":"Time Eater","floor":41,"turns":6}],"event_choices":[{"event_name":"Scrap Ooze","player_choice":"success","floor":3,"damage_taken":18},{"event_name":"Golden Wing","player_choice":"Card Removal","floor":12,"damage_taken":0},{"event_name":"Accursed Blacksmith","player_choice":"Forge","floor":14,"damage_taken":0},{"event_name":"Purifier","player_choice":"One Purge","floor":19,"damage_taken":0},{"event_name":"Forgotten Altar","player_choice":"Shed Blood","floor":21,"damage_taken":0},{"event_name":"Cursed Tome","player_choice":"Obtained Book","floor":23,"damage_taken":0},{"event_name":"Vampires","player_choice":"Ignored","floor":27,"damage_taken":0},{"event_name":"Duplicator","player_choice":"One dupe","floor":36,"damage_taken":0},{"event_name":"Winding Halls","player_choice":"Embrace Madness","floor":37,"damage_taken":0},{"event_name":"SensoryStone","player_choice":"Memory 1","floor":39,"damage_taken":0},{"event_name":"SecretPortal","player_choice":"Took Portal.","floor":40,"damage_taken":0}],"boss_relics":[{"not_picked":["Snecko Eye","Runic Dome"],"picked":"Nuclear Battery"},{"not_picked":["Philosopher\u0027s Stone","Black Star"],"picked":"Eternal Feather"}],"potions_floor_spawned":[4,5,18,20,24,31,35],"seed_played":"-8785389207466634575","killed_by":"Time Eater","ascension_level":0,"is_trial":false}