{"gold_per_floor":[114,64,77,77,97,126,126,54,54,54,73,73,73,102,102,203,203,217,227,240,250,282,309,309,321,347,364,463,490,490,502,502,607,607,625,625,327,343,90,90,312,328,353,366,90,90,115,128,128,128],"floor_reached":51,"playtime":5966,"items_purged":["Choke"],"score":752,"play_id":"46a46091-48cc-4bfa-9f8a-5f6e629e70a3","local_time":"20180727190650","is_ascension_mode":false,"campfire_choices":[{"data":"Cloak And Dagger","floor":7,"key":"SMITH"},{"data":"Infinite Blades","floor":10,"key":"SMITH"},{"data":"Sucker Punch","floor":13,"key":"SMITH"},{"floor":15,"key":"REST"},{"floor":24,"key":"REST"},{"data":"Infinite Blades","floor":32,"key":"SMITH"},{"data":"Infinite Blades","floor":40,"key":"SMITH"},{"data":"Blade Dance","floor":46,"key":"SMITH"},{"data":"Accuracy","floor":49,"key":"SMITH"}],"neow_cost":"","seed_source_timestamp":1289231324692040,"circlet_count":0,"master_deck":["Defend_G","Defend_G+1","Strike_G","Strike_G+1","Strike_G","Strike_G","Survivor","Neutralize+1","Flying Knee","Heel Hook","Cloak And Dagger+1","Dagger Spray","Infinite Blades+1","Sucker Punch+1","Infinite Blades+1","Tools of the Trade","Cloak And Dagger+1","Backstab+1","Quick Slash+1","Crippling Poison","Prepared+1","Underhanded Strike+1","Backstab","Underhanded Strike+1","Well Laid Plans+1","Distraction+1","Blade Dance+1","After Image","Deadly Poison+1","Finesse","Infinite Blades+1","Finisher+1","Blade Dance+1","Accuracy+1","Infinite Blades"],"relics":["Ring of the Snake","Pear","Letter Opener","Mummified Hand","Astrolabe","Red Mask","Bag of Preparation","Centennial Puzzle","Matryoshka","WristBlade","Bag of Marbles","Bottled Tornado","Oddly Smooth Stone","Dream Catcher","Ninja Scroll","Peace Pipe"],"potions_floor_usage":[6,14,22,25,31,33,33,38,50,50],"damage_taken":[{"damage":1,"enemies":"Jaw Worm","floor":1,"turns":5},{"damage":0,"enemies":"2 Louse","floor":3,"turns":3},{"damage":0,"enemies":"Small Slimes","floor":5,"turns":3},{"damage":15,"enemies":"Lagavulin","floor":6,"turns":10},{"damage":3,"enemies":"Exordium Thugs","floor":11,"turns":5},{"damage":22,"enemies":"3 Sentries","floor":14,"turns":6},{"damage":10,"enemies":"Slime Boss","floor":16,"turns":10},{"damage":2,"enemies":"Chosen","floor":18,"turns":3},{"damage":8,"enemies":"Shell Parasite","floor":19,"turns":3},{"damage":12,"enemies":"Centurion and Healer","floor":20,"turns":4},{"damage":6,"enemies":"Cultist and Chosen","floor":21,"turns":5},{"damage":9,"floor":22,"turns":4},{"damage":10,"enemies":"Gremlin Leader","floor":23,"turns":6},{"damage":3,"enemies":"3 Cultists","floor":25,"turns":5},{"damage":7,"enemies":"Snake Plant","floor":27,"turns":2},{"damage":12,"enemies":"Slavers","floor":29,"turns":5},{"damage":0,"enemies":"Sentry and Sphere","floor":31,"turns":3},{"damage":6,"enemies":"Champ","floor":33,"turns":8},{"damage":11,"enemies":"Flame Bruiser 1 Orb","floor":35,"turns":3},{"damage":0,"enemies":"3 Shapes","floor":38,"turns":4},{"damage":0,"enemies":"Maw","floor":42,"turns":5},{"damage":0,"enemies":"3 Darklings","floor":44,"turns":3},{"damage":0,"enemies":"Nemesis","floor":47,"turns":3},{"damage":0,"enemies":"Flame Bruiser 2 Orb","floor":48,"turns":4},{"damage":32,"enemies":"Awakened One","floor":50,"turns":9}],"seed_played":"-29342439636017450","potions_obtained":[{"floor":1,"key":"PowerPotion"},{"floor":3,"key":"Regen Potion"},{"floor":14,"key":"SneckoOil"},{"floor":20,"key":"Swift Potion"},{"floor":22,"key":"GhostInAJar"},{"floor":23,"key":"Regen Potion"},{"floor":29,"key":"Swift Potion"},{"floor":31,"key":"Block Potion"},{"floor":35,"key":"Poison Potion"},{"floor":42,"key":"PowerPotion"}],"is_trial":false,"path_per_floor":["M","?","M","?","M","E","R","$","T","R","M","?","R","E","R","B",null,"M","M","M","M","?","E","R","M","T","M","?","E","?","M","R","B",null,"M","?","$","M","$","R","?","M","T","M","$","R","E","M","R","B"],"character_chosen":"THE_SILENT","items_purchased":["Infinite Blades","Infinite Blades","Bag of Marbles","Bottled Tornado","Infinite Blades","Ninja Scroll"],"campfire_rested":2,"item_purchase_floors":[8,37,37,39,45,45],"current_hp_per_floor":[69,69,69,69,69,76,76,76,76,76,73,57,57,35,59,49,80,78,70,58,52,43,33,57,68,68,61,61,49,75,75,75,69,80,69,69,69,69,69,69,69,69,69,69,69,69,69,69,69,37],"gold":128,"neow_bonus":"","is_prod":false,"is_daily":false,"chose_seed":false,"campfire_upgraded":7,"win_rate":0,"timestamp":1532707610,"path_taken":["M","?","M","?","?","E","R","?","T","R","M","?","R","E","R","BOSS","M","M","M","M","?","E","R","M","T","M","?","E","?","?","R","BOSS","M","?","$","M","$","R","?","M","T","M","$","R","E","M","R","BOSS"],"build_version":"2018-07-26","purchased_purges":1,"victory":true,"max_hp_per_floor":[70,70,70,70,70,80,80,80,80,80,80,80,80,80,80,80,80,80,80,80,80,80,80,80,80,80,80,80,80,80,80,80,80,80,80,80,80,80,80,80,80,80,80,80,80,80,80,80,80,80],"card_choices":[{"not_picked":["Riddle With Holes","Prepared"],"picked":"Flying Knee","floor":1},{"not_picked":["Acrobatics","Dodge and Roll"],"picked":"Heel Hook","floor":3},{"not_picked":["Sucker Punch","Caltrops"],"picked":"Cloak And Dagger","floor":5},{"not_picked":["Quick Slash","Underhanded Strike"],"picked":"Dagger Spray","floor":6},{"not_picked":["Dagger Spray","Dodge and Roll"],"picked":"Sucker Punch","floor":11},{"not_picked":["Doppelganger","Escape Plan"],"picked":"Infinite Blades","floor":14},{"not_picked":["Glass Knife","Phantasmal Killer"],"picked":"Tools of the Trade","floor":16},{"not_picked":["Bane","Flying Knee"],"picked":"Crippling Poison","floor":18},{"not_picked":["Dagger Throw+1","Bouncing Flask"],"picked":"Prepared+1","floor":19},{"not_picked":["Crippling Poison","Quick Slash+1"],"picked":"Underhanded Strike+1","floor":20},{"not_picked":["Sucker Punch+1","Outmaneuver+1"],"picked":"Backstab","floor":21},{"not_picked":["Phantasmal Killer","Bane"],"picked":"Choke","floor":23},{"not_picked":["Flying Knee","PiercingWail"],"picked":"Underhanded Strike+1","floor":25},{"not_picked":["Slice","Acrobatics"],"picked":"Well Laid Plans+1","floor":27},{"not_picked":["Underhanded Strike+1","Dash+1"],"picked":"Distraction+1","floor":29},{"not_picked":["Flying Knee","Dodge and Roll"],"picked":"Blade Dance+1","floor":31},{"not_picked":["Wraith Form v2","Venomology"],"picked":"After Image","floor":33},{"not_picked":["Dash","Choke+1"],"picked":"Deadly Poison+1","floor":35},{"not_picked":["Swift Strike","Good Instincts"],"picked":"Finesse","floor":36},{"not_picked":["Acrobatics","Terror"],"picked":"Finisher+1","floor":38},{"not_picked":["Poisoned Stab","Underhanded Strike+1"],"picked":"Blade Dance","floor":42},{"not_picked":["Bane+1","Slice+1"],"picked":"Accuracy","floor":44},{"not_picked":["Prepared","Backflip","Well Laid Plans"],"picked":"SKIP","floor":47},{"not_picked":["Bouncing Flask","Well Laid Plans+1","Expertise"],"picked":"SKIP","floor":48}],"player_experience":134858,"relics_obtained":[{"floor":6,"key":"Pear"},{"floor":9,"key":"Letter Opener"},{"floor":14,"key":"Mummified Hand"},{"floor":22,"key":"Red Mask"},{"floor":23,"key":"Bag of Preparation"},{"floor":26,"key":"Centennial Puzzle"},{"floor":29,"key":"Matryoshka"},{"floor":43,"key":"Oddly Smooth Stone"},{"floor":43,"key":"Dream Catcher"},{"floor":47,"key":"Peace Pipe"}],"event_choices":[{"event_name":"The Cleric","player_choice":"Card Removal","floor":2,"damage_taken":0},{"event_name":"Living Wall","player_choice":"Grow","floor":4,"damage_taken":0},{"event_name":"Shining Light","player_choice":"Entered Light","floor":12,"damage_taken":0},{"event_name":"Masked Bandits","player_choice":"Fought over 250 gold","floor":22,"damage_taken":0},{"event_name":"Nest","player_choice":"Stole From Cult","floor":28,"damage_taken":0},{"event_name":"The Library","player_choice":"Heal","floor":30,"damage_taken":0},{"event_name":"SensoryStone","player_choice":"Memory 1","floor":36,"damage_taken":0},{"event_name":"Tomb of Lord Red Mask","player_choice":"Wore Mask","floor":41,"damage_taken":0}],"is_beta":false,"boss_relics":[{"not_picked":["Tiny House","Lizard Tail"],"picked":"Astrolabe"},{"not_picked":["Cursed Key","Runic Dome"],"picked":"WristBlade"}],"items_purged_floors":[37],"is_endless":false,"potions_floor_spawned":[1,3,14,20,22,23,29,31,35,42],"ascension_level":0}