{"gold_per_floor":[114,64,80,80,92,121,132,145,168,168,168,23,34,52,52,153,203,218,218,236,252,26,54,54,144,167,182,196,212,225,236,236,236],"floor_reached":33,"playtime":4974,"items_purged":["Regret","Strike_G"],"score":300,"play_id":"6361a758-963b-47c5-b11f-2d090f11cb70","local_time":"20190127121137","is_ascension_mode":false,"campfire_choices":[{"data":"Noxious Fumes","floor":11,"key":"SMITH"},{"data":"Noxious Fumes","floor":15,"key":"SMITH"},{"data":"Crippling Poison","floor":24,"key":"SMITH"},{"floor":32,"key":"REST"}],"neow_cost":"NONE","seed_source_timestamp":834222795329993,"circlet_count":0,"master_deck":["Defend_G","Defend_G","Defend_G","Defend_G","Defend_G","Strike_G","Strike_G+1","Strike_G+1","Survivor","Neutralize","Backstab","Dagger Throw","Dagger Throw","Noxious Fumes+1","Deadly Poison","All Out Attack","Noxious Fumes+1","PiercingWail","Poisoned Stab+1","Envenom","PiercingWail","Crippling Poison+1","Noxious Fumes","Dodge and Roll+1","Poisoned Stab","Footwork","Backstab","Poisoned Stab","Terror","Deflect+1","Endless Agony"],"relics":["Ring of the Snake","Whetstone","Paper Crane","Bronze Scales","Happy Flower","Strawberry","Tiny House","GremlinMask","Pear","Bag of Preparation"],"potions_floor_usage":[6,16,16,18,23,23,28,33,33],"damage_taken":[{"damage":0,"enemies":"Cultist","floor":1,"turns":4},{"damage":0,"enemies":"Jaw Worm","floor":3,"turns":4},{"damage":0,"enemies":"Small Slimes","floor":5,"turns":2},{"damage":14,"enemies":"Gremlin Nob","floor":6,"turns":3},{"damage":2,"enemies":"Blue Slaver","floor":7,"turns":2},{"damage":0,"enemies":"Exordium Thugs","floor":8,"turns":3},{"damage":4,"enemies":"3 Louse","floor":13,"turns":2},{"damage":2,"enemies":"Gremlin Gang","floor":14,"turns":3},{"damage":1,"enemies":"Hexaghost","floor":16,"turns":6},{"damage":16,"enemies":"Spheric Guardian","floor":18,"turns":4},{"damage":0,"enemies":"3 Byrds","floor":20,"turns":4},{"damage":9,"enemies":"3 Cultists","floor":21,"turns":4},{"damage":2,"enemies":"Gremlin Leader","floor":23,"turns":5},{"damage":2,"enemies":"Snake Plant","floor":27,"turns":5},{"damage":9,"enemies":"Shelled Parasite and Fungi","floor":28,"turns":6},{"damage":17,"enemies":"Sentry and Sphere","floor":29,"turns":6},{"damage":6,"enemies":"Centurion and Healer","floor":30,"turns":6},{"damage":0,"enemies":"Chosen and Byrds","floor":31,"turns":5},{"damage":41,"enemies":"Champ","floor":33,"turns":8}],"seed_played":"8315257158391972851","potions_obtained":[{"floor":1,"key":"Strength Potion"},{"floor":3,"key":"Poison Potion"},{"floor":13,"key":"GhostInAJar"},{"floor":16,"key":"FearPotion"},{"floor":17,"key":"PowerPotion"},{"floor":20,"key":"Dexterity Potion"},{"floor":27,"key":"Swift Potion"},{"floor":30,"key":"Poison Potion"}],"is_trial":false,"path_per_floor":["M","?","M","?","M","E","M","M","T","?","R","$","M","M","R","B",null,"M","?","M","M","$","E","R","?","T","M","M","M","M","M","R","B"],"character_chosen":"THE_SILENT","items_purchased":["Noxious Fumes","GhostInAJar","Poisoned Stab"],"campfire_rested":1,"item_purchase_floors":[12,22,22],"current_hp_per_floor":[70,70,70,70,70,56,54,54,54,58,58,58,54,52,52,51,82,66,66,66,57,57,65,65,47,47,45,36,19,13,13,40,0],"gold":236,"neow_bonus":"RANDOM_COMMON_RELIC","is_prod":false,"is_daily":false,"chose_seed":false,"campfire_upgraded":3,"win_rate":0.0,"timestamp":1548619897,"path_taken":["M","?","M","?","M","E","M","M","T","?","R","$","M","M","R","BOSS","M","?","M","M","?","E","R","?","T","M","M","M","M","?","R","BOSS"],"build_version":"2019-01-23","purchased_purges":2,"victory":false,"max_hp_per_floor":[70,70,70,70,70,70,70,70,70,77,77,77,77,77,77,77,82,82,82,82,82,82,92,92,92,92,92,92,92,92,92,92,92],"card_choices":[{"not_picked":["Leg Sweep","Catalyst"],"picked":"Backstab","floor":1},{"not_picked":["Deflect","Backflip"],"picked":"Dagger Throw","floor":3},{"not_picked":["Expertise","Underhanded Strike"],"picked":"Dagger Throw","floor":5},{"not_picked":["Endless Agony","Outmaneuver"],"picked":"Noxious Fumes","floor":6},{"not_picked":["Sucker Punch","Leg Sweep"],"picked":"Deadly Poison","floor":7},{"not_picked":["Quick Slash","Underhanded Strike"],"picked":"All Out Attack","floor":8},{"not_picked":["Prepared","Dodge and Roll"],"picked":"PiercingWail","floor":13},{"not_picked":["Slice","Blade Dance"],"picked":"Poisoned Stab","floor":14},{"not_picked":["Glass Knife","Venomology"],"picked":"Envenom","floor":16},{"not_picked":["Leg Sweep","Finisher"],"picked":"PiercingWail","floor":17},{"not_picked":["Blade Dance","Poisoned Stab"],"picked":"Crippling Poison","floor":18},{"not_picked":["Acrobatics+1","Sucker Punch+1"],"picked":"Noxious Fumes","floor":20},{"not_picked":["After Image","Choke+1"],"picked":"Dodge and Roll+1","floor":21},{"not_picked":["Expertise","Blade Dance+1"],"picked":"Footwork","floor":23},{"not_picked":["Escape Plan","Reflex"],"picked":"Backstab","floor":27},{"not_picked":["PiercingWail","Outmaneuver"],"picked":"Poisoned Stab","floor":28},{"not_picked":["Quick Slash+1","Sucker Punch"],"picked":"Terror","floor":29},{"not_picked":["Outmaneuver","Dodge and Roll+1"],"picked":"Deflect+1","floor":30},{"not_picked":["Flying Knee","All Out Attack"],"picked":"Endless Agony","floor":31}],"player_experience":79295,"relics_obtained":[{"floor":6,"key":"Bronze Scales"},{"floor":9,"key":"Happy Flower"},{"floor":23,"key":"Pear"},{"floor":26,"key":"Bag of Preparation"}],"event_choices":[{"cards_removed":["Strike_G"],"damage_healed":0,"gold_gain":0,"player_choice":"Card Removal","damage_taken":0,"max_hp_gain":0,"max_hp_loss":0,"event_name":"The Cleric","floor":2,"gold_loss":50},{"damage_healed":0,"gold_gain":0,"player_choice":"Box","damage_taken":0,"relics_obtained":["Paper Crane"],"max_hp_gain":0,"max_hp_loss":0,"event_name":"Big Fish","floor":4,"gold_loss":0,"cards_obtained":["Regret"]},{"damage_healed":0,"gold_gain":0,"player_choice":"Success","damage_taken":3,"relics_obtained":["Strawberry"],"max_hp_gain":0,"max_hp_loss":0,"event_name":"Scrap Ooze","floor":10,"gold_loss":0},{"damage_healed":0,"gold_gain":0,"player_choice":"Trade","damage_taken":0,"relics_obtained":["GremlinMask"],"max_hp_gain":0,"max_hp_loss":0,"event_name":"FaceTrader","floor":19,"gold_loss":0},{"damage_healed":0,"gold_gain":90,"player_choice":"GOLD ","damage_taken":18,"max_hp_gain":0,"max_hp_loss":0,"event_name":"Knowing Skull","floor":25,"potions_obtained":[],"gold_loss":0,"cards_obtained":[]}],"is_beta":false,"boss_relics":[{"not_picked":["Orrery","Sozu"],"picked":"Tiny House"}],"items_purged_floors":[12,22],"is_endless":false,"potions_floor_spawned":[1,3,13,16,20,27,30],"killed_by":"Champ","ascension_level":0}