{"gold_per_floor":[119,119,41,53,64,64,83,94,120,133,133,146,146,396,396,495,495,514,529,529],"floor_reached":20,"playtime":547,"items_purged":[],"score":168,"play_id":"29be3a81-0add-4e3e-921b-2b3d16c8de45","local_time":"20180713083335","is_ascension_mode":false,"campfire_choices":[{"data":"Inflame","floor":6,"key":"SMITH"},{"data":"Armaments","floor":11,"key":"SMITH"},{"data":"Demon Form","floor":13,"key":"SMITH"},{"data":"Bash","floor":15,"key":"SMITH"}],"neow_cost":"NONE","seed_source_timestamp":47023194102409,"circlet_count":0,"master_deck":["Strike_R","Strike_R","Strike_R","Strike_R","Strike_R","Defend_R","Defend_R","Defend_R","Defend_R","Bash+1","Armaments+1","Inflame+1","Demon Form+1","Regret","Limit Break","Cleave"],"relics":["Burning Blood","NeowsBlessing","Question Card","Red Skull","Sozu"],"potions_floor_usage":[10,16,16],"damage_taken":[{"damage":0,"enemies":"Cultist","floor":1,"turns":1},{"damage":0,"enemies":"Small Slimes","floor":4,"turns":1},{"damage":0,"enemies":"2 Louse","floor":5,"turns":1},{"damage":16,"enemies":"Exordium Wildlife","floor":7,"turns":7},{"damage":21,"enemies":"2 Fungi Beasts","floor":8,"turns":4},{"damage":10,"enemies":"Looter","floor":10,"turns":2},{"damage":0,"enemies":"Large Slime","floor":12,"turns":5},{"damage":22,"enemies":"Slime Boss","floor":16,"turns":7},{"damage":27,"enemies":"Chosen","floor":18,"turns":6},{"damage":26,"enemies":"Spheric Guardian","floor":19,"turns":4},{"damage":40,"enemies":"Cultist and Chosen","floor":20,"turns":4}],"seed_played":"1121285197475363778","potions_obtained":[{"floor":1,"key":"SkillPotion"},{"floor":4,"key":"Dexterity Potion"},{"floor":5,"key":"Explosive Potion"},{"floor":12,"key":"FearPotion"}],"is_trial":false,"path_per_floor":["M","T","$","M","M","R","M","M","T","M","R","M","R","?","R","B",null,"M","M"],"character_chosen":"IRONCLAD","items_purchased":["Inflame"],"campfire_rested":0,"item_purchase_floors":[3],"current_hp_per_floor":[80,80,80,80,80,80,70,55,55,51,51,57,57,57,57,41,80,59,39,0],"gold":529,"neow_bonus":"THREE_ENEMY_KILL","is_prod":false,"is_daily":false,"chose_seed":false,"campfire_upgraded":4,"win_rate":0,"timestamp":1531460015,"path_taken":["M","?","$","M","M","R","?","M","T","M","R","M","R","?","R","BOSS","M","M","M"],"build_version":"2018-07-12","purchased_purges":0,"victory":false,"max_hp_per_floor":[80,80,80,80,80,80,80,80,80,80,80,80,80,80,80,80,80,80,80,80],"card_choices":[{"not_picked":["Sever Soul","Blood for Blood"],"picked":"Armaments","floor":1},{"not_picked":["Havoc","Twin Strike","Armaments","Rupture"],"picked":"SKIP","floor":4},{"not_picked":["Body Slam","Searing Blow","Battle Trance","True Grit"],"picked":"SKIP","floor":5},{"not_picked":["Blood for Blood","Cleave","Inflame"],"picked":"Demon Form","floor":7},{"not_picked":["Twin Strike","Combust","Armaments","Ghostly Armor"],"picked":"SKIP","floor":8},{"not_picked":["Flame Barrier","True Grit","Seeing Red","Carnage"],"picked":"SKIP","floor":10},{"not_picked":["Power Through","Headbutt","Body Slam","Clothesline"],"picked":"SKIP","floor":12},{"not_picked":["Demon Form","Juggernaut","Feed"],"picked":"Limit Break","floor":16},{"not_picked":["Battle Trance","Burning Pact","Hemokinesis"],"picked":"Cleave","floor":18},{"not_picked":["Headbutt","Clothesline","Warcry","Thunderclap"],"picked":"SKIP","floor":19}],"player_experience":95661,"relics_obtained":[{"floor":2,"key":"Question Card"},{"floor":9,"key":"Red Skull"}],"event_choices":[{"event_name":"Golden Shrine","player_choice":"Desecrate","floor":14,"damage_taken":0}],"boss_relics":[{"not_picked":["Black Blood","Mark of Pain"],"picked":"Sozu"}],"items_purged_floors":[],"is_endless":false,"potions_floor_spawned":[1,4,5,12,18],"killed_by":"Cultist and Chosen","ascension_level":0}