{"gold_per_floor":[110,126,51,69,69,81,109,109,139,157,191,191,191,204,204,300,300,319,335,460,483,506,506,506,506,533,71,95,145,158,194,194,194],"floor_reached":33,"playtime":4263,"items_purged":["Strike_B","Injury"],"score":618,"play_id":"2299e58d-d5d7-48a5-85b6-3f64f6974259","local_time":"20190228224831","is_ascension_mode":true,"campfire_choices":[{"floor":8,"key":"REST"},{"data":"Buffer","floor":13,"key":"SMITH"},{"floor":15,"key":"REST"},{"floor":23,"key":"REST"},{"data":"Go for the Eyes","floor":25,"key":"SMITH"},{"data":"Capacitor","floor":32,"key":"SMITH"}],"neow_cost":"NONE","seed_source_timestamp":1204022217844555,"circlet_count":0,"master_deck":["AscendersBane","Defend_B","Defend_B","Defend_B","Defend_B","Zap","Dualcast","Go for the Eyes+1","BootSequence","Loop","Genetic Algorithm","Buffer+1","Ball Lightning","Ball Lightning","Compile Driver","Electrodynamics","Ball Lightning","Loop","Glacier","Conserve Battery+1","Compile Driver","Bite","Bite","Bite","Bite","Bite","Capacitor+1","Chill"],"relics":["Cracked Core","Art of War","Tiny Chest","Mercury Hourglass","Golden Idol","Velvet Choker","Nunchaku","Letter Opener","Oddly Smooth Stone","Meat on the Bone","Orichalcum"],"potions_floor_usage":[7,7,33,33],"damage_taken":[{"damage":6,"enemies":"Small Slimes","floor":1,"turns":3},{"damage":6,"enemies":"Cultist","floor":2,"turns":3},{"damage":2,"enemies":"Jaw Worm","floor":4,"turns":3},{"damage":0,"enemies":"Large Slime","floor":6,"turns":5},{"damage":44,"enemies":"3 Sentries","floor":7,"turns":7},{"damage":1,"enemies":"3 Louse","floor":10,"turns":4},{"damage":0,"enemies":"Lagavulin","floor":11,"turns":6},{"damage":6,"enemies":"Looter","floor":14,"turns":3},{"damage":11,"enemies":"Slime Boss","floor":16,"turns":10},{"damage":11,"enemies":"Spheric Guardian","floor":18,"turns":4},{"damage":8,"enemies":"Chosen","floor":19,"turns":4},{"damage":14,"enemies":"Colosseum Slavers","floor":20,"turns":5},{"damage":0,"enemies":"Colosseum Nobs","floor":20,"turns":4},{"damage":19,"enemies":"Sentry and Sphere","floor":21,"turns":6},{"damage":0,"enemies":"Snecko","floor":22,"turns":5},{"damage":20,"enemies":"Snake Plant","floor":28,"turns":5},{"damage":18,"enemies":"Sentry and Sphere","floor":30,"turns":6},{"damage":1,"enemies":"Slavers","floor":31,"turns":3},{"damage":74,"enemies":"Collector","floor":33,"turns":8}],"seed_played":"6245938653020356509","potions_obtained":[{"floor":2,"key":"Energy Potion"},{"floor":4,"key":"Swift Potion"},{"floor":5,"key":"PowerPotion"},{"floor":7,"key":"SpeedPotion"},{"floor":18,"key":"Fire Potion"},{"floor":20,"key":"Explosive Potion"}],"is_trial":false,"path_per_floor":["M","M","$","M","?","M","E","R","T","M","E","?","R","M","R","B",null,"M","M","?","M","M","R","?","R","T","$","M","?","M","E","R","B"],"character_chosen":"DEFECT","items_purchased":["Capacitor","Meat on the Bone"],"campfire_rested":3,"item_purchase_floors":[27,27],"current_hp_per_floor":[60,56,56,56,56,58,16,37,37,38,40,40,40,36,57,48,65,56,50,40,23,25,46,46,46,46,46,46,46,42,43,43,0],"gold":194,"neow_bonus":"RANDOM_COMMON_RELIC","is_prod":false,"is_daily":false,"chose_seed":false,"campfire_upgraded":3,"win_rate":0,"timestamp":1551415711,"path_taken":["M","M","$","M","?","M","E","R","T","?","E","?","R","M","R","BOSS","M","M","?","M","M","R","?","R","T","$","M","?","M","E","R","BOSS"],"build_version":"2019-01-23","purchased_purges":2,"victory":false,"max_hp_per_floor":[71,71,71,71,71,71,71,71,71,71,71,71,71,71,71,71,71,71,71,71,71,71,71,71,71,71,71,71,71,71,71,71,71],"card_choices":[{"not_picked":["Redo","Leap"],"picked":"Go for the Eyes","floor":1},{"not_picked":["Sweeping Beam","Hologram"],"picked":"BootSequence","floor":2},{"not_picked":["Streamline","Beam Cell"],"picked":"Loop","floor":4},{"not_picked":["Storm","Compile Driver"],"picked":"Genetic Algorithm","floor":6},{"not_picked":["Gash","Steam"],"picked":"Buffer","floor":7},{"not_picked":["Leap","Gash"],"picked":"Ball Lightning","floor":10},{"not_picked":["Scrape","Loop"],"picked":"Ball Lightning","floor":11},{"not_picked":["Meteor Strike","Go for the Eyes"],"picked":"Compile Driver","floor":14},{"not_picked":["Biased Cognition","Fission"],"picked":"Electrodynamics","floor":16},{"not_picked":["Hologram","Go for the Eyes"],"picked":"Ball Lightning","floor":18},{"not_picked":["Go for the Eyes","Rip and Tear"],"picked":"Loop","floor":19},{"not_picked":["Redo","Lockon+1"],"picked":"Glacier","floor":20},{"not_picked":["Leap","Beam Cell"],"picked":"Conserve Battery+1","floor":21},{"not_picked":["Melter","Electrodynamics"],"picked":"Compile Driver","floor":22},{"not_picked":["Aggregate","Steam"],"picked":"Chill","floor":28},{"not_picked":["Streamline","Hologram","Leap"],"picked":"SKIP","floor":30},{"not_picked":["Sunder","Conserve Battery","Gash"],"picked":"SKIP","floor":31}],"player_experience":544221,"relics_obtained":[{"floor":7,"key":"Art of War"},{"floor":9,"key":"Tiny Chest"},{"floor":11,"key":"Mercury Hourglass"},{"floor":20,"key":"Nunchaku"},{"floor":20,"key":"Letter Opener"},{"floor":26,"key":"Oddly Smooth Stone"},{"floor":31,"key":"Orichalcum"}],"event_choices":[{"damage_healed":0,"gold_gain":0,"player_choice":"Got Potions","damage_taken":0,"max_hp_gain":0,"max_hp_loss":0,"event_name":"Lab","floor":5,"gold_loss":0},{"damage_healed":0,"gold_gain":0,"player_choice":"Take Wound","damage_taken":0,"relics_obtained":["Golden Idol"],"max_hp_gain":0,"max_hp_loss":0,"event_name":"Golden Idol","floor":12,"gold_loss":0,"cards_obtained":["Injury"]},{"damage_healed":0,"gold_gain":0,"player_choice":"Fight","damage_taken":0,"max_hp_gain":0,"max_hp_loss":0,"event_name":"Colosseum","floor":20,"gold_loss":0},{"damage_healed":0,"gold_gain":0,"player_choice":"Fought Nobs","damage_taken":0,"max_hp_gain":0,"max_hp_loss":0,"event_name":"Colosseum","floor":20,"gold_loss":0},{"damage_healed":0,"gold_gain":0,"player_choice":"Became a vampire (Vial)","damage_taken":0,"max_hp_gain":0,"max_hp_loss":0,"event_name":"Vampires","floor":24,"relics_lost":["Blood Vial"],"gold_loss":0,"cards_obtained":["Bite","Bite","Bite","Bite","Bite"]},{"damage_healed":0,"gold_gain":50,"player_choice":"Stole From Cult","damage_taken":0,"max_hp_gain":0,"max_hp_loss":0,"event_name":"Nest","floor":29,"gold_loss":0}],"is_beta":false,"boss_relics":[{"not_picked":["Snecko Eye","Fusion Hammer"],"picked":"Velvet Choker"}],"items_purged_floors":[3,27],"is_endless":false,"potions_floor_spawned":[2,4,6,7,18,20,20,21,22],"killed_by":"Collector","ascension_level":19}