{"gold_per_floor":[214,232,243,258,270,304,304,256,307,307,319,333,361,133,133,230,230,245,99,99,117,128,161,161,174,174,174,188,188,138,156,156,258,258,271,271,271,271,271,271,371,384,411,0,12,34,46,68,80,92,104,116,7,34,34],"floor_reached":55,"playtime":3357,"items_purged":["Parasite","Strike_G"],"score":824,"play_id":"3a48095f-7f4e-4037-9119-5a1f104ceda8","local_time":"20190308111557","is_ascension_mode":false,"campfire_choices":[{"floor":7,"key":"REST"},{"data":"Footwork","floor":15,"key":"SMITH"},{"data":"Noxious Fumes","floor":24,"key":"SMITH"},{"data":"Neutralize","floor":27,"key":"SMITH"},{"data":"Acrobatics","floor":29,"key":"SMITH"},{"floor":32,"key":"RECALL"},{"data":"Footwork","floor":40,"key":"SMITH"},{"data":"Survivor","floor":45,"key":"SMITH"},{"data":"Defend_G","floor":47,"key":"SMITH"},{"data":"Defend_G","floor":49,"key":"SMITH"},{"data":"Defend_G","floor":52,"key":"SMITH"}],"neow_cost":"NONE","seed_source_timestamp":69253798333547,"circlet_count":0,"master_deck":["Defend_G","Defend_G","Defend_G+1","Defend_G+1","Defend_G+1","Strike_G+1","Strike_G","Strike_G+1","Strike_G","Survivor+1","Acrobatics+1","Noxious Fumes+1","Footwork+1","Backflip+1","Crippling Poison+1","Malaise+1","Corpse Explosion+1","Leg Sweep+1","Backflip+1","Backflip+1","Blur+1","Malaise+1","Footwork+1","Secret Technique+1","Madness+1","Madness+1","Dodge and Roll+1","Cloak And Dagger+1","Blur+1","Footwork","Deadly Poison+1"],"relics":["Ring of the Snake","Toxic Egg 2","Ancient Tea Set","Darkstone Periapt","Whetstone","Eternal Feather","Juzu Bracelet","Coffee Dripper","Unceasing Top","MawBank","Red Mask","Letter Opener"],"potions_floor_usage":[6,16,16,18,21,33,42,50,50,55,55],"damage_taken":[{"damage":1,"enemies":"Cultist","floor":1,"turns":5},{"damage":3,"enemies":"Small Slimes","floor":2,"turns":4},{"damage":0,"enemies":"2 Louse","floor":3,"turns":4},{"damage":2,"enemies":"Blue Slaver","floor":4,"turns":6},{"damage":11,"enemies":"2 Fungi Beasts","floor":5,"turns":5},{"damage":39,"enemies":"Gremlin Nob","floor":6,"turns":6},{"damage":2,"enemies":"Exordium Thugs","floor":11,"turns":8},{"damage":16,"enemies":"3 Louse","floor":12,"turns":5},{"damage":0,"enemies":"Lagavulin","floor":13,"turns":10},{"damage":0,"enemies":"The Guardian","floor":16,"turns":9},{"damage":2,"enemies":"Spheric Guardian","floor":18,"turns":5},{"damage":0,"enemies":"3 Byrds","floor":21,"turns":5},{"damage":0,"enemies":"Snecko","floor":22,"turns":6},{"damage":2,"enemies":"Book of Stabbing","floor":23,"turns":10},{"damage":4,"enemies":"Chosen and Byrds","floor":25,"turns":7},{"damage":0,"enemies":"Snake Plant","floor":28,"turns":5},{"damage":1,"enemies":"Cultist and Chosen","floor":31,"turns":6},{"damage":46,"enemies":"Champ","floor":33,"turns":19},{"damage":0,"enemies":"3 Shapes","floor":35,"turns":6},{"damage":0,"enemies":"Mind Bloom Boss Battle","floor":41,"turns":10},{"damage":0,"enemies":"3 Darklings","floor":42,"turns":4},{"damage":0,"enemies":"Writhing Mass","floor":46,"turns":8},{"damage":0,"enemies":"Spire Growth","floor":48,"turns":8},{"damage":0,"enemies":"Awakened One","floor":50,"turns":21},{"damage":0,"enemies":"Shield and Spear","floor":54,"turns":6},{"damage":79,"enemies":"The Heart","floor":55,"turns":15}],"seed_played":"-5719210634155004664","potions_obtained":[{"floor":4,"key":"Strength Potion"},{"floor":5,"key":"Block Potion"},{"floor":6,"key":"Swift Potion"},{"floor":13,"key":"Poison Potion"},{"floor":16,"key":"AttackPotion"},{"floor":21,"key":"SpeedPotion"},{"floor":25,"key":"Fire Potion"},{"floor":31,"key":"SkillPotion"},{"floor":33,"key":"GamblersBrew"},{"floor":42,"key":"Poison Potion"}],"is_trial":false,"path_per_floor":["M","M","M","M","M","E","R","?","T","?","M","M","E","$","R","B",null,"M","$","?","M","M","E","R","M","T","R","M","R","?","M","R","B",null,"M","?","?","?","?","R","?","M","T","?","R","M","R","M","R","B",null,"R","$","E","B"],"character_chosen":"THE_SILENT","items_purchased":["Whetstone","Backflip+1","Footwork","PowerPotion"],"campfire_rested":1,"item_purchase_floors":[14,19,53,53],"current_hp_per_floor":[69,66,66,64,53,14,35,35,35,52,50,34,34,34,34,34,67,65,65,53,53,53,51,63,59,59,71,71,72,72,71,72,26,72,72,72,72,63,63,72,72,72,72,72,72,72,72,72,72,72,72,72,72,72,0],"gold":34,"neow_bonus":"HUNDRED_GOLD","is_prod":false,"is_daily":false,"chose_seed":false,"campfire_upgraded":9,"win_rate":0,"timestamp":1552065357,"path_taken":["M","M","?","M","M","E","R","?","T","?","M","M","E","$","R","BOSS","M","$","?","M","M","E","R","M","T","R","M","R","?","M","R","BOSS","M","?","?","?","?","R","?","M","T","?","R","M","R","M","R","BOSS","R","$","E","BOSS"],"build_version":"2019-01-23","purchased_purges":2,"victory":false,"max_hp_per_floor":[70,70,70,70,70,70,70,70,70,70,70,70,70,67,67,67,67,67,67,72,72,72,72,72,72,72,72,72,72,72,72,72,72,72,72,72,72,72,72,72,72,72,72,72,72,72,72,72,72,72,72,72,72,72,72],"card_choices":[{"not_picked":["Deadly Poison","Prepared","All Out Attack"],"picked":"SKIP","floor":1},{"not_picked":["Underhanded Strike","Slice","Blade Dance"],"picked":"SKIP","floor":2},{"not_picked":["Sucker Punch","Terror"],"picked":"Acrobatics","floor":3},{"not_picked":["Deflect","Calculated Gamble","Blade Dance"],"picked":"SKIP","floor":4},{"not_picked":["Blade Dance","Deflect"],"picked":"Noxious Fumes","floor":5},{"not_picked":["Slice","Bouncing Flask"],"picked":"Footwork","floor":6},{"not_picked":["Caltrops","Outmaneuver+1"],"picked":"Backflip+1","floor":11},{"not_picked":["Tactician+1","Deflect+1"],"picked":"Crippling Poison+1","floor":12},{"not_picked":["Prepared+1","Caltrops"],"picked":"Malaise+1","floor":13},{"not_picked":["Glass Knife","Adrenaline+1"],"picked":"Corpse Explosion+1","floor":16},{"not_picked":["Noxious Fumes+1","Cloak And Dagger+1"],"picked":"Leg Sweep+1","floor":18},{"not_picked":["Crippling Poison+1","Underhanded Strike","Deflect+1"],"picked":"SKIP","floor":21},{"not_picked":["Deadly Poison+1","Endless Agony+1"],"picked":"Backflip+1","floor":22},{"not_picked":["Prepared+1","Bane","Noxious Fumes"],"picked":"SKIP","floor":23},{"not_picked":["Outmaneuver+1","Predator","Finisher"],"picked":"SKIP","floor":25},{"not_picked":["Noxious Fumes","Outmaneuver+1","Reflex+1"],"picked":"SKIP","floor":28},{"not_picked":["Expertise+1","Outmaneuver+1"],"picked":"Blur+1","floor":31},{"not_picked":["Phantasmal Killer+1","Night Terror+1"],"picked":"Malaise+1","floor":33},{"not_picked":["Leg Sweep+1","Dash+1"],"picked":"Footwork","floor":35},{"not_picked":["Magnetism","Swift Strike"],"picked":"Secret Technique+1","floor":37},{"not_picked":["Blade Dance+1","Prepared+1"],"picked":"Dodge and Roll+1","floor":41},{"not_picked":["Sucker Punch","Poisoned Stab","Endless Agony"],"picked":"SKIP","floor":42},{"not_picked":["All Out Attack+1","Flechettes+1"],"picked":"Cloak And Dagger+1","floor":46},{"not_picked":["Infinite Blades+1","Dash"],"picked":"Blur+1","floor":48},{"not_picked":["Phantasmal Killer+1","Prepared+1"],"picked":"Deadly Poison+1","floor":54}],"player_experience":293053,"relics_obtained":[{"floor":6,"key":"Toxic Egg 2"},{"floor":9,"key":"Ancient Tea Set"},{"floor":13,"key":"Darkstone Periapt"},{"floor":23,"key":"Juzu Bracelet"},{"floor":41,"key":"Unceasing Top"},{"floor":43,"key":"MawBank"},{"floor":54,"key":"Letter Opener"}],"event_choices":[{"damage_healed":0,"gold_gain":0,"player_choice":"Left Gold","damage_taken":0,"max_hp_gain":0,"max_hp_loss":0,"event_name":"World of Goop","floor":8,"gold_loss":48},{"damage_healed":17,"gold_gain":0,"player_choice":"Healed and dodged fight","damage_taken":0,"max_hp_gain":0,"max_hp_loss":0,"event_name":"Mushrooms","floor":10,"gold_loss":0,"cards_obtained":["Parasite"]},{"damage_healed":0,"gold_gain":0,"player_choice":"Shed Blood","damage_taken":17,"max_hp_gain":5,"max_hp_loss":0,"event_name":"Forgotten Altar","floor":20,"gold_loss":0},{"damage_healed":0,"gold_gain":0,"player_choice":"Bet on Owner","damage_taken":0,"max_hp_gain":0,"max_hp_loss":0,"event_name":"The Joust","floor":30,"gold_loss":50},{"damage_healed":0,"gold_gain":0,"player_choice":"Ignored","damage_taken":0,"max_hp_gain":0,"max_hp_loss":0,"event_name":"Mysterious Sphere","floor":36,"gold_loss":0},{"damage_healed":0,"gold_gain":0,"player_choice":"Memory 1","damage_taken":0,"max_hp_gain":0,"max_hp_loss":0,"event_name":"SensoryStone","floor":37,"gold_loss":0},{"damage_healed":0,"gold_gain":0,"player_choice":"Embrace Madness","damage_taken":9,"max_hp_gain":0,"max_hp_loss":0,"event_name":"Winding Halls","floor":38,"gold_loss":0,"cards_obtained":["Madness","Madness"]},{"cards_removed":["Neutralize"],"damage_healed":0,"gold_gain":0,"player_choice":"Removed Attack","damage_taken":0,"max_hp_gain":0,"max_hp_loss":0,"event_name":"Falling","floor":39,"gold_loss":0},{"damage_healed":0,"gold_gain":0,"player_choice":"Fight","damage_taken":0,"max_hp_gain":0,"max_hp_loss":0,"event_name":"MindBloom","floor":41,"gold_loss":0},{"damage_healed":0,"gold_gain":0,"player_choice":"Paid","damage_taken":0,"relics_obtained":["Red Mask"],"max_hp_gain":0,"max_hp_loss":0,"event_name":"Tomb of Lord Red Mask","floor":44,"gold_loss":423}],"is_beta":false,"boss_relics":[{"not_picked":["Tiny House","Orrery"],"picked":"Eternal Feather"},{"not_picked":["Ring of the Serpent","Philosopher\u0027s Stone"],"picked":"Coffee Dripper"}],"items_purged_floors":[14,19],"is_endless":false,"potions_floor_spawned":[4,5,6,13,16,21,25,31,33,35,42,46],"killed_by":"The Heart","ascension_level":0}