{"gold_per_floor":[111,122,122,122,135,135,164,164,235,249,262,290,303,30,30,135,135],"floor_reached":17,"playtime":2089,"items_purged":["Strike_B"],"score":167,"play_id":"a898eefc-2106-4678-9faf-532eac72bc71","local_time":"20190304030908","is_ascension_mode":false,"campfire_choices":[{"data":"Go for the Eyes","floor":6,"key":"SMITH"},{"data":"Hologram","floor":8,"key":"SMITH"},{"floor":15,"key":"REST"}],"neow_cost":"TEN_PERCENT_HP_LOSS","seed_source_timestamp":17459351406134,"circlet_count":0,"master_deck":["Strike_B+1","Strike_B","Strike_B","Defend_B","Defend_B","Defend_B+1","Defend_B","Zap+1","Dualcast","Hologram+1","Ball Lightning","Go for the Eyes+1","Electrodynamics","Scrape","Melter","Auto Shields","Compile Driver","Self Repair","Chaos","Buffer"],"relics":["FrozenCore","Ice Cream","Omamori","Question Card","Shovel"],"potions_floor_usage":[12],"damage_taken":[{"damage":2,"enemies":"Small Slimes","floor":1,"turns":3},{"damage":0,"enemies":"2 Louse","floor":2,"turns":4},{"damage":3,"enemies":"Jaw Worm","floor":5,"turns":2},{"damage":20,"enemies":"Gremlin Nob","floor":7,"turns":4},{"damage":1,"enemies":"Exordium Wildlife","floor":10,"turns":5},{"damage":5,"enemies":"Lots of Slimes","floor":11,"turns":2},{"damage":10,"enemies":"3 Sentries","floor":12,"turns":4},{"damage":1,"enemies":"Exordium Thugs","floor":13,"turns":3},{"damage":26,"enemies":"Hexaghost","floor":16,"turns":11}],"seed_played":"-3884201682250536645","potions_obtained":[{"floor":5,"key":"Ancient Potion"},{"floor":7,"key":"LiquidBronze"},{"floor":11,"key":"AttackPotion"},{"floor":16,"key":"PowerPotion"}],"is_trial":false,"path_per_floor":["M","M","?","?","M","R","E","R","T","M","M","E","M","$","R","B",null],"character_chosen":"DEFECT","items_purchased":["Self Repair","PowerPotion","Chaos"],"campfire_rested":1,"item_purchase_floors":[14,14,14],"current_hp_per_floor":[66,66,66,52,49,49,29,29,29,28,23,13,12,12,32,13,68],"gold":135,"neow_bonus":"ONE_RARE_RELIC","is_prod":false,"is_daily":false,"chose_seed":false,"campfire_upgraded":2,"win_rate":0,"timestamp":1551661748,"path_taken":["M","M","?","?","M","R","E","R","T","M","M","E","M","$","R","BOSS"],"build_version":"2019-01-23","purchased_purges":1,"victory":false,"max_hp_per_floor":[68,68,68,68,68,68,68,68,68,68,68,68,68,68,68,68,68],"card_choices":[{"not_picked":["Barrage","Rebound"],"picked":"Hologram","floor":1},{"not_picked":["Tempest","Conserve Battery"],"picked":"Ball Lightning","floor":2},{"not_picked":["Force Field","Turbo"],"picked":"Go for the Eyes","floor":5},{"not_picked":["Hologram","BootSequence"],"picked":"Electrodynamics","floor":7},{"not_picked":["Stack","Hello World","Go for the Eyes"],"picked":"Scrape","floor":10},{"not_picked":["Scrape","Hello World","Force Field"],"picked":"Melter","floor":11},{"not_picked":["Redo","Scrape","Tempest"],"picked":"Auto Shields","floor":12},{"not_picked":["Leap","Steam","White Noise"],"picked":"Compile Driver","floor":13},{"not_picked":["Seek","Multi-Cast","Amplify"],"picked":"Buffer","floor":16}],"player_experience":609071,"relics_obtained":[{"floor":7,"key":"Omamori"},{"floor":9,"key":"Question Card"},{"floor":12,"key":"Shovel"}],"event_choices":[{"damage_healed":0,"gold_gain":0,"player_choice":"Grow","damage_taken":0,"max_hp_gain":0,"max_hp_loss":0,"event_name":"Living Wall","floor":3,"gold_loss":0,"cards_upgraded":["Zap"]},{"damage_healed":0,"gold_gain":0,"player_choice":"Entered Light","damage_taken":14,"max_hp_gain":0,"max_hp_loss":0,"event_name":"Shining Light","floor":4,"gold_loss":0,"cards_upgraded":["Strike_B","Defend_B"]}],"is_beta":false,"boss_relics":[{"not_picked":["Philosopher\u0027s Stone","White Beast Statue"],"picked":"FrozenCore"}],"items_purged_floors":[14],"is_endless":false,"potions_floor_spawned":[5,7,11,16],"ascension_level":0}