{"gold_per_floor":[218,231,231,247,247,247,274,274,274,274,309,326,120,120,120,194,194,205,120,131,150,44,44,44,44,44,44,62,94,94,173,173,250,250,263,263,263,4,18,18,35,45,72,5,19,19,19,37,37,37],"floor_reached":50,"playtime":2512,"items_purged":["Strike_R","Seeing Red"],"score":912,"play_id":"b7d39cac-0ee7-4cb1-a21a-9b35b3c01c36","local_time":"20190308143750","is_ascension_mode":true,"campfire_choices":[{"data":"Armaments","floor":6,"key":"SMITH"},{"data":"Uppercut","floor":8,"key":"SMITH"},{"floor":10,"key":"REST"},{"data":"Bash","floor":15,"key":"SMITH"},{"data":"Demon Form","floor":23,"key":"SMITH"},{"data":"Shockwave","floor":30,"key":"SMITH"},{"data":"Shrug It Off","floor":32,"key":"SMITH"},{"floor":40,"key":"REST"},{"data":"Strike_R","floor":47,"key":"SMITH"},{"floor":49,"key":"REST"}],"neow_cost":"NONE","seed_source_timestamp":82217904519907,"circlet_count":0,"master_deck":["AscendersBane","Strike_R+1","Strike_R","Strike_R+1","Strike_R+1","Defend_R","Defend_R","Bash+1","Uppercut+1","Armaments+1","Reaper+1","Shrug It Off+1","Shockwave+1","Demon Form+1","Parasite","Rampage+1"],"relics":["Black Blood","Turnip","Bottled Flame","Smiling Mask","Snecko Eye","Ginger","The Courier","Strawberry","Gremlin Horn","Orichalcum","Bronze Scales","Regal Pillow"],"potions_floor_usage":[11,16,16,28,28,41,42,45,48,50],"damage_taken":[{"damage":2,"enemies":"2 Louse","floor":1,"turns":3},{"damage":7,"enemies":"Small Slimes","floor":2,"turns":4},{"damage":0,"enemies":"Cultist","floor":4,"turns":3},{"damage":38,"enemies":"Lagavulin","floor":7,"turns":7},{"damage":19,"enemies":"Gremlin Nob","floor":11,"turns":4},{"damage":3,"enemies":"Looter","floor":12,"turns":2},{"damage":16,"enemies":"The Guardian","floor":16,"turns":12},{"damage":0,"enemies":"3 Byrds","floor":18,"turns":5},{"damage":0,"enemies":"Chosen","floor":20,"turns":4},{"damage":10,"enemies":"Snecko","floor":21,"turns":5},{"damage":11,"enemies":"Centurion and Healer","floor":28,"turns":4},{"damage":0,"enemies":"Gremlin Leader","floor":29,"turns":5},{"damage":54,"enemies":"Champ","floor":33,"turns":8},{"damage":49,"enemies":"3 Darklings","floor":35,"turns":6},{"damage":9,"enemies":"Orb Walker","floor":39,"turns":4},{"damage":46,"enemies":"Spire Growth","floor":41,"turns":5},{"damage":25,"enemies":"Writhing Mass","floor":42,"turns":6},{"damage":25,"enemies":"Maw","floor":45,"turns":6},{"damage":17,"enemies":"3 Darklings","floor":48,"turns":4},{"damage":149,"enemies":"Awakened One","floor":50,"turns":9}],"seed_played":"7154213403418584978","potions_obtained":[{"floor":7,"key":"PowerPotion"},{"floor":12,"key":"Strength Potion"},{"floor":18,"key":"Fire Potion"},{"floor":20,"key":"Ancient Potion"},{"floor":35,"key":"AttackPotion"},{"floor":41,"key":"GamblersBrew"},{"floor":45,"key":"PowerPotion"},{"floor":48,"key":"FearPotion"}],"is_trial":false,"path_per_floor":["M","M","?","M","?","R","E","R","T","R","E","M","$","?","R","B",null,"M","?","M","M","$","R","?","$","T","?","M","E","R","T","R","B",null,"M","?","?","$","M","R","M","M","T","$","M","?","R","M","R","B"],"character_chosen":"IRONCLAD","items_purchased":["Shrug It Off","Shockwave","Dexterity Potion","Fire Potion","Orichalcum","Bronze Scales","Regen Potion"],"campfire_rested":3,"item_purchase_floors":[13,13,13,22,38,38,44],"current_hp_per_floor":[72,71,48,54,54,54,22,22,22,44,31,34,34,34,34,33,65,75,75,75,71,71,71,50,50,50,50,65,87,87,87,87,49,78,48,48,48,48,60,86,51,40,40,40,70,70,70,80,87,0],"gold":37,"neow_bonus":"HUNDRED_GOLD","is_prod":false,"is_daily":false,"chose_seed":false,"campfire_upgraded":7,"win_rate":0,"timestamp":1552077470,"path_taken":["M","M","?","M","?","R","E","R","T","R","E","?","$","?","R","BOSS","M","?","M","M","$","R","?","?","T","?","?","E","R","?","R","BOSS","M","?","?","$","?","R","M","M","T","$","M","?","R","?","R","BOSS"],"build_version":"2019-01-23","purchased_purges":2,"victory":false,"max_hp_per_floor":[75,75,75,75,75,75,75,75,75,75,75,75,75,75,75,75,75,75,75,75,75,75,75,80,80,80,80,80,87,87,87,87,87,87,87,87,87,87,87,87,87,87,87,87,87,87,87,87,87,87],"card_choices":[{"not_picked":["Thunderclap","Twin Strike","Flex"],"picked":"SKIP","floor":1},{"not_picked":["Rupture","Headbutt"],"picked":"Uppercut","floor":2},{"not_picked":["Thunderclap","Sentinel"],"picked":"Armaments","floor":4},{"not_picked":["Body Slam","Warcry"],"picked":"Seeing Red","floor":7},{"not_picked":["Uppercut","Headbutt","Anger"],"picked":"SKIP","floor":11},{"not_picked":["Warcry","Perfected Strike"],"picked":"Reaper","floor":12},{"not_picked":["Reaper","Juggernaut"],"picked":"Demon Form","floor":16},{"not_picked":["Burning Pact","Infernal Blade","Bloodletting+1"],"picked":"SKIP","floor":18},{"not_picked":["Infernal Blade","Shrug It Off","Wild Strike"],"picked":"SKIP","floor":20},{"not_picked":["Ghostly Armor","Anger","Cleave"],"picked":"SKIP","floor":21},{"not_picked":["Twin Strike","Wild Strike","Perfected Strike"],"picked":"SKIP","floor":28},{"not_picked":["Sword Boomerang","Spot Weakness","Headbutt"],"picked":"SKIP","floor":29},{"not_picked":["Clash","Perfected Strike","Armaments"],"picked":"SKIP","floor":35},{"not_picked":["Rage","Havoc","Sever Soul"],"picked":"SKIP","floor":39},{"not_picked":["Shockwave+1","Pummel","Headbutt"],"picked":"SKIP","floor":41},{"not_picked":["Combust+1","Corruption","Whirlwind"],"picked":"SKIP","floor":42},{"not_picked":["Burning Pact+1","Perfected Strike","Battle Trance"],"picked":"SKIP","floor":45},{"not_picked":["Armaments","Hemokinesis"],"picked":"Rampage+1","floor":48}],"player_experience":303990,"relics_obtained":[{"floor":7,"key":"Turnip"},{"floor":9,"key":"Bottled Flame"},{"floor":11,"key":"Smiling Mask"},{"floor":26,"key":"The Courier"},{"floor":29,"key":"Strawberry"},{"floor":31,"key":"Gremlin Horn"},{"floor":43,"key":"Regal Pillow"}],"event_choices":[{"damage_healed":0,"gold_gain":0,"player_choice":"Entered Light","damage_taken":23,"max_hp_gain":0,"max_hp_loss":0,"event_name":"Shining Light","floor":3,"gold_loss":0,"cards_upgraded":["Strike_R","Strike_R"]},{"cards_removed":["Defend_R"],"damage_healed":0,"gold_gain":0,"player_choice":"Offered Basic","damage_taken":0,"max_hp_gain":0,"max_hp_loss":0,"event_name":"Bonfire Elementals","floor":5,"gold_loss":0},{"damage_healed":0,"gold_gain":0,"player_choice":"Ignored","damage_taken":0,"max_hp_gain":0,"max_hp_loss":0,"event_name":"Golden Idol","floor":14,"gold_loss":0},{"damage_healed":0,"gold_gain":0,"player_choice":"Obtained Relic","damage_taken":0,"relics_obtained":["Ginger"],"max_hp_gain":0,"max_hp_loss":0,"event_name":"Addict","floor":19,"gold_loss":85},{"damage_healed":0,"gold_gain":0,"player_choice":"Shed Blood","damage_taken":26,"max_hp_gain":5,"max_hp_loss":0,"event_name":"Forgotten Altar","floor":24,"gold_loss":0},{"damage_healed":0,"gold_gain":0,"player_choice":"Ignored","damage_taken":0,"max_hp_gain":0,"max_hp_loss":0,"event_name":"Beggar","floor":27,"gold_loss":0},{"damage_healed":0,"gold_gain":0,"player_choice":"Ignored","damage_taken":0,"max_hp_gain":0,"max_hp_loss":0,"event_name":"Tomb of Lord Red Mask","floor":36,"gold_loss":0},{"damage_healed":0,"gold_gain":0,"player_choice":"Upgraded","damage_taken":0,"max_hp_gain":0,"max_hp_loss":0,"event_name":"Upgrade Shrine","floor":37,"gold_loss":0,"cards_upgraded":["Reaper"]},{"cards_removed":["Defend_R"],"damage_healed":0,"gold_gain":0,"player_choice":"Card Removal","damage_taken":0,"max_hp_gain":0,"max_hp_loss":0,"event_name":"Wheel of Change","floor":46,"gold_loss":0}],"is_beta":false,"boss_relics":[{"not_picked":["Coffee Dripper","Runic Pyramid"],"picked":"Snecko Eye"},{"not_picked":["Pandora\u0027s Box","Tiny House"],"picked":"Black Blood"}],"items_purged_floors":[13,22],"is_endless":false,"potions_floor_spawned":[7,12,18,20,35,41,45,48],"killed_by":"Awakened One","ascension_level":16}