{"gold_per_floor":[20,20,37,55,66,85,113,113,186,186,216,232,232,259,259,362,362,375,32,45,55,55,88,100,130,185,185,185,185,204,223,223,323,323,343,356,60,74,94,94,110,110,110,110,129,109,119,133,133,133],"floor_reached":51,"playtime":4217,"items_purged":["Pain"],"score":771,"play_id":"bee46009-d3f7-4732-86ef-7cec40d51c19","local_time":"20181012012646","is_ascension_mode":true,"campfire_choices":[{"data":"Footwork","floor":10,"key":"SMITH"},{"data":"Neutralize","floor":13,"key":"SMITH"},{"floor":15,"key":"REST"},{"data":"After Image","floor":28,"key":"SMITH"},{"floor":32,"key":"REST"},{"floor":40,"key":"REST"},{"data":"After Image","floor":49,"key":"SMITH"}],"neow_cost":"NO_GOLD","seed_source_timestamp":0,"circlet_count":0,"master_deck":["Defend_G","Defend_G","Defend_G","Defend_G","Defend_G+1","Strike_G","Strike_G","Strike_G","Strike_G","Strike_G","Survivor","Neutralize+1","Footwork+1","All Out Attack","Dodge and Roll+1","Skewer","Dagger Throw","Choke","Quick Slash","Backstab","After Image+1","Footwork","Caltrops","Escape Plan","Concentrate","Escape Plan","Dodge and Roll","Cloak And Dagger","Infinite Blades","After Image+1","Leg Sweep","Blade Dance+1","Infinite Blades","Blade Dance","Dramatic Entrance","Dagger Throw+1","Calculated Gamble+1","Slice","Unload","Blade Dance","Backstab+1","After Image","Leg Sweep+1"],"special_seed":0,"relics":["Ring of the Snake","Incense Burner","Potion Belt","Mercury Hourglass","Tough Bandages","Art of War","WristBlade","Tingsha","Orichalcum","Paper Crane","War Paint","MutagenicStrength","WarpedTongs","Eternal Feather","Mummified Hand","Nunchaku"],"potions_floor_usage":[11,18,23,33,33,35,39,48],"damage_taken":[{"damage":0,"enemies":"Jaw Worm","floor":1,"turns":7},{"damage":0,"enemies":"2 Louse","floor":3,"turns":4},{"damage":0,"enemies":"Cultist","floor":4,"turns":4},{"damage":12,"enemies":"Lots of Slimes","floor":5,"turns":5},{"damage":0,"enemies":"2 Fungi Beasts","floor":6,"turns":4},{"damage":21,"enemies":"3 Sentries","floor":7,"turns":9},{"damage":1,"enemies":"3 Sentries","floor":11,"turns":5},{"damage":0,"enemies":"Exordium Thugs","floor":12,"turns":5},{"damage":2,"enemies":"Lagavulin","floor":14,"turns":7},{"damage":34,"enemies":"Slime Boss","floor":16,"turns":11},{"damage":0,"enemies":"Spheric Guardian","floor":18,"turns":4},{"damage":1,"enemies":"Shell Parasite","floor":20,"turns":6},{"damage":6,"enemies":"3 Cultists","floor":21,"turns":5},{"damage":3,"enemies":"Book of Stabbing","floor":23,"turns":7},{"damage":5,"enemies":"Centurion and Healer","floor":24,"turns":7},{"damage":1,"enemies":"Gremlin Leader","floor":25,"turns":8},{"damage":2,"enemies":"Cultist and Chosen","floor":30,"turns":5},{"damage":11,"enemies":"Snake Plant","floor":31,"turns":4},{"damage":60,"enemies":"Automaton","floor":33,"turns":13},{"damage":37,"enemies":"3 Darklings","floor":35,"turns":5},{"damage":6,"enemies":"Orb Walker","floor":36,"turns":4},{"damage":4,"enemies":"Maw","floor":38,"turns":9},{"damage":6,"enemies":"Transient","floor":39,"turns":5},{"damage":20,"enemies":"Reptomancer","floor":41,"turns":4},{"damage":0,"enemies":"Mind Bloom Boss Battle","floor":44,"turns":6},{"damage":3,"enemies":"Spire Growth","floor":45,"turns":4},{"damage":0,"enemies":"Sphere and 2 Shapes","floor":47,"turns":3},{"damage":4,"enemies":"Maw","floor":48,"turns":7},{"damage":6,"enemies":"Donu and Deca","floor":50,"turns":12}],"seed_played":"418978074192843391","potions_obtained":[{"floor":1,"key":"Energy Potion"},{"floor":3,"key":"LiquidBronze"},{"floor":6,"key":"SpeedPotion"},{"floor":8,"key":"Block Potion"},{"floor":8,"key":"Energy Potion"},{"floor":8,"key":"Regen Potion"},{"floor":11,"key":"Ancient Potion"},{"floor":12,"key":"GhostInAJar"},{"floor":18,"key":"SkillPotion"},{"floor":20,"key":"Dexterity Potion"},{"floor":25,"key":"Weak Potion"},{"floor":30,"key":"Explosive Potion"},{"floor":35,"key":"GamblersBrew"},{"floor":36,"key":"AttackPotion"},{"floor":41,"key":"SpeedPotion"},{"floor":44,"key":"LiquidBronze"},{"floor":46,"key":"PowerPotion"}],"is_trial":false,"path_per_floor":["M","?","M","M","M","M","E","?","T","R","?","M","R","E","R","B",null,"M","$","M","M","$","E","M","E","T","?","R","?","M","M","R","B",null,"M","M","$","M","M","R","M","?","T","?","M","?","M","M","R","B"],"character_chosen":"THE_SILENT","items_purchased":["Tingsha","Caltrops","Infinite Blades","Blade Dance","Dramatic Entrance"],"campfire_rested":3,"item_purchase_floors":[19,19,37,37,37],"current_hp_per_floor":[70,75,75,75,63,63,42,42,42,42,41,41,41,39,61,27,75,75,75,74,68,68,65,60,59,59,59,59,59,57,46,68,8,75,38,32,32,28,22,65,45,45,45,45,42,42,42,38,62,56],"gold":133,"neow_bonus":"ONE_RARE_RELIC","is_prod":false,"is_daily":false,"chose_seed":false,"campfire_upgraded":4,"win_rate":0,"timestamp":1539322006,"path_taken":["M","?","?","M","?","?","E","?","T","R","?","M","R","E","R","BOSS","M","$","M","M","?","E","M","E","T","?","R","?","?","?","R","BOSS","M","M","$","M","M","R","M","?","T","?","M","?","?","M","R","BOSS"],"build_version":"2018-10-11","purchased_purges":1,"victory":true,"max_hp_per_floor":[70,75,75,75,75,75,75,75,75,75,75,75,75,75,75,75,75,75,75,75,75,75,75,75,75,75,75,75,75,75,75,75,75,75,75,75,75,75,75,75,75,75,75,75,75,75,75,75,75,75],"card_choices":[{"not_picked":["Bane","Tactician"],"picked":"Footwork","floor":1},{"not_picked":["Underhanded Strike","Tactician","Blade Dance"],"picked":"SKIP","floor":3},{"not_picked":["Bane","Concentrate"],"picked":"All Out Attack","floor":4},{"not_picked":["Deadly Poison","Expertise"],"picked":"Dodge and Roll","floor":5},{"not_picked":["Sucker Punch","Riddle With Holes"],"picked":"Skewer","floor":6},{"not_picked":["Dodge and Roll","Corpse Explosion"],"picked":"Dagger Throw","floor":7},{"not_picked":["Accuracy","Concentrate"],"picked":"Choke","floor":11},{"not_picked":["Slice","Accuracy"],"picked":"Quick Slash","floor":12},{"not_picked":["Prepared","Phantasmal Killer"],"picked":"Backstab","floor":14},{"not_picked":["Die Die Die","Grand Finale"],"picked":"After Image","floor":16},{"not_picked":["Deadly Poison","Dagger Throw"],"picked":"Footwork","floor":18},{"not_picked":["Deadly Poison","Backflip"],"picked":"Escape Plan","floor":20},{"not_picked":["Slice","Caltrops+1"],"picked":"Concentrate","floor":21},{"not_picked":["Tactician","Choke"],"picked":"Escape Plan","floor":23},{"not_picked":["Quick Slash","Deflect"],"picked":"Dodge and Roll","floor":24},{"not_picked":["Reflex+1","Die Die Die"],"picked":"Masterful Stab","floor":25},{"not_picked":["Poisoned Stab","Dagger Spray"],"picked":"Cloak And Dagger","floor":30},{"not_picked":["Dagger Throw","Reflex+1"],"picked":"Infinite Blades","floor":31},{"not_picked":["Die Die Die","Malaise"],"picked":"After Image","floor":33},{"not_picked":["Reflex+1","Poisoned Stab+1"],"picked":"Leg Sweep","floor":35},{"not_picked":["Dagger Spray+1","Distraction+1"],"picked":"Blade Dance+1","floor":36},{"not_picked":["Poisoned Stab+1","Caltrops"],"picked":"Dagger Throw+1","floor":38},{"not_picked":["Escape Plan","Predator"],"picked":"Calculated Gamble+1","floor":39},{"not_picked":["Dodge and Roll","Flying Knee+1"],"picked":"Slice","floor":41},{"not_picked":["Bane","Poisoned Stab+1"],"picked":"Blade Dance","floor":44},{"not_picked":["Bane+1","Slice"],"picked":"Backstab+1","floor":45},{"not_picked":["Deflect+1","Underhanded Strike"],"picked":"After Image","floor":47},{"not_picked":["Deflect","Quick Slash"],"picked":"Leg Sweep+1","floor":48}],"player_experience":895036,"relics_obtained":[{"floor":7,"key":"Potion Belt"},{"floor":9,"key":"Mercury Hourglass"},{"floor":11,"key":"Tough Bandages"},{"floor":14,"key":"Art of War"},{"floor":23,"key":"Orichalcum"},{"floor":25,"key":"Paper Crane"},{"floor":26,"key":"War Paint"},{"floor":43,"key":"Mummified Hand"},{"floor":44,"key":"Nunchaku"}],"event_choices":[{"event_name":"Big Fish","player_choice":"Donut","floor":2,"damage_taken":0},{"event_name":"The Lab","player_choice":"Got Potions","floor":8,"damage_taken":0},{"event_name":"Dead Adventurer","player_choice":"Searched \u00273\u0027 times","floor":11,"damage_taken":0},{"event_name":"Drug Dealer","player_choice":"Inject Mutagens","floor":27,"damage_taken":0},{"event_name":"Accursed Blacksmith","player_choice":"Rummage","floor":29,"damage_taken":0},{"event_name":"Transmorgrifier","player_choice":"Transform","floor":42,"damage_taken":0},{"event_name":"MindBloom","player_choice":"Fight","floor":44,"damage_taken":0},{"event_name":"The Woman in Blue","player_choice":"Bought 1 Potion","floor":46,"damage_taken":0}],"is_beta":false,"boss_relics":[{"not_picked":["Snecko Eye","HoveringKite"],"picked":"WristBlade"},{"not_picked":["Pandora\u0027s Box","Busted Crown"],"picked":"Eternal Feather"}],"items_purged_floors":[37],"is_endless":false,"potions_floor_spawned":[1,3,6,11,12,16,18,20,25,30,35,36,41,44],"ascension_level":2}