{"gold_per_floor":[116,116,136,154,173,173,193,223,223,236,236,263,263,283,283,386,386,400,414,9,9,21,50,50,50,50,63,63,78,78,88,88,190,190,210,229,229,229,243,243,274,286,325,367,29,29],"floor_reached":46,"playtime":15055,"items_purged":["Strike_B"],"score":612,"play_id":"cd94209d-3b8a-4b01-b1ce-554fedc3777d","local_time":"20181117131040","is_ascension_mode":false,"campfire_choices":[{"data":"Zap","floor":6,"key":"SMITH"},{"floor":11,"key":"REST"},{"data":"Dualcast","floor":15,"key":"SMITH"},{"data":"Capacitor","floor":24,"key":"SMITH"},{"data":"Capacitor","floor":30,"key":"SMITH"},{"data":"Sweeping Beam","floor":32,"key":"SMITH"},{"data":"Seek","floor":40,"key":"SMITH"}],"neow_cost":"NONE","seed_source_timestamp":200663283173744,"circlet_count":0,"master_deck":["Strike_B","Strike_B","Strike_B","Defend_B","Defend_B","Defend_B","Defend_B","Zap+1","Dualcast+1","Self Repair","Sweeping Beam+1","Cold Snap","Ball Lightning","Compile Driver","Go for the Eyes","Steam","Cold Snap","Conserve Battery","Core Surge","Consume+1","Conserve Battery+1","Capacitor+1","Conserve Battery","Ball Lightning","Leap","Capacitor+1","Core Surge","Seek+1","Conserve Battery+1","Writhe","Consume+1","Loop","BootSequence","Sunder+1","Thunder Strike+1"],"relics":["Cracked Core","Singing Bowl","Bottled Tornado","Pantograph","Snecko Eye","Bag of Preparation","Darkstone Periapt","Symbiotic Virus","Black Star","Juzu Bracelet","MawBank","Bag of Marbles","Molten Egg 2","Gremlin Horn"],"potions_floor_usage":[33,41,41,41,46,46],"damage_taken":[{"damage":2,"enemies":"Small Slimes","floor":1,"turns":3},{"damage":0,"enemies":"2 Louse","floor":3,"turns":2},{"damage":6,"enemies":"Jaw Worm","floor":4,"turns":3},{"damage":9,"enemies":"Red Slaver","floor":5,"turns":5},{"damage":13,"enemies":"3 Louse","floor":7,"turns":3},{"damage":31,"enemies":"Gremlin Nob","floor":8,"turns":4},{"damage":17,"enemies":"Exordium Wildlife","floor":10,"turns":4},{"damage":11,"enemies":"Lagavulin","floor":12,"turns":6},{"damage":7,"enemies":"Exordium Thugs","floor":14,"turns":4},{"damage":31,"enemies":"Slime Boss","floor":16,"turns":10},{"damage":7,"enemies":"3 Byrds","floor":18,"turns":5},{"damage":10,"enemies":"Spheric Guardian","floor":19,"turns":4},{"damage":16,"enemies":"Shelled Parasite and Fungi","floor":22,"turns":6},{"damage":33,"enemies":"Gremlin Leader","floor":23,"turns":7},{"damage":1,"enemies":"Snecko","floor":27,"turns":4},{"damage":2,"enemies":"Centurion and Healer","floor":29,"turns":6},{"damage":10,"enemies":"Chosen and Byrds","floor":31,"turns":5},{"damage":12,"enemies":"Champ","floor":33,"turns":9},{"damage":15,"enemies":"3 Shapes","floor":35,"turns":7},{"damage":13,"enemies":"Orb Walker","floor":36,"turns":3},{"damage":0,"enemies":"4 Shapes","floor":39,"turns":4},{"damage":60,"enemies":"Nemesis","floor":41,"turns":7},{"damage":19,"enemies":"Giant Head","floor":44,"turns":10},{"damage":37,"enemies":"Writhing Mass","floor":46,"turns":7}],"seed_played":"5739325392383447420","potions_obtained":[{"floor":1,"key":"EntropicBrew"},{"floor":5,"key":"Dexterity Potion"},{"floor":8,"key":"SteroidPotion"},{"floor":27,"key":"Swift Potion"},{"floor":31,"key":"Weak Potion"},{"floor":39,"key":"Swift Potion"},{"floor":41,"key":"Weak Potion"}],"is_trial":false,"path_per_floor":["M","?","M","M","M","R","M","E","T","M","R","E","?","M","R","B",null,"M","M","$","?","M","E","R","?","T","M","$","M","R","M","R","B",null,"M","M","?","?","M","R","E","?","T","E","$","M"],"character_chosen":"DEFECT","items_purchased":["Capacitor","Conserve Battery","Ball Lightning","Bag of Preparation","Loop","BootSequence","Sunder+1","Thunder Strike+1"],"campfire_rested":1,"item_purchase_floors":[20,20,20,20,45,45,45,45],"current_hp_per_floor":[80,80,82,82,80,80,74,50,50,40,64,60,65,58,58,59,87,87,84,84,76,67,43,43,43,43,49,49,49,49,46,46,66,91,76,65,94,94,96,96,45,45,45,35,35,0],"gold":29,"neow_bonus":"TEN_PERCENT_HP_BONUS","is_prod":false,"is_daily":false,"chose_seed":false,"campfire_upgraded":6,"win_rate":0,"timestamp":1542478240,"path_taken":["M","?","M","M","M","R","M","E","T","M","R","E","?","M","R","BOSS","M","M","$","?","?","E","R","?","T","M","?","M","R","M","R","BOSS","M","M","?","?","?","R","E","?","T","E","$","M"],"build_version":"2018-11-15","purchased_purges":1,"victory":false,"max_hp_per_floor":[82,82,82,82,82,82,82,82,82,82,82,82,87,87,87,87,87,87,87,87,87,87,89,89,89,89,89,89,91,91,91,91,91,91,91,93,99,99,101,101,103,103,103,105,105,105],"card_choices":[{"not_picked":["Scrape","Melter"],"picked":"Self Repair","floor":1},{"not_picked":["Gash","Streamline"],"picked":"Sweeping Beam","floor":3},{"not_picked":["Ball Lightning","Conserve Battery"],"picked":"Cold Snap","floor":4},{"not_picked":["Storm","Force Field"],"picked":"Ball Lightning","floor":5},{"not_picked":["Melter","Gash"],"picked":"Compile Driver","floor":7},{"not_picked":["Self Repair","Turbo"],"picked":"Go for the Eyes","floor":8},{"not_picked":["Rip and Tear","Melter"],"picked":"Steam","floor":10},{"not_picked":["Undo","Ball Lightning"],"picked":"Cold Snap","floor":12},{"not_picked":["Turbo","Reprogram"],"picked":"Conserve Battery","floor":14},{"not_picked":["Multi-Cast","Machine Learning"],"picked":"Core Surge","floor":16},{"not_picked":["Reinforced Body","Leap"],"picked":"Consume+1","floor":18},{"not_picked":["Reinforced Body","Reprogram"],"picked":"Conserve Battery+1","floor":19},{"not_picked":["Storm","Rebound"],"picked":"Leap","floor":22},{"not_picked":["Conserve Battery+1","Barrage","Stack"],"picked":"Singing Bowl","floor":23},{"not_picked":["BootSequence","Compile Driver"],"picked":"Capacitor","floor":27},{"not_picked":["Heatsinks","Ball Lightning+1","Steam Power"],"picked":"Singing Bowl","floor":29},{"not_picked":["Genetic Algorithm+1","Sweeping Beam"],"picked":"Core Surge","floor":31},{"not_picked":["Reboot","Hyperbeam"],"picked":"Seek","floor":33},{"not_picked":["Beam Cell+1","Stack+1"],"picked":"Conserve Battery+1","floor":35},{"not_picked":["Go for the Eyes+1","Redo+1","Leap"],"picked":"Singing Bowl","floor":36},{"not_picked":["Gash+1","Beam Cell+1","Reprogram+1"],"picked":"Singing Bowl","floor":39},{"not_picked":["Steam+1","Machine Learning","Rebound"],"picked":"Singing Bowl","floor":41},{"not_picked":["Conserve Battery+1","Barrage","Stack+1"],"picked":"Singing Bowl","floor":44}],"player_experience":1147974,"relics_obtained":[{"floor":8,"key":"Singing Bowl"},{"floor":9,"key":"Bottled Tornado"},{"floor":12,"key":"Pantograph"},{"floor":23,"key":"Darkstone Periapt"},{"floor":26,"key":"Symbiotic Virus"},{"floor":41,"key":"Juzu Bracelet"},{"floor":41,"key":"MawBank"},{"floor":43,"key":"Bag of Marbles"},{"floor":44,"key":"Molten Egg 2"},{"floor":44,"key":"Gremlin Horn"}],"event_choices":[{"damage_healed":0,"gold_gain":0,"player_choice":"Ignored","damage_taken":0,"max_hp_gain":0,"max_hp_loss":0,"event_name":"Golden Wing","floor":2,"gold_loss":0},{"damage_healed":0,"gold_gain":0,"player_choice":"Donut","damage_taken":0,"max_hp_gain":5,"max_hp_loss":0,"event_name":"Big Fish","floor":13,"gold_loss":0},{"damage_healed":0,"gold_gain":0,"player_choice":"","damage_taken":8,"max_hp_gain":0,"max_hp_loss":0,"event_name":"Knowing Skull","floor":21,"potions_obtained":[],"gold_loss":0,"cards_obtained":[]},{"damage_healed":0,"gold_gain":0,"player_choice":"Ignored","damage_taken":0,"max_hp_gain":0,"max_hp_loss":0,"event_name":"Beggar","floor":25,"gold_loss":0},{"damage_healed":23,"gold_gain":0,"player_choice":"Writhe","damage_taken":0,"max_hp_gain":0,"max_hp_loss":0,"event_name":"Winding Halls","floor":37,"gold_loss":0,"cards_obtained":["Writhe"]},{"damage_healed":0,"gold_gain":0,"player_choice":"Copied","damage_taken":0,"max_hp_gain":0,"max_hp_loss":0,"event_name":"Duplicator","floor":38,"gold_loss":0,"cards_obtained":["Consume"]},{"damage_healed":0,"gold_gain":0,"player_choice":"Ignored","damage_taken":0,"max_hp_gain":0,"max_hp_loss":0,"event_name":"Tomb of Lord Red Mask","floor":42,"gold_loss":0}],"is_beta":false,"boss_relics":[{"not_picked":["Cursed Key","Fusion Hammer"],"picked":"Snecko Eye"},{"not_picked":["Runic Pyramid","Calling Bell"],"picked":"Black Star"}],"items_purged_floors":[20],"is_endless":false,"potions_floor_spawned":[1,5,8,12,27,29,31,39,41],"killed_by":"Writhing Mass","ascension_level":0}