{"gold_per_floor":[13,28,28,40,40,75,87,106,106,106,116,116,135,153,153,255,255,265,285,297,297,314,314,314],"floor_reached":24,"playtime":3906,"items_purged":[],"score":204,"play_id":"22a42e33-35cd-4c02-8293-2d663095323f","local_time":"20190126104859","is_ascension_mode":false,"campfire_choices":[{"floor":10.0,"key":"REST"},{"floor":12.0,"key":"REST"},{"floor":15,"key":"REST"},{"floor":23,"key":"REST"}],"neow_cost":"NO_GOLD","seed_source_timestamp":0,"circlet_count":0,"master_deck":["Strike_R+1","Strike_R+1","Strike_R+1","Strike_R+1","Defend_R+1","Defend_R+1","Defend_R+1","Defend_R+1","Bash","Finesse","Magnetism","Bloodletting","Pommel Strike","Ghostly Armor","True Grit","Dropkick","Cleave","Wild Strike","Cleave","Anger","Barricade","Anger","Armaments+1","Rupture+1","Spot Weakness"],"special_seed":0,"relics":["Burning Blood","Sundial","Dodecahedron","Mark of Pain"],"potions_floor_usage":[14,16,18,22],"damage_taken":[{"damage":10.0,"enemies":"Small Slimes","floor":1.0,"turns":5.0},{"damage":11.0,"enemies":"Jaw Worm","floor":2.0,"turns":6.0},{"damage":5.0,"enemies":"Cultist","floor":4.0,"turns":4.0},{"damage":24.0,"enemies":"Gremlin Nob","floor":6.0,"turns":5.0},{"damage":32.0,"enemies":"Gremlin Gang","floor":7.0,"turns":9.0},{"damage":7.0,"enemies":"Blue Slaver","floor":8.0,"turns":4.0},{"damage":10.0,"enemies":"3 Louse","floor":11.0,"turns":3.0},{"damage":6.0,"enemies":"Large Slime","floor":13.0,"turns":9.0},{"damage":0,"enemies":"2 Fungi Beasts","floor":14,"turns":2},{"damage":56,"enemies":"Hexaghost","floor":16,"turns":9},{"damage":32,"enemies":"2 Thieves","floor":18,"turns":4},{"damage":26,"enemies":"Chosen","floor":19,"turns":7},{"damage":25,"enemies":"Shelled Parasite and Fungi","floor":20,"turns":8},{"damage":5,"enemies":"Snecko","floor":22,"turns":5},{"damage":41,"enemies":"Sentry and Sphere","floor":24,"turns":7}],"seed_played":"-7882984871013949026","potions_obtained":[{"floor":1.0,"key":"Energy Potion"},{"floor":2.0,"key":"EssenceOfSteel"},{"floor":4.0,"key":"GamblersBrew"},{"floor":5.0,"key":"FearPotion"},{"floor":7.0,"key":"Explosive Potion"},{"floor":13.0,"key":"PowerPotion"},{"floor":20,"key":"AttackPotion"}],"is_trial":false,"path_per_floor":["M","M","?","M","?","E","M","M","T","R","M","R","M","M","R","B",null,"M","M","M","?","M","R","M"],"character_chosen":"IRONCLAD","items_purchased":[],"campfire_rested":4,"item_purchase_floors":[],"current_hp_per_floor":[76,71,64,65,65,47,21,20,20,44,40,64,64,70,80,30,80,54,34,15,15,16,40,0],"gold":314,"neow_bonus":"RANDOM_COLORLESS_2","is_prod":false,"is_daily":false,"chose_seed":false,"campfire_upgraded":0,"win_rate":0.0,"timestamp":1548528539,"path_taken":["M","M","?","M","?","E","M","M","T","R","?","R","M","M","R","BOSS","M","?","M","?","M","R","M"],"build_version":"2019-01-23","purchased_purges":0,"victory":false,"max_hp_per_floor":[80,80,80,80,80,80,80,80,80,80,80,80,80,80,80,80,80,80,80,80,80,80,80,80],"card_choices":[{"not_picked":["Uppercut","Sword Boomerang"],"picked":"Bloodletting","floor":1.0},{"not_picked":["Shrug It Off","Rage"],"picked":"Pommel Strike","floor":2.0},{"not_picked":["Clash","Bloodletting"],"picked":"Ghostly Armor","floor":4.0},{"not_picked":["Armaments","Heavy Blade"],"picked":"True Grit","floor":6.0},{"not_picked":["Brutality","Sword Boomerang"],"picked":"Dropkick","floor":7.0},{"not_picked":["Warcry","Searing Blow"],"picked":"Cleave","floor":8.0},{"not_picked":["Clothesline","Corruption"],"picked":"Wild Strike","floor":11.0},{"not_picked":["True Grit","Corruption"],"picked":"Cleave","floor":13.0},{"not_picked":["Burning Pact","Pommel Strike"],"picked":"Anger","floor":14},{"not_picked":["Reaper","Double Tap"],"picked":"Barricade","floor":16},{"not_picked":["Wild Strike","Thunderclap"],"picked":"Anger","floor":18},{"not_picked":["Cleave","Flex"],"picked":"Armaments+1","floor":19},{"not_picked":["Anger","True Grit"],"picked":"Rupture+1","floor":20},{"not_picked":["Barricade","True Grit"],"picked":"Spot Weakness","floor":22}],"player_experience":63343,"relics_obtained":[{"floor":6.0,"key":"Sundial"},{"floor":9.0,"key":"Dodecahedron"}],"event_choices":[{"cards_removed":["Strike_R"],"damage_healed":0.0,"max_hp_gain":0.0,"max_hp_loss":0.0,"gold_gain":0.0,"event_name":"Golden Wing","player_choice":"Card Removal","floor":3.0,"gold_loss":0.0,"damage_taken":7.0},{"damage_healed":0.0,"max_hp_gain":0.0,"max_hp_loss":0.0,"gold_gain":0.0,"event_name":"Lab","player_choice":"Got Potions","floor":5.0,"gold_loss":0.0,"damage_taken":0.0},{"damage_healed":0,"gold_gain":0,"player_choice":"Simplicity","damage_taken":0,"max_hp_gain":0,"max_hp_loss":0,"event_name":"Back to Basics","floor":21,"gold_loss":0,"cards_upgraded":["Strike_R","Strike_R","Strike_R","Strike_R","Defend_R","Defend_R","Defend_R","Defend_R"]}],"is_beta":false,"boss_relics":[{"not_picked":["Snecko Eye","Ectoplasm"],"picked":"Mark of Pain"}],"items_purged_floors":[],"is_endless":false,"potions_floor_spawned":[1,2,4,7,13,20],"killed_by":"Sentry and Sphere","ascension_level":0}