{"gold_per_floor":[110,129,304,8,22,54,54,108,108,108,123,123,141,167,167,272,272,292,303,321,3,13,13,13,112,112,138,156,156,185,200,200,200],"floor_reached":33,"playtime":2619,"items_purged":["Doubt","Concentrate"],"score":322,"play_id":"c8678654-590b-4694-9aa5-06406e260b6b","local_time":"20181220220250","is_ascension_mode":false,"campfire_choices":[{"data":"Doppelganger","floor":7.0,"key":"SMITH"},{"data":"Bane","floor":10.0,"key":"SMITH"},{"data":"Backstab","floor":12.0,"key":"SMITH"},{"floor":15.0,"key":"REST"},{"data":"Terror","floor":24,"key":"SMITH"},{"floor":29,"key":"REST"},{"floor":32,"key":"RECALL"}],"neow_cost":"NONE","seed_source_timestamp":0,"circlet_count":0,"master_deck":["Survivor","Neutralize","Doppelganger+1","Dodge and Roll","PiercingWail","Acrobatics","Bane+1","Backstab+1","Terror+1","Predator","Tools of the Trade","Die Die Die","Sucker Punch","Phantasmal Killer","Concentrate","Crippling Poison","A Thousand Cuts","Unload","Acrobatics","Finisher","Backflip","Leg Sweep","Cloak And Dagger","Dash"],"special_seed":0,"relics":["Ring of the Snake","TwistedFunnel","Strawberry","Gremlin Horn","Art of War","Pandora\u0027s Box","Anchor","Pear","Bottled Tornado","Bottled Flame"],"potions_floor_usage":[22,27,33,33],"damage_taken":[{"damage":0.0,"enemies":"2 Louse","floor":1.0,"turns":2.0},{"damage":2.0,"enemies":"Jaw Worm","floor":2.0,"turns":5.0},{"damage":1.0,"enemies":"Cultist","floor":5.0,"turns":4.0},{"damage":32.0,"enemies":"Gremlin Nob","floor":6.0,"turns":6.0},{"damage":4.0,"enemies":"Blue Slaver","floor":11.0,"turns":3.0},{"damage":0.0,"enemies":"Large Slime","floor":13.0,"turns":3.0},{"damage":18.0,"enemies":"3 Sentries","floor":14.0,"turns":11.0},{"damage":18.0,"enemies":"Hexaghost","floor":16.0,"turns":8.0},{"damage":16,"enemies":"2 Thieves","floor":18,"turns":3},{"damage":19,"enemies":"Shell Parasite","floor":19,"turns":5},{"damage":9,"enemies":"3 Cultists","floor":20,"turns":4},{"damage":1,"enemies":"Centurion and Healer","floor":22,"turns":3},{"damage":5,"enemies":"Book of Stabbing","floor":27,"turns":4},{"damage":11,"enemies":"Snake Plant","floor":28,"turns":3},{"damage":5,"enemies":"Gremlin Leader","floor":30,"turns":4},{"damage":12,"enemies":"Cultist and Chosen","floor":31,"turns":5},{"damage":58,"enemies":"Automaton","floor":33,"turns":12}],"seed_played":"-1754925976312812616","potions_obtained":[{"floor":2.0,"key":"Regen Potion"},{"floor":5.0,"key":"GhostInAJar"},{"floor":13.0,"key":"Fire Potion"},{"floor":19,"key":"SpeedPotion"},{"floor":20,"key":"Fire Potion"},{"floor":27,"key":"Ancient Potion"},{"floor":31,"key":"AttackPotion"}],"is_trial":false,"path_per_floor":["M","M","?","$","M","E","R","T","T","R","M","R","M","E","R","B",null,"M","M","M","$","M","?","R","?","T","E","M","R","E","M","R","B"],"character_chosen":"THE_SILENT","items_purchased":["TwistedFunnel","PiercingWail","Anchor","Leg Sweep"],"campfire_rested":2,"item_purchase_floors":[4,4,21,21],"current_hp_per_floor":[70,68,68,68,67,51,51,51,51,51,47,47,47,29,52,34,77,61,42,33,33,32,32,32,32,42,37,26,52,47,35,35,0],"gold":200,"neow_bonus":"ONE_RANDOM_RARE_CARD","is_prod":false,"is_daily":false,"chose_seed":false,"campfire_upgraded":4,"win_rate":0,"timestamp":1545364970,"path_taken":["M","M","?","$","M","E","R","?","T","R","?","R","M","E","R","BOSS","M","?","M","$","M","?","R","?","T","E","M","R","E","M","R","BOSS"],"build_version":"2018-12-20","purchased_purges":2,"victory":false,"max_hp_per_floor":[70,70,70,70,70,77,77,77,77,77,77,77,77,77,77,77,77,77,77,77,77,77,77,77,77,87,87,87,87,87,87,87,87],"card_choices":[{"not_picked":["Sucker Punch","Underhanded Strike","Slice"],"picked":"SKIP","floor":1.0},{"not_picked":["Unload","Distraction"],"picked":"Dodge and Roll","floor":2.0},{"not_picked":["Underhanded Strike","Sucker Punch"],"picked":"Acrobatics","floor":5.0},{"not_picked":["Blade Dance","Cloak And Dagger"],"picked":"Bane","floor":6.0},{"not_picked":["Quick Slash","Acrobatics"],"picked":"Backstab","floor":11.0},{"not_picked":["Slice","Prepared"],"picked":"Terror","floor":13.0},{"not_picked":["Poisoned Stab","Eviscerate"],"picked":"Predator","floor":14.0},{"not_picked":["Burst","Night Terror"],"picked":"Tools of the Trade","floor":16.0},{"not_picked":["Blade Dance","Deadly Poison","Reflex+1"],"picked":"SKIP","floor":18},{"not_picked":["Dagger Throw","Deflect","PiercingWail+1"],"picked":"SKIP","floor":19},{"not_picked":["Flechettes+1","Acrobatics+1"],"picked":"Backflip","floor":20},{"not_picked":["Deadly Poison+1","Sucker Punch+1","Dagger Spray"],"picked":"SKIP","floor":22},{"not_picked":["Concentrate","Dagger Throw"],"picked":"Cloak And Dagger","floor":27},{"not_picked":["Accuracy+1","Slice","Venomology"],"picked":"SKIP","floor":28},{"not_picked":["Predator","Dash","Cloak And Dagger"],"picked":"SKIP","floor":30},{"not_picked":["Predator","Cloak And Dagger"],"picked":"Dash","floor":30},{"not_picked":["Tactician","Flying Knee+1","Poisoned Stab+1"],"picked":"SKIP","floor":31}],"player_experience":279898,"relics_obtained":[{"floor":6.0,"key":"Strawberry"},{"floor":9.0,"key":"Gremlin Horn"},{"floor":14.0,"key":"Art of War"},{"floor":26,"key":"Pear"},{"floor":27,"key":"Bottled Tornado"},{"floor":30,"key":"Bottled Flame"}],"event_choices":[{"damage_healed":0.0,"max_hp_gain":0.0,"max_hp_loss":0.0,"gold_gain":175.0,"event_name":"Liars Game","player_choice":"AGREE","floor":3.0,"gold_loss":0.0,"damage_taken":0.0,"cards_obtained":["Doubt"]},{"damage_healed":0,"gold_gain":0,"player_choice":"Ignored","damage_taken":0,"max_hp_gain":0,"max_hp_loss":0,"event_name":"Beggar","floor":23,"gold_loss":0},{"damage_healed":0,"gold_gain":99,"player_choice":"Stole From Cult","damage_taken":0,"max_hp_gain":0,"max_hp_loss":0,"event_name":"Nest","floor":25,"gold_loss":0}],"is_beta":false,"boss_relics":[{"not_picked":["Empty Cage","Astrolabe"],"picked":"Pandora\u0027s Box"}],"items_purged_floors":[4,21],"is_endless":false,"potions_floor_spawned":[2,5,13,19,20,27,31],"killed_by":"Automaton","ascension_level":0}