{"gold_per_floor":[116,133,56,56,73,108,108,136,136,136,165,176,176,194,194,298,298,318,318,318,333,333,368,368,382,428,428,428],"floor_reached":28,"playtime":2047,"items_purged":[],"score":294,"play_id":"21280e38-07cf-40f0-8b85-0085b9ee1443","local_time":"20190305210131","is_ascension_mode":true,"campfire_choices":[{"data":"Bash","floor":7,"key":"SMITH"},{"data":"Spot Weakness","floor":10,"key":"SMITH"},{"data":"Offering","floor":15,"key":"SMITH"},{"data":"Corruption","floor":27,"key":"SMITH"}],"neow_cost":"NONE","seed_source_timestamp":37586951835345,"circlet_count":0,"master_deck":["Strike_R+1","Strike_R+1","Strike_R+1","Strike_R+1","Strike_R+1","Defend_R+1","Defend_R+1","Defend_R+1","Defend_R+1","Bash+1","Rampage","Clothesline+1","Spot Weakness+1","Battle Trance","Shrug It Off","Offering+1","Immolate","True Grit+1","Shrug It Off","Corruption+1","Infernal Blade+1"],"relics":["Burning Blood","Meat on the Bone","Kunai","Sundial","Peace Pipe","Snecko Eye","Enchiridion","Omamori","War Paint"],"potions_floor_usage":[21,23,23],"damage_taken":[{"damage":4,"enemies":"Small Slimes","floor":1,"turns":4},{"damage":0,"enemies":"2 Louse","floor":2,"turns":3},{"damage":6,"enemies":"Cultist","floor":5,"turns":3},{"damage":20,"enemies":"Gremlin Nob","floor":6,"turns":4},{"damage":40,"enemies":"Lagavulin","floor":8,"turns":7},{"damage":25,"enemies":"Gremlin Nob","floor":11,"turns":4},{"damage":8,"enemies":"3 Louse","floor":12,"turns":3},{"damage":13,"enemies":"Large Slime","floor":14,"turns":4},{"damage":24,"enemies":"Hexaghost","floor":16,"turns":7},{"damage":16,"enemies":"Shell Parasite","floor":18,"turns":3},{"damage":6,"enemies":"3 Byrds","floor":21,"turns":4},{"damage":54,"enemies":"Slavers","floor":23,"turns":4},{"damage":8,"enemies":"Shelled Parasite and Fungi","floor":25,"turns":3},{"damage":0,"enemies":"Book of Stabbing","floor":28,"turns":1}],"seed_played":"-672354049410231629","potions_obtained":[{"floor":5,"key":"SpeedPotion"},{"floor":11,"key":"SpeedPotion"},{"floor":12,"key":"SkillPotion"},{"floor":16,"key":"BloodPotion"},{"floor":20,"key":"SteroidPotion"},{"floor":20,"key":"GamblersBrew"},{"floor":21,"key":"Poison Potion"},{"floor":23,"key":"Ancient Potion"},{"floor":25,"key":"Ancient Potion"}],"is_trial":false,"path_per_floor":["M","M","$","?","M","E","R","E","T","R","E","M","?","M","R","B",null,"M","?","?","M","?","E","?","M","T","R","E"],"character_chosen":"IRONCLAD","items_purchased":["Spot Weakness"],"campfire_rested":0,"item_purchase_floors":[3],"current_hp_per_floor":[88,88,88,88,88,74,74,52,52,52,45,55,60,53,53,47,93,83,83,83,83,67,40,40,50,50,50,50],"gold":428,"neow_bonus":"TEN_PERCENT_HP_BONUS","is_prod":false,"is_daily":false,"chose_seed":false,"campfire_upgraded":4,"win_rate":0,"timestamp":1551812491,"path_taken":["M","M","$","?","M","E","R","E","T","R","E","M","?","M","R","BOSS","M","?","?","?","?","E","?","M","T","R","E"],"build_version":"2019-01-23","purchased_purges":0,"victory":false,"max_hp_per_floor":[88,88,88,88,88,88,88,88,88,88,88,88,93,93,93,93,93,93,93,93,93,93,93,93,93,93,93,93],"card_choices":[{"not_picked":["Shrug It Off","Hemokinesis"],"picked":"Rampage","floor":1},{"not_picked":["Searing Blow","Dual Wield"],"picked":"Clothesline","floor":2},{"not_picked":["Heavy Blade","Pummel"],"picked":"Battle Trance","floor":5},{"not_picked":["Clash","Evolve"],"picked":"Sword Boomerang","floor":6},{"not_picked":["Fire Breathing","Sword Boomerang","Body Slam"],"picked":"SKIP","floor":8},{"not_picked":["Anger","Iron Wave"],"picked":"Shrug It Off","floor":11},{"not_picked":["Heavy Blade","Twin Strike","Sever Soul"],"picked":"SKIP","floor":12},{"not_picked":["Sever Soul","Perfected Strike"],"picked":"Offering","floor":14},{"not_picked":["Dark Embrace","Fiend Fire"],"picked":"Immolate","floor":16},{"not_picked":["Heavy Blade","Battle Trance","Fire Breathing+1"],"picked":"SKIP","floor":18},{"not_picked":["Twin Strike","Rupture"],"picked":"True Grit","floor":21},{"not_picked":["Feed","Flex"],"picked":"Shrug It Off","floor":23},{"not_picked":["Havoc","Warcry"],"picked":"Infernal Blade","floor":25}],"player_experience":657894,"relics_obtained":[{"floor":6,"key":"Meat on the Bone"},{"floor":8,"key":"Kunai"},{"floor":9,"key":"Sundial"},{"floor":11,"key":"Peace Pipe"},{"floor":22,"key":"Enchiridion"},{"floor":23,"key":"Omamori"},{"floor":26,"key":"War Paint"}],"event_choices":[{"damage_healed":0,"gold_gain":0,"player_choice":"Grow","damage_taken":0,"max_hp_gain":0,"max_hp_loss":0,"event_name":"Living Wall","floor":4,"gold_loss":0,"cards_upgraded":["Clothesline"]},{"damage_healed":0,"gold_gain":0,"player_choice":"Donut","damage_taken":0,"max_hp_gain":5,"max_hp_loss":0,"event_name":"Big Fish","floor":13,"gold_loss":0},{"damage_healed":0,"gold_gain":0,"player_choice":"Simplicity","damage_taken":0,"max_hp_gain":0,"max_hp_loss":0,"event_name":"Back to Basics","floor":19,"gold_loss":0,"cards_upgraded":["Strike_R","Strike_R","Strike_R","Strike_R","Strike_R","Defend_R","Defend_R","Defend_R","Defend_R"]},{"damage_healed":0,"gold_gain":0,"player_choice":"Got Potions","damage_taken":0,"max_hp_gain":0,"max_hp_loss":0,"event_name":"Lab","floor":20,"gold_loss":0},{"damage_healed":0,"gold_gain":0,"player_choice":"Obtained Book","damage_taken":16,"max_hp_gain":0,"max_hp_loss":0,"event_name":"Cursed Tome","floor":22,"gold_loss":0},{"damage_healed":0,"gold_gain":0,"cards_transformed":["Sword Boomerang"],"player_choice":"Transformed","damage_taken":0,"max_hp_gain":0,"max_hp_loss":0,"event_name":"Transmorgrifier","floor":24,"gold_loss":0,"cards_obtained":["Corruption"]}],"is_beta":false,"boss_relics":[{"not_picked":["Black Star","Busted Crown"],"picked":"Snecko Eye"}],"items_purged_floors":[],"is_endless":false,"potions_floor_spawned":[5,11,12,16,21,23,25],"killed_by":"Book of Stabbing","ascension_level":3}