{"gold_per_floor":[113,128,143,160,38,48,123,123,123,138,138,148,164,189,189,286,286,306,306,306,317,327,327,339,350,374,374,374,374,374,385,385,486,486,502,251,251,251,261,261,271,271,271,290,290,290,300,317,317,317],"floor_reached":51,"playtime":3080,"items_purged":["Strike_B","Defend_B+1"],"score":630,"play_id":"a88663ea-7cfb-42af-93e3-c58f7fb77dc9","local_time":"20180916213919","is_ascension_mode":false,"campfire_choices":[{"data":"Zap","floor":8,"key":"SMITH"},{"data":"Conserve Battery","floor":11,"key":"SMITH"},{"data":"Hologram","floor":15,"key":"SMITH"},{"floor":23,"key":"REST"},{"floor":27,"key":"REST"},{"data":"Consume","floor":30,"key":"SMITH"},{"data":"Leap","floor":32,"key":"SMITH"},{"floor":40,"key":"REST"},{"floor":42,"key":"REST"},{"floor":46,"key":"REST"},{"floor":49,"key":"REST"}],"neow_cost":"","seed_source_timestamp":600223344674383,"circlet_count":0,"master_deck":["Defend_B+1","Defend_B+1","Defend_B+1","Zap+1","Dualcast+1","White Noise+1","Ball Lightning","Conserve Battery+1","Gash","Cold Snap","Gash","Doom and Gloom","Hologram+1","Go for the Eyes","Capacitor","All For One","Auto Shields+1","Coolheaded+1","Genetic Algorithm+1","BootSequence+1","Consume+1","Force Field","Ball Lightning+1","Leap+1","Creative AI","Hologram+1","Madness","Madness","Scrape+1","Defragment","Defragment+1"],"relics":["Cracked Core","Strawberry","Ancient Tea Set","Astrolabe","Enchiridion","Vajra","Fusion Hammer","War Paint","Bottled Tornado"],"potions_floor_usage":[14,14,25,33,33,47,47,50],"damage_taken":[{"damage":1,"enemies":"Jaw Worm","floor":1,"turns":3},{"damage":0,"enemies":"Small Slimes","floor":2,"turns":4},{"damage":0,"enemies":"2 Louse","floor":3,"turns":2},{"damage":10,"enemies":"Looter","floor":4,"turns":3},{"damage":0,"enemies":"Large Slime","floor":6,"turns":5},{"damage":8,"enemies":"Exordium Wildlife","floor":10,"turns":3},{"damage":1,"enemies":"Lots of Slimes","floor":12,"turns":2},{"damage":5,"enemies":"3 Louse","floor":13,"turns":3},{"damage":9,"enemies":"3 Sentries","floor":14,"turns":3},{"damage":29,"enemies":"Slime Boss","floor":16,"turns":8},{"damage":28,"enemies":"2 Thieves","floor":18,"turns":4},{"damage":0,"enemies":"3 Byrds","floor":21,"turns":5},{"damage":36,"enemies":"Cultist and Chosen","floor":22,"turns":7},{"damage":13,"enemies":"Chosen and Byrds","floor":24,"turns":7},{"damage":6,"enemies":"3 Cultists","floor":25,"turns":5},{"damage":6,"enemies":"Centurion and Healer","floor":31,"turns":6},{"damage":45,"enemies":"Automaton","floor":33,"turns":10},{"damage":2,"enemies":"Orb Walker","floor":35,"turns":4},{"damage":12,"enemies":"3 Darklings","floor":39,"turns":3},{"damage":4,"enemies":"Sphere and 2 Shapes","floor":41,"turns":4},{"damage":0,"enemies":"Reptomancer","floor":44,"turns":4},{"damage":11,"enemies":"3 Darklings","floor":47,"turns":6},{"damage":30,"enemies":"Sphere and 2 Shapes","floor":48,"turns":6},{"damage":53,"enemies":"Donu and Deca","floor":50,"turns":8}],"seed_played":"1442164023501338516","potions_obtained":[{"floor":2,"key":"Strength Potion"},{"floor":3,"key":"Strength Potion"},{"floor":10,"key":"FocusPotion"},{"floor":22,"key":"GamblersBrew"},{"floor":24,"key":"Regen Potion"},{"floor":25,"key":"Fire Potion"},{"floor":33,"key":"Block Potion"},{"floor":35,"key":"LiquidBronze"}],"is_trial":false,"path_per_floor":["M","M","M","M","$","M","?","R","T","M","R","M","M","E","R","B",null,"M","?","?","M","M","R","M","M","T","R","?","?","R","M","R","B",null,"M","$","?","?","M","R","M","R","T","M","?","R","M","M","R","B"],"character_chosen":"DEFECT","items_purchased":["Cold Snap","War Paint"],"campfire_rested":6,"item_purchase_floors":[5,36],"current_hp_per_floor":[74,74,74,64,64,64,53,53,60,52,52,51,46,37,37,8,82,54,54,38,38,2,26,20,28,28,52,52,52,52,46,46,1,82,80,80,80,70,58,82,82,82,82,82,82,82,71,41,65,12],"gold":317,"neow_bonus":"","is_prod":false,"is_daily":false,"chose_seed":false,"campfire_upgraded":5,"win_rate":0.0,"timestamp":1537148359,"path_taken":["M","M","M","M","$","M","?","R","T","M","R","M","M","E","R","BOSS","M","?","?","M","M","R","M","?","T","R","?","?","R","M","R","BOSS","M","$","?","?","?","R","M","R","T","M","?","R","M","M","R","BOSS"],"build_version":"2018-09-06","purchased_purges":2,"victory":true,"max_hp_per_floor":[75,75,75,75,75,75,75,75,82,82,82,82,82,82,82,82,82,82,82,82,82,82,82,82,82,82,82,82,82,82,82,82,82,82,82,82,82,82,82,82,82,82,82,82,82,82,82,82,82,82],"card_choices":[{"not_picked":["Redo","FTL"],"picked":"White Noise","floor":1},{"not_picked":["Loop","Steam Power"],"picked":"Ball Lightning","floor":2},{"not_picked":["Loop","Streamline"],"picked":"Conserve Battery","floor":3},{"not_picked":["Stack","Darkness"],"picked":"Gash","floor":4},{"not_picked":["Reprogram","Cold Snap"],"picked":"Gash","floor":6},{"not_picked":["White Noise","Creative AI"],"picked":"Doom and Gloom","floor":10},{"not_picked":["Cold Snap","Sweeping Beam"],"picked":"Hologram","floor":12},{"not_picked":["White Noise","Ball Lightning"],"picked":"Go for the Eyes","floor":13},{"not_picked":["Storm","Redo"],"picked":"Capacitor","floor":14},{"not_picked":["Biased Cognition","Thunder Strike"],"picked":"All For One","floor":16},{"not_picked":["Double Energy+1","Gash+1"],"picked":"BootSequence+1","floor":18},{"not_picked":["BootSequence","Barrage+1"],"picked":"Consume","floor":21},{"not_picked":["Hologram","Lockon"],"picked":"Force Field","floor":22},{"not_picked":["Beam Cell","Coolheaded"],"picked":"Ball Lightning+1","floor":24},{"not_picked":["Cold Snap","Biased Cognition","Gash"],"picked":"SKIP","floor":25},{"not_picked":["Gash","Stack"],"picked":"Leap","floor":31},{"not_picked":["Amplify","Machine Learning"],"picked":"Creative AI","floor":33},{"not_picked":["Aggregate+1","Beam Cell+1"],"picked":"Hologram+1","floor":35},{"not_picked":["Coolheaded+1","Sweeping Beam","Compile Driver+1"],"picked":"SKIP","floor":39},{"not_picked":["Go for the Eyes+1","Barrage","Beam Cell"],"picked":"SKIP","floor":41},{"not_picked":["Stack","Cold Snap"],"picked":"Scrape+1","floor":44},{"not_picked":["Static Discharge+1","Beam Cell"],"picked":"Defragment","floor":47},{"not_picked":["Stack+1","Coolheaded"],"picked":"Defragment+1","floor":48}],"player_experience":549344,"relics_obtained":[{"floor":9,"key":"Strawberry"},{"floor":14,"key":"Ancient Tea Set"},{"floor":20,"key":"Enchiridion"},{"floor":26,"key":"Vajra"},{"floor":43,"key":"Bottled Tornado"}],"event_choices":[{"event_name":"World of Goop","player_choice":"Gather Gold","floor":7,"damage_taken":0},{"event_name":"The Mausoleum","player_choice":"No","floor":19,"damage_taken":0},{"event_name":"Cursed Tome","player_choice":"Obtained Book","floor":20,"damage_taken":0},{"event_name":"Back to Basics","player_choice":"Simplicity","floor":28,"damage_taken":0},{"event_name":"Ghosts","player_choice":"Ignored","floor":29,"damage_taken":0},{"event_name":"Tomb of Lord Red Mask","player_choice":"Ignored","floor":37,"damage_taken":0},{"event_name":"Winding Halls","player_choice":"Embrace Madness","floor":38,"damage_taken":0},{"event_name":"Transmorgrifier","player_choice":"Skipped","floor":45,"damage_taken":0}],"is_beta":false,"boss_relics":[{"not_picked":["Runic Dome","Snecko Eye"],"picked":"Astrolabe"},{"not_picked":["Tiny House","Philosopher\u0027s Stone"],"picked":"Fusion Hammer"}],"items_purged_floors":[5,36],"is_endless":false,"potions_floor_spawned":[2,3,10,12,13,22,24,25,33,35,41],"ascension_level":0}