{"gold_per_floor":[116,128,78,97,97,97,117,117,117,117,143,154,164,39,39,39],"floor_reached":16,"playtime":1001,"items_purged":["Strike_R"],"score":92,"play_id":"b365786a-4b81-4928-9dfb-40f25876b006","local_time":"20190219174555","is_ascension_mode":false,"campfire_choices":[{"data":"Body Slam","floor":6,"key":"SMITH"},{"data":"Havoc","floor":8,"key":"SMITH"},{"data":"Clothesline","floor":15,"key":"SMITH"}],"neow_cost":"NONE","seed_source_timestamp":4463563532092,"circlet_count":0,"master_deck":["Strike_R","Strike_R","Defend_R","Defend_R","Defend_R","Defend_R","Bash","Body Slam+1","Shrug It Off","Havoc+1","Cleave","Headbutt","Clothesline+1","Shrug It Off"],"relics":["Burning Blood","Gremlin Horn","Regal Pillow"],"potions_floor_usage":[16],"damage_taken":[{"damage":5,"enemies":"Small Slimes","floor":1,"turns":4},{"damage":0,"enemies":"2 Louse","floor":2,"turns":3},{"damage":2,"enemies":"Jaw Worm","floor":4,"turns":6},{"damage":19,"enemies":"Large Slime","floor":7,"turns":10},{"damage":0,"enemies":"3 Louse","floor":12,"turns":2},{"damage":0,"enemies":"Looter","floor":13,"turns":2},{"damage":95,"enemies":"Hexaghost","floor":16,"turns":14}],"seed_played":"-3051796126558032513","potions_obtained":[{"floor":0,"key":"BloodPotion"},{"floor":0,"key":"FairyPotion"},{"floor":0,"key":"SteroidPotion"},{"floor":2,"key":"Ancient Potion"}],"is_trial":false,"path_per_floor":["M","M","?","M","?","R","M","R","T","?","T","M","M","$","R","B"],"character_chosen":"IRONCLAD","items_purchased":["Shrug It Off"],"campfire_rested":0,"item_purchase_floors":[14],"current_hp_per_floor":[80,80,80,80,73,73,60,60,60,60,60,66,72,72,72,0],"gold":39,"neow_bonus":"THREE_SMALL_POTIONS","is_prod":false,"is_daily":false,"chose_seed":false,"campfire_upgraded":3,"win_rate":0,"timestamp":1550591155,"path_taken":["M","M","?","M","?","R","M","R","T","?","?","M","M","$","R","BOSS"],"build_version":"2019-01-23","purchased_purges":1,"victory":false,"max_hp_per_floor":[80,80,80,80,80,80,80,80,80,80,80,80,80,80,80,80],"card_choices":[{"not_picked":["Intimidate","Sword Boomerang"],"picked":"Body Slam","floor":1},{"not_picked":["Sword Boomerang","Intimidate"],"picked":"Shrug It Off","floor":2},{"not_picked":["Pommel Strike","Hemokinesis"],"picked":"Havoc","floor":4},{"not_picked":["Flex","Infernal Blade"],"picked":"Cleave","floor":7},{"not_picked":["Sentinel","Thunderclap"],"picked":"Headbutt","floor":12},{"not_picked":["Thunderclap","Warcry"],"picked":"Clothesline","floor":13}],"player_experience":415241,"relics_obtained":[{"floor":9,"key":"Gremlin Horn"},{"floor":11,"key":"Regal Pillow"}],"event_choices":[{"cards_removed":["Strike_R"],"damage_healed":0,"gold_gain":0,"player_choice":"Card Removal","damage_taken":0,"max_hp_gain":0,"max_hp_loss":0,"event_name":"The Cleric","floor":3,"gold_loss":50},{"cards_removed":["Strike_R"],"damage_healed":0,"gold_gain":0,"player_choice":"Card Removal","damage_taken":7,"max_hp_gain":0,"max_hp_loss":0,"event_name":"Golden Wing","floor":5,"gold_loss":0},{"damage_healed":0,"gold_gain":0,"player_choice":"Ignored","damage_taken":0,"max_hp_gain":0,"max_hp_loss":0,"event_name":"Liars Game","floor":10,"gold_loss":0}],"is_beta":false,"boss_relics":[],"items_purged_floors":[14],"is_endless":false,"potions_floor_spawned":[2,13],"killed_by":"Hexaghost","ascension_level":0}