{"gold_per_floor":[119,138,138,138,156,156,187,187,213,213,58,76,76,110,110,214,214,226,226,226,141,159,159,172,172,195,214,224,98,23,37,37,132,132,149,149,149,168,168,194,194,221,273,273,139,155,155,175,175,175],"floor_reached":51,"playtime":2616,"items_purged":["Strike_B","Pain"],"score":945,"play_id":"59c118cb-59f0-40a2-83a5-b9df6e216480","local_time":"20181002011431","is_ascension_mode":true,"campfire_choices":[{"data":"Dualcast","floor":6,"key":"SMITH"},{"data":"Fusion","floor":8,"key":"SMITH"},{"data":"Zap","floor":10,"key":"SMITH"},{"floor":15,"key":"REST"},{"data":"Static Discharge","floor":23,"key":"SMITH"},{"floor":25,"key":"REST"},{"floor":32,"key":"REST"},{"floor":41,"key":"REST"},{"floor":44,"key":"REST"},{"floor":49,"key":"REST"}],"neow_cost":"NONE","seed_source_timestamp":17652413937546,"circlet_count":0,"master_deck":["Zap+1","Dualcast+1","Compile Driver","Genetic Algorithm","Fusion+1","Ball Lightning","Machine Learning","Undo","Static Discharge+1","Creative AI","Go for the Eyes","Defragment","Coolheaded","Loop","Turbo","Cold Snap","Redo","Reprogram","Recycle","Turbo+1","Coolheaded+1","The Bomb","Glacier","Defragment","Defragment","Stack"],"relics":["Cracked Core","Boot","Bag of Marbles","Lantern","Bronze Scales","Incense Burner","Darkstone Periapt","Nuclear Battery","WarpedTongs","MutagenicStrength","Orichalcum","Happy Flower","Pandora\u0027s Box","Letter Opener","Singing Bowl","Bottled Lightning","Pen Nib"],"potions_floor_usage":[7,14,16,31,36,38,38,40,42,50,50],"damage_taken":[{"damage":3,"enemies":"2 Louse","floor":1,"turns":3},{"damage":1,"enemies":"Cultist","floor":2,"turns":3},{"damage":4,"enemies":"Small Slimes","floor":5,"turns":3},{"damage":13,"enemies":"Gremlin Nob","floor":7,"turns":3},{"damage":4,"enemies":"Red Slaver","floor":12,"turns":2},{"damage":10,"enemies":"3 Sentries","floor":14,"turns":6},{"damage":33,"enemies":"Slime Boss","floor":16,"turns":7},{"damage":5,"enemies":"Shell Parasite","floor":18,"turns":4},{"damage":7,"enemies":"3 Byrds","floor":22,"turns":2},{"damage":31,"enemies":"3 Cultists","floor":24,"turns":6},{"damage":6,"enemies":"Snecko","floor":27,"turns":4},{"damage":4,"enemies":"Snake Plant","floor":28,"turns":4},{"damage":25,"enemies":"Shelled Parasite and Fungi","floor":31,"turns":3},{"damage":21,"enemies":"Champ","floor":33,"turns":13},{"damage":1,"enemies":"3 Shapes","floor":35,"turns":6},{"damage":29,"enemies":"3 Darklings","floor":38,"turns":4},{"damage":26,"enemies":"Nemesis","floor":40,"turns":7},{"damage":39,"enemies":"Giant Head","floor":42,"turns":9},{"damage":8,"enemies":"Spire Growth","floor":46,"turns":5},{"damage":25,"enemies":"4 Shapes","floor":48,"turns":3},{"damage":11,"enemies":"Time Eater","floor":50,"turns":11}],"seed_played":"-5511863692790905801","potions_obtained":[{"floor":5,"key":"FearPotion"},{"floor":7,"key":"LiquidBronze"},{"floor":14,"key":"LiquidBronze"},{"floor":22,"key":"Explosive Potion"},{"floor":27,"key":"Swift Potion"},{"floor":31,"key":"SpeedPotion"},{"floor":35,"key":"Block Potion"},{"floor":36,"key":"Regen Potion"},{"floor":36,"key":"Fruit Juice"},{"floor":36,"key":"Regen Potion"},{"floor":38,"key":"Weak Potion"},{"floor":40,"key":"LiquidBronze"},{"floor":48,"key":"PowerPotion"}],"is_trial":false,"path_per_floor":["M","M","?","?","M","R","E","R","T","R","$","M","?","E","R","B",null,"M","?","?","?","M","R","M","R","T","M","M","$","?","M","R","B",null,"M","?","?","M","?","E","R","E","T","R","$","M","?","M","R","B"],"character_chosen":"DEFECT","items_purchased":["Bronze Scales","Turbo","Defragment"],"campfire_rested":6,"item_purchase_floors":[11,29,45],"current_hp_per_floor":[65,64,64,64,60,60,47,47,47,47,47,43,25,15,37,4,57,52,58,58,58,51,51,20,44,44,38,34,34,34,9,33,12,64,63,68,68,51,46,20,45,21,21,46,46,38,38,15,41,30],"gold":175,"neow_bonus":"RANDOM_COMMON_RELIC","is_prod":false,"is_daily":false,"chose_seed":false,"campfire_upgraded":4,"win_rate":0,"timestamp":1538457271,"path_taken":["M","M","?","?","M","R","E","R","T","R","$","M","?","E","R","BOSS","M","?","?","?","M","R","M","R","T","M","M","$","?","M","R","BOSS","M","?","?","M","?","E","R","E","T","R","?","M","?","M","R","BOSS"],"build_version":"2018-09-27","purchased_purges":2,"victory":true,"max_hp_per_floor":[75,75,75,75,75,75,75,75,75,75,75,75,75,75,75,75,75,75,81,81,81,81,81,81,81,81,81,81,81,81,81,81,81,81,81,86,86,86,86,86,86,86,86,86,86,86,86,88,88,88],"card_choices":[{"not_picked":["Sweeping Beam","Chaos"],"picked":"Compile Driver","floor":1},{"not_picked":["Ball Lightning","Rebound"],"picked":"Genetic Algorithm","floor":2},{"not_picked":["Stack","Streamline"],"picked":"Ball Lightning","floor":5},{"not_picked":["Hyperbeam","Gash"],"picked":"Machine Learning","floor":7},{"not_picked":["Stack","FTL"],"picked":"Undo","floor":12},{"not_picked":["Heatsinks","Chill"],"picked":"Static Discharge","floor":14},{"not_picked":["Core Surge","Electrodynamics"],"picked":"Creative AI","floor":16},{"not_picked":["Heatsinks","Scrape","Barrage"],"picked":"SKIP","floor":18},{"not_picked":["Cold Snap","Sunder"],"picked":"Go for the Eyes","floor":22},{"not_picked":["Rebound+1","Stack"],"picked":"Defragment","floor":24},{"not_picked":["Redo","Gash+1"],"picked":"Coolheaded","floor":27},{"not_picked":["Stack","Fission"],"picked":"Loop","floor":28},{"not_picked":["Compile Driver","Ball Lightning","Rebound"],"picked":"SKIP","floor":31},{"not_picked":["Steam+1","Go for the Eyes"],"picked":"Turbo+1","floor":35},{"not_picked":["Stack+1","Gash+1"],"picked":"Coolheaded+1","floor":38},{"not_picked":["Madness","Impatience"],"picked":"The Bomb","floor":39},{"not_picked":["Recycle","Gash+1"],"picked":"Glacier","floor":40},{"not_picked":["Rebound+1","Steam"],"picked":"Defragment","floor":42},{"not_picked":["Hologram+1","Beam Cell+1"],"picked":"Stack","floor":46},{"not_picked":["Redo+1","Steam Power+1","Compile Driver+1"],"picked":"Singing Bowl","floor":48}],"player_experience":643603,"relics_obtained":[{"floor":7,"key":"Bag of Marbles"},{"floor":9,"key":"Lantern"},{"floor":14,"key":"Darkstone Periapt"},{"floor":26,"key":"Happy Flower"},{"floor":37,"key":"Letter Opener"},{"floor":40,"key":"Singing Bowl"},{"floor":42,"key":"Bottled Lightning"},{"floor":43,"key":"Pen Nib"}],"event_choices":[{"event_name":"Transmorgrifier","player_choice":"Transform","floor":3,"damage_taken":0},{"event_name":"The Woman in Blue","player_choice":"Bought 0 Potions","floor":4,"damage_taken":0},{"event_name":"Scrap Ooze","player_choice":"success","floor":13,"damage_taken":18},{"event_name":"Accursed Blacksmith","player_choice":"Rummage","floor":19,"damage_taken":0},{"event_name":"Drug Dealer","player_choice":"Inject Mutagens","floor":20,"damage_taken":0},{"event_name":"Addict","player_choice":"Obtained Relic","floor":21,"damage_taken":0},{"event_name":"Beggar","player_choice":"Gave Gold","floor":30,"damage_taken":0},{"event_name":"The Lab","player_choice":"Got Potions","floor":36,"damage_taken":0},{"event_name":"Wheel of Change","player_choice":"Relic","floor":37,"damage_taken":0},{"event_name":"SensoryStone","player_choice":"Memory 2","floor":39,"damage_taken":0},{"event_name":"Falling","player_choice":"Removed Skill","floor":47,"damage_taken":0}],"is_beta":false,"boss_relics":[{"not_picked":["Eternal Feather","Lizard Tail"],"picked":"Nuclear Battery"},{"not_picked":["Velvet Choker","Runic Pyramid"],"picked":"Pandora\u0027s Box"}],"items_purged_floors":[29,45],"is_endless":false,"potions_floor_spawned":[5,7,14,22,27,31,35,38,40,48],"ascension_level":7}