{"gold_per_floor":[115,132,132,56,56,70,70,109,163,163,18,39,57,57,57,156,156,180,205,219,237,237,237,281,281,281,306,320,335,19,43,43,43],"floor_reached":33,"playtime":1819,"items_purged":["Strike_R"],"score":457,"play_id":"3f2df90a-9508-475f-82b4-0f5db6cc1502","local_time":"20190219180808","is_ascension_mode":true,"campfire_choices":[{"data":"Bash","floor":7,"key":"SMITH"},{"floor":10,"key":"REST"},{"floor":15,"key":"REST"},{"data":"True Grit","floor":23,"key":"SMITH"},{"data":"Immolate","floor":25,"key":"SMITH"},{"data":"Rampage","floor":32,"key":"SMITH"}],"neow_cost":"PERCENT_DAMAGE","seed_source_timestamp":412039307487586,"circlet_count":0,"master_deck":["AscendersBane","Strike_R","Strike_R","Strike_R+1","Defend_R","Defend_R","Defend_R","Defend_R","Bash+1","Immolate+1","Rampage+1","Anger+1","Disarm+1","True Grit+1","Shrug It Off","Corruption","Fiend Fire","Shrug It Off+1","Feel No Pain","Metallicize+1"],"relics":["Burning Blood","Golden Idol","Happy Flower","Whetstone","Snecko Eye","Frozen Egg 2","Matryoshka","Mercury Hourglass","War Paint","Pen Nib"],"potions_floor_usage":[16,16,24,28,33],"damage_taken":[{"damage":11,"enemies":"Small Slimes","floor":1,"turns":3},{"damage":12,"enemies":"Jaw Worm","floor":2,"turns":2},{"damage":0,"enemies":"2 Louse","floor":6,"turns":1},{"damage":27,"enemies":"Gremlin Nob","floor":8,"turns":4},{"damage":13,"enemies":"Exordium Thugs","floor":12,"turns":3},{"damage":7,"enemies":"Red Slaver","floor":13,"turns":4},{"damage":23,"enemies":"Hexaghost","floor":16,"turns":9},{"damage":12,"enemies":"2 Thieves","floor":18,"turns":4},{"damage":0,"enemies":"3 Byrds","floor":19,"turns":4},{"damage":14,"enemies":"Cultist and Chosen","floor":20,"turns":5},{"damage":33,"enemies":"Centurion and Healer","floor":21,"turns":4},{"damage":36,"enemies":"Slavers","floor":24,"turns":5},{"damage":15,"enemies":"Snecko","floor":27,"turns":5},{"damage":1,"enemies":"Shelled Parasite and Fungi","floor":28,"turns":4},{"damage":7,"enemies":"Centurion and Healer","floor":29,"turns":3},{"damage":57,"enemies":"Collector","floor":33,"turns":7}],"seed_played":"-5390805965655884507","potions_obtained":[{"floor":8,"key":"Poison Potion"},{"floor":13,"key":"AttackPotion"},{"floor":16,"key":"Fire Potion"},{"floor":18,"key":"LiquidBronze"},{"floor":24,"key":"GamblersBrew"},{"floor":27,"key":"Block Potion"},{"floor":28,"key":"SpeedPotion"}],"is_trial":false,"path_per_floor":["M","M","?","$","?","M","R","E","T","R","$","M","M","$","R","B",null,"M","M","M","M","?","R","E","R","T","M","M","M","$","T","R","B"],"character_chosen":"IRONCLAD","items_purchased":["Disarm","Offering","Mercury Hourglass"],"campfire_rested":2,"item_purchase_floors":[4,11,30],"current_hp_per_floor":[45,39,39,39,32,38,38,17,17,37,37,30,29,29,49,32,60,54,60,52,25,79,79,49,49,49,40,45,44,44,44,44,0],"gold":43,"neow_bonus":"THREE_RARE_CARDS","is_prod":false,"is_daily":false,"chose_seed":false,"campfire_upgraded":4,"win_rate":0,"timestamp":1550621288,"path_taken":["M","M","?","$","?","M","R","E","T","R","?","M","M","$","R","BOSS","M","M","M","M","?","R","E","R","T","M","M","M","$","?","R","BOSS"],"build_version":"2019-01-23","purchased_purges":1,"victory":false,"max_hp_per_floor":[75,75,69,69,69,69,69,69,69,69,69,69,69,69,69,69,69,69,69,69,69,79,79,79,79,79,79,79,79,79,79,79,79],"card_choices":[{"not_picked":["Limit Break","Fiend Fire"],"picked":"Immolate","floor":0},{"not_picked":["Anger","Flex"],"picked":"Rampage","floor":1},{"not_picked":["Perfected Strike","Dual Wield"],"picked":"Anger","floor":2},{"not_picked":["Sentinel","Intimidate","Havoc"],"picked":"SKIP","floor":6},{"not_picked":["Rage","Headbutt"],"picked":"True Grit","floor":8},{"not_picked":["Warcry","Flex"],"picked":"Shrug It Off","floor":12},{"not_picked":["Flex","Intimidate"],"picked":"Corruption","floor":13},{"not_picked":["Double Tap","Immolate"],"picked":"Fiend Fire","floor":16},{"not_picked":["Armaments","Perfected Strike","Pummel"],"picked":"SKIP","floor":18},{"not_picked":["Evolve","Thunderclap"],"picked":"Shrug It Off","floor":19},{"not_picked":["Sword Boomerang","Havoc","Armaments"],"picked":"SKIP","floor":20},{"not_picked":["Sever Soul","Hemokinesis"],"picked":"Feel No Pain","floor":21},{"not_picked":["Sentinel","Rampage","Offering"],"picked":"SKIP","floor":24},{"not_picked":["Carnage","Headbutt"],"picked":"Metallicize+1","floor":27},{"not_picked":["Flex+1","Body Slam","Searing Blow"],"picked":"SKIP","floor":28},{"not_picked":["Havoc","Headbutt","Bloodletting"],"picked":"SKIP","floor":29}],"player_experience":509635,"relics_obtained":[{"floor":8,"key":"Happy Flower"},{"floor":9,"key":"Whetstone"},{"floor":24,"key":"Frozen Egg 2"},{"floor":26,"key":"Matryoshka"},{"floor":31,"key":"War Paint"},{"floor":31,"key":"Pen Nib"}],"event_choices":[{"damage_healed":0,"gold_gain":0,"player_choice":"Lose Max HP","damage_taken":0,"relics_obtained":["Golden Idol"],"max_hp_gain":0,"max_hp_loss":6,"event_name":"Golden Idol","floor":3,"gold_loss":0},{"cards_removed":["Strike_R"],"damage_healed":0,"gold_gain":0,"player_choice":"Card Removal","damage_taken":7,"max_hp_gain":0,"max_hp_loss":0,"event_name":"Golden Wing","floor":5,"gold_loss":0},{"cards_removed":["Offering"],"damage_healed":44,"gold_gain":0,"player_choice":"Offered Rare","damage_taken":0,"max_hp_gain":10,"max_hp_loss":0,"event_name":"Bonfire Elementals","floor":22,"gold_loss":0}],"is_beta":false,"boss_relics":[{"not_picked":["Cursed Key","Empty Cage"],"picked":"Snecko Eye"}],"items_purged_floors":[30],"is_endless":false,"potions_floor_spawned":[8,13,16,18,24,27,28],"killed_by":"Collector","ascension_level":14}