{"gold_per_floor":[113,127,137,149,149,149,181,181,204,232,232,261,261,58,58,159,159,177,100,100,114,204,235,43,43],"floor_reached":25,"playtime":1484,"items_purged":[],"score":237,"play_id":"5b49f88f-d837-4f40-a7d0-7116a6924313","local_time":"20180713202608","is_ascension_mode":false,"campfire_choices":[{"data":"Flame Barrier","floor":6,"key":"SMITH"},{"floor":8,"key":"REST"},{"floor":15,"key":"REST"}],"neow_cost":"NONE","seed_source_timestamp":88839468042986,"circlet_count":0,"master_deck":["Strike_R","Strike_R","Strike_R","Strike_R","Strike_R","Defend_R","Defend_R","Defend_R","Defend_R","Bash+1","Shrug It Off","Flame Barrier+1","Heavy Blade","Shrug It Off","Bash","Whirlwind","Apotheosis","Feed+1","J.A.X.","Flex","Panacea","Panache"],"relics":["Black Blood","Juzu Bracelet","Bag of Preparation","Orichalcum","Happy Flower","Potion Belt","Whetstone"],"potions_floor_usage":[16,16,21,23,25],"damage_taken":[{"damage":9,"enemies":"Small Slimes","floor":1,"turns":5},{"damage":1,"enemies":"Cultist","floor":2,"turns":4},{"damage":1,"enemies":"2 Louse","floor":3,"turns":2},{"damage":7,"enemies":"Looter","floor":4,"turns":4},{"damage":50,"enemies":"Lagavulin","floor":7,"turns":15},{"damage":8,"enemies":"3 Sentries","floor":10,"turns":11},{"damage":27,"enemies":"Lagavulin","floor":12,"turns":12},{"damage":33,"enemies":"Slime Boss","floor":16,"turns":8},{"damage":4,"enemies":"3 Byrds","floor":18,"turns":6},{"damage":22,"enemies":"2 Thieves","floor":21,"turns":4},{"damage":27,"enemies":"Gremlin Leader","floor":23,"turns":9},{"damage":30,"enemies":"Slavers","floor":25,"turns":2}],"seed_played":"-927928475297975007","potions_obtained":[{"floor":7,"key":"Poison Potion"},{"floor":10,"key":"Swift Potion"},{"floor":12,"key":"PowerPotion"},{"floor":16,"key":"Dexterity Potion"},{"floor":18,"key":"Poison Potion"}],"is_trial":false,"path_per_floor":["M","M","M","M","?","R","E","R","T","E","?","E","?","$","R","B",null,"M","?","?","M","?","E","$"],"character_chosen":"IRONCLAD","items_purchased":["Apotheosis","Panache"],"campfire_rested":2,"item_purchase_floors":[14,24],"current_hp_per_floor":[77,80,80,79,79,79,35,59,59,57,57,36,28,28,52,25,80,83,83,83,71,47,30,30,0],"gold":43,"neow_bonus":"RANDOM_COMMON_RELIC","is_prod":false,"is_daily":false,"chose_seed":false,"campfire_upgraded":1,"win_rate":0,"timestamp":1531502768,"path_taken":["M","M","M","M","?","R","E","R","T","E","?","E","?","?","R","BOSS","M","?","?","M","?","E","$","E"],"build_version":"2018-07-12","purchased_purges":0,"victory":false,"max_hp_per_floor":[80,80,80,80,80,80,80,80,80,80,80,80,80,80,80,80,80,83,83,83,83,83,83,83,83],"card_choices":[{"not_picked":["Twin Strike","Headbutt"],"picked":"Shrug It Off","floor":1},{"not_picked":["Rupture","Anger"],"picked":"Flame Barrier","floor":2},{"not_picked":["Havoc","Bloodletting"],"picked":"Heavy Blade","floor":3},{"not_picked":["Wild Strike","Disarm","Immolate"],"picked":"SKIP","floor":4},{"not_picked":["Corruption","Juggernaut"],"picked":"Whirlwind","floor":7},{"not_picked":["Sever Soul","Wild Strike","True Grit"],"picked":"SKIP","floor":10},{"not_picked":["Headbutt","Shrug It Off","Armaments"],"picked":"SKIP","floor":12},{"not_picked":["Reaper","Double Tap"],"picked":"Feed","floor":16},{"not_picked":["Armaments","Intimidate","Perfected Strike"],"picked":"SKIP","floor":18},{"not_picked":["Corruption+1","Rupture+1"],"picked":"Flex","floor":21},{"not_picked":["Pommel Strike","Juggernaut","Wild Strike"],"picked":"SKIP","floor":23}],"player_experience":96928,"relics_obtained":[{"floor":7,"key":"Bag of Preparation"},{"floor":9,"key":"Orichalcum"},{"floor":10,"key":"Happy Flower"},{"floor":12,"key":"Potion Belt"},{"floor":23,"key":"Whetstone"}],"event_choices":[{"event_name":"Match and Keep!","player_choice":"3 cards matched","floor":5,"damage_taken":0},{"event_name":"Living Wall","player_choice":"Forget","floor":11,"damage_taken":0},{"event_name":"Wheel of Change","player_choice":"Damage","floor":13,"damage_taken":0},{"event_name":"Drug Dealer","player_choice":"Got JAXXED","floor":19,"damage_taken":0},{"event_name":"Vampires","player_choice":"Ignored","floor":20,"damage_taken":0},{"event_name":"Knowing Skull","player_choice":"GOLD CARD ","floor":22,"damage_taken":0}],"boss_relics":[{"not_picked":["Coffee Dripper","Velvet Choker"],"picked":"Black Blood"}],"items_purged_floors":[],"is_endless":false,"potions_floor_spawned":[7,10,12,16,18],"killed_by":"Slavers","ascension_level":0}