{"gold_per_floor":[118,293,304,317,21,47,47,47,47,80,80,96,96,115,115,219,219,230,230,243,256,256,256,288,288,334,334,354,354,367,367,367,367],"floor_reached":33,"playtime":5239,"items_purged":["Doubt"],"score":275,"play_id":"354d4d12-6c07-4579-ae53-a0bccd49c360","local_time":"20190127135346","is_ascension_mode":false,"campfire_choices":[{"data":"Panache","floor":7,"key":"SMITH"},{"floor":11,"key":"REST"},{"data":"Crippling Poison","floor":13,"key":"SMITH"},{"data":"Noxious Fumes","floor":15,"key":"SMITH"},{"floor":23,"key":"REST"},{"floor":27,"key":"REST"},{"floor":29,"key":"REST"},{"floor":32,"key":"REST"}],"neow_cost":"NONE","seed_source_timestamp":840088597360279,"circlet_count":0,"master_deck":["Defend_G","Defend_G","Defend_G","Defend_G","Defend_G","Strike_G","Strike_G","Strike_G","Survivor","Neutralize","Tactician","Blade Dance","All Out Attack","Crippling Poison+1","Panache+1","Dagger Throw","Noxious Fumes+1","Night Terror","Terror","Dodge and Roll","Corpse Explosion","Deadly Poison","Expertise","Noxious Fumes+1","Dodge and Roll","RitualDagger","Infinite Blades","Endless Agony","Backstab","Unload","Mind Blast"],"relics":["Ring of the Snake","Ginger","Oddly Smooth Stone","Tough Bandages","Snake Skull","Black Star","Ancient Tea Set","Gremlin Horn","Happy Flower"],"potions_floor_usage":[6,14,16,21,24,25,33,33],"damage_taken":[{"damage":0,"enemies":"Small Slimes","floor":1,"turns":4},{"damage":4,"enemies":"Cultist","floor":3,"turns":5},{"damage":1,"enemies":"2 Louse","floor":4,"turns":3},{"damage":18,"enemies":"Lagavulin","floor":6,"turns":10},{"damage":16,"enemies":"Gremlin Nob","floor":10,"turns":4},{"damage":2,"enemies":"2 Fungi Beasts","floor":12,"turns":3},{"damage":0,"enemies":"3 Louse","floor":14,"turns":3},{"damage":29,"enemies":"The Guardian","floor":16,"turns":11},{"damage":14,"enemies":"2 Thieves","floor":18,"turns":4},{"damage":7,"enemies":"Shell Parasite","floor":20,"turns":5},{"damage":0,"enemies":"Cultist and Chosen","floor":21,"turns":4},{"damage":34,"enemies":"Book of Stabbing","floor":24,"turns":6},{"damage":24,"enemies":"Colosseum Slavers","floor":25,"turns":5},{"damage":14,"enemies":"Centurion and Healer","floor":28,"turns":4},{"damage":8,"enemies":"3 Cultists","floor":30,"turns":3},{"damage":47,"enemies":"Automaton","floor":33,"turns":6}],"seed_played":"-720979793261707487","potions_obtained":[{"floor":3,"key":"Block Potion"},{"floor":6,"key":"Ancient Potion"},{"floor":12,"key":"SkillPotion"},{"floor":14,"key":"AttackPotion"},{"floor":16,"key":"Fire Potion"},{"floor":18,"key":"Block Potion"},{"floor":28,"key":"Poison Potion"},{"floor":30,"key":"EssenceOfSteel"}],"is_trial":false,"path_per_floor":["M","?","M","M","$","E","R","?","T","E","R","M","R","M","R","B",null,"M","?","M","M","?","R","E","?","T","R","M","R","M","?","R","B"],"character_chosen":"THE_SILENT","items_purchased":["Panache","Dagger Throw"],"campfire_rested":5,"item_purchase_floors":[5,5],"current_hp_per_floor":[70,70,66,65,65,47,47,47,47,31,52,50,50,50,50,21,70,56,56,49,49,43,64,30,6,6,27,13,34,26,26,47,0],"gold":367,"neow_bonus":"TRANSFORM_CARD","is_prod":false,"is_daily":false,"chose_seed":false,"campfire_upgraded":3,"win_rate":0.0,"timestamp":1548626026,"path_taken":["M","?","M","M","$","E","R","?","T","E","R","?","R","M","R","BOSS","M","?","?","M","?","R","E","?","T","R","M","R","M","?","R","BOSS"],"build_version":"2019-01-23","purchased_purges":1,"victory":false,"max_hp_per_floor":[70,70,70,70,70,70,70,70,70,70,70,70,70,70,70,70,70,70,70,70,70,70,70,70,70,70,70,70,70,70,70,70,70],"card_choices":[{"not_picked":["Calculated Gamble","Bane"],"picked":"Blade Dance","floor":1},{"not_picked":["Backflip","Dagger Spray"],"picked":"All Out Attack","floor":3},{"not_picked":["All Out Attack","Bane"],"picked":"Crippling Poison","floor":4},{"not_picked":["Outmaneuver","Eviscerate"],"picked":"Noxious Fumes","floor":6},{"not_picked":["Poisoned Stab","Bane"],"picked":"Night Terror","floor":10},{"not_picked":["Bane","Bouncing Flask"],"picked":"Terror","floor":12},{"not_picked":["Dagger Spray","Bane"],"picked":"Dodge and Roll","floor":14},{"not_picked":["Tools of the Trade","Glass Knife"],"picked":"Corpse Explosion","floor":16},{"not_picked":["Flying Knee","Acrobatics"],"picked":"Deadly Poison","floor":18},{"not_picked":["Outmaneuver+1","Flying Knee"],"picked":"Noxious Fumes+1","floor":20},{"not_picked":["Caltrops","Outmaneuver"],"picked":"Dodge and Roll","floor":21},{"not_picked":["Heel Hook","All Out Attack"],"picked":"Infinite Blades","floor":24},{"not_picked":["Flechettes","Distraction"],"picked":"Endless Agony","floor":28},{"not_picked":["Distraction","Calculated Gamble"],"picked":"Backstab","floor":30}],"player_experience":84269,"relics_obtained":[{"floor":6,"key":"Ginger"},{"floor":8,"key":"Oddly Smooth Stone"},{"floor":9,"key":"Tough Bandages"},{"floor":10,"key":"Snake Skull"},{"floor":24,"key":"Ancient Tea Set"},{"floor":24,"key":"Gremlin Horn"},{"floor":26,"key":"Happy Flower"}],"event_choices":[{"damage_healed":0,"gold_gain":175,"player_choice":"AGREE","damage_taken":0,"max_hp_gain":0,"max_hp_loss":0,"event_name":"Liars Game","floor":2,"gold_loss":0,"cards_obtained":["Doubt"]},{"damage_healed":0,"gold_gain":0,"player_choice":"Relic","damage_taken":0,"max_hp_gain":0,"max_hp_loss":0,"event_name":"Wheel of Change","floor":8,"gold_loss":0},{"damage_healed":0,"gold_gain":0,"cards_transformed":["Strike_G"],"player_choice":"Transformed","damage_taken":0,"max_hp_gain":0,"max_hp_loss":0,"event_name":"Transmorgrifier","floor":19,"gold_loss":0,"cards_obtained":["Expertise"]},{"damage_healed":0,"gold_gain":0,"player_choice":"Joined the Cult","damage_taken":6,"max_hp_gain":0,"max_hp_loss":0,"event_name":"Nest","floor":22,"gold_loss":0,"cards_obtained":["RitualDagger"]},{"damage_healed":0,"gold_gain":0,"player_choice":"Fight","damage_taken":0,"max_hp_gain":0,"max_hp_loss":0,"event_name":"Colosseum","floor":25,"gold_loss":0},{"damage_healed":0,"gold_gain":0,"player_choice":"Fled From Nobs","damage_taken":0,"max_hp_gain":0,"max_hp_loss":0,"event_name":"Colosseum","floor":25,"gold_loss":0},{"damage_healed":0,"gold_gain":0,"player_choice":"2 cards matched","damage_taken":0,"max_hp_gain":0,"max_hp_loss":0,"event_name":"Match and Keep!","floor":31,"gold_loss":0,"cards_obtained":["Unload","Mind Blast"]}],"is_beta":false,"boss_relics":[{"not_picked":["White Beast Statue","Ring of the Serpent"],"picked":"Black Star"}],"items_purged_floors":[5],"is_endless":false,"potions_floor_spawned":[3,6,12,14,16,18,20,25,28,30],"killed_by":"Automaton","ascension_level":0}