{"gold_per_floor":[113,124,144,156,169,169,197,197,274,306,306,306,16,33,33,105,105,118,43,0,0,68,68,100,117,187,30,64,64,92,192,192,263,263,280,330,159,209,221,221,271,421,501,501,218,230,230,230,230,230,230,230,76,103,103],"floor_reached":56,"playtime":3036,"items_purged":["Strike_R","Pommel Strike"],"score":2562,"play_id":"a569ca10-dabd-4aec-a0fc-434df644f2bd","local_time":"20190309035030","is_ascension_mode":true,"campfire_choices":[{"data":"Uppercut","floor":6,"key":"SMITH"},{"data":"Flame Barrier","floor":11,"key":"SMITH"},{"floor":15,"key":"REST"},{"data":"Fiend Fire","floor":23,"key":"SMITH"},{"data":"Feel No Pain","floor":29,"key":"SMITH"},{"data":"Feel No Pain","floor":32,"key":"SMITH"},{"floor":40,"key":"RECALL"},{"data":"Impervious","floor":44,"key":"SMITH"},{"data":"Shrug It Off","floor":47,"key":"SMITH"},{"data":"Sentinel","floor":49,"key":"SMITH"},{"data":"Sever Soul","floor":52,"key":"SMITH"}],"neow_cost":"NONE","seed_source_timestamp":443788289342024,"circlet_count":0,"master_deck":["AscendersBane","Defend_R","Defend_R","Defend_R","Defend_R","Bash","Uppercut+1","Feel No Pain+1","Carnage","Flame Barrier+1","Shrug It Off+1","Fiend Fire+1","Feel No Pain+1","Barricade","Sever Soul+1","Intimidate+1","Corruption","Sentinel+1","Impervious+1","Warcry+1","Havoc+1","Power Through+1"],"relics":["Burning Blood","Dead Branch","Ornamental Fan","Thread and Needle","Snecko Eye","SsserpentHead","Oddly Smooth Stone","PreservedInsect","Mango","Nunchaku","Empty Cage","Juzu Bracelet","Mummified Hand","Torii","Toxic Egg 2","Sling","Red Skull"],"potions_floor_usage":[5,7,10,14,42,46],"damage_taken":[{"damage":6,"enemies":"Cultist","floor":1,"turns":3},{"damage":0,"enemies":"2 Louse","floor":2,"turns":2},{"damage":12,"enemies":"Jaw Worm","floor":3,"turns":5},{"damage":21,"enemies":"3 Louse","floor":4,"turns":5},{"damage":27,"enemies":"Large Slime","floor":5,"turns":8},{"damage":17,"enemies":"Gremlin Nob","floor":7,"turns":4},{"damage":13,"enemies":"Lagavulin","floor":10,"turns":7},{"damage":0,"enemies":"Exordium Thugs","floor":14,"turns":4},{"damage":2,"enemies":"Slime Boss","floor":16,"turns":9},{"damage":0,"enemies":"Chosen","floor":18,"turns":2},{"damage":6,"enemies":"Shell Parasite","floor":22,"turns":2},{"damage":0,"enemies":"Book of Stabbing","floor":24,"turns":2},{"damage":0,"enemies":"Centurion and Healer","floor":25,"turns":4},{"damage":0,"enemies":"Gremlin Leader","floor":28,"turns":4},{"damage":10,"enemies":"Slavers","floor":30,"turns":4},{"damage":0,"enemies":"Collector","floor":33,"turns":2},{"damage":0,"enemies":"3 Shapes","floor":35,"turns":3},{"damage":0,"enemies":"Orb Walker","floor":39,"turns":3},{"damage":1,"enemies":"Mind Bloom Boss Battle","floor":42,"turns":4},{"damage":0,"enemies":"Spire Growth","floor":46,"turns":3},{"damage":0,"enemies":"Awakened One","floor":50,"turns":7},{"damage":0,"enemies":"Shield and Spear","floor":54,"turns":4},{"damage":9,"enemies":"The Heart","floor":55,"turns":5}],"seed_played":"-1402878857621612534","potions_obtained":[{"floor":1,"key":"Dexterity Potion"},{"floor":4,"key":"BloodPotion"},{"floor":5,"key":"Poison Potion"},{"floor":7,"key":"GamblersBrew"},{"floor":22,"key":"SteroidPotion"},{"floor":46,"key":"SteroidPotion"}],"is_trial":false,"path_per_floor":["M","M","M","M","M","R","E","?","T","E","R","?","$","M","R","B",null,"M","?","?","?","M","R","E","M","T","$","E","R","E","?","R","B",null,"M","?","$","?","M","R","?","?","T","R","$","M","R","$","R","B",null,"R","$","E","B",null],"character_chosen":"IRONCLAD","items_purchased":["Fiend Fire","Feel No Pain","SteroidPotion","Corruption","PreservedInsect","Juzu Bracelet","Sling","SpeedPotion","Havoc+1"],"campfire_rested":1,"item_purchase_floors":[13,13,13,27,27,37,45,45,53],"current_hp_per_floor":[75,81,75,60,47,47,36,36,36,29,29,29,29,35,59,63,77,82,82,82,82,82,82,82,82,82,82,96,96,92,92,92,96,96,96,96,96,96,96,96,96,96,96,96,96,96,96,96,96,96,96,96,96,96,93],"gold":103,"neow_bonus":"TEN_PERCENT_HP_BONUS","is_prod":false,"is_daily":false,"chose_seed":false,"campfire_upgraded":9,"win_rate":0,"timestamp":1552121430,"path_taken":["M","M","M","M","M","R","E","?","T","E","R","?","$","M","R","BOSS","M","?","?","?","?","R","E","M","T","?","E","R","E","?","R","BOSS","M","?","$","?","M","R","?","?","T","R","$","M","R","$","R","BOSS","R","$","E","BOSS"],"build_version":"2019-01-23","purchased_purges":2,"victory":true,"max_hp_per_floor":[82,82,82,82,82,82,82,82,82,82,82,82,82,82,82,82,82,82,82,82,82,82,82,82,82,82,82,96,96,96,96,96,96,96,96,96,96,96,96,96,96,96,96,96,96,96,96,96,96,96,96,96,96,96,96],"card_choices":[{"not_picked":["Heavy Blade","Intimidate"],"picked":"Uppercut","floor":1},{"not_picked":["Clothesline","Anger"],"picked":"Feel No Pain","floor":2},{"not_picked":["Warcry","Havoc"],"picked":"Carnage","floor":3},{"not_picked":["Flex","Twin Strike"],"picked":"Flame Barrier","floor":4},{"not_picked":["True Grit","Inflame"],"picked":"Spot Weakness","floor":5},{"not_picked":["Uppercut","Wild Strike"],"picked":"Shrug It Off","floor":7},{"not_picked":["Infernal Blade","Flex"],"picked":"Pommel Strike","floor":10},{"not_picked":["Spot Weakness","Armaments","Searing Blow"],"picked":"SKIP","floor":14},{"not_picked":["Bludgeon","Offering"],"picked":"Barricade","floor":16},{"not_picked":["Pommel Strike","Clash+1","Warcry"],"picked":"SKIP","floor":18},{"not_picked":["True Grit","Heavy Blade"],"picked":"Sever Soul","floor":22},{"not_picked":["Sever Soul","Flex","Havoc"],"picked":"SKIP","floor":24},{"not_picked":["Clash","Bludgeon"],"picked":"Intimidate+1","floor":25},{"not_picked":["Thunderclap","Pommel Strike","Heavy Blade"],"picked":"SKIP","floor":28},{"not_picked":["Body Slam+1","Rampage"],"picked":"Sentinel","floor":30},{"not_picked":["Dark Embrace","Juggernaut"],"picked":"Impervious","floor":33},{"not_picked":["Clothesline+1","Spot Weakness","Wild Strike+1"],"picked":"SKIP","floor":35},{"not_picked":["Pommel Strike","Clothesline+1","Iron Wave"],"picked":"SKIP","floor":39},{"not_picked":["Feed","Cleave"],"picked":"Warcry+1","floor":46},{"not_picked":["Dark Embrace","Wild Strike+1"],"picked":"Power Through+1","floor":54}],"player_experience":896025,"relics_obtained":[{"floor":7,"key":"Dead Branch"},{"floor":9,"key":"Ornamental Fan"},{"floor":10,"key":"Thread and Needle"},{"floor":24,"key":"Oddly Smooth Stone"},{"floor":28,"key":"Mango"},{"floor":30,"key":"Nunchaku"},{"floor":38,"key":"Mummified Hand"},{"floor":42,"key":"Torii"},{"floor":43,"key":"Toxic Egg 2"},{"floor":54,"key":"Red Skull"}],"event_choices":[{"damage_healed":0,"gold_gain":0,"player_choice":"Ignored","damage_taken":0,"max_hp_gain":0,"max_hp_loss":0,"event_name":"Shining Light","floor":8,"gold_loss":0},{"cards_removed":["Strike_R"],"damage_healed":0,"gold_gain":0,"player_choice":"Forget","damage_taken":0,"max_hp_gain":0,"max_hp_loss":0,"event_name":"Living Wall","floor":12,"gold_loss":0},{"cards_removed":["Strike_R"],"damage_healed":0,"gold_gain":0,"player_choice":"Gave Gold","damage_taken":0,"max_hp_gain":0,"max_hp_loss":0,"event_name":"Beggar","floor":19,"gold_loss":75},{"damage_healed":0,"gold_gain":0,"player_choice":"Paid Fearfully","damage_taken":0,"max_hp_gain":0,"max_hp_loss":0,"event_name":"Masked Bandits","floor":20,"gold_loss":43},{"damage_healed":0,"gold_gain":0,"player_choice":"Trade","damage_taken":0,"relics_obtained":["SsserpentHead"],"max_hp_gain":0,"max_hp_loss":0,"event_name":"FaceTrader","floor":21,"gold_loss":0},{"damage_healed":0,"gold_gain":50,"player_choice":"Stole From Cult","damage_taken":0,"max_hp_gain":0,"max_hp_loss":0,"event_name":"Nest","floor":31,"gold_loss":0},{"cards_removed":["Spot Weakness"],"damage_healed":0,"gold_gain":0,"player_choice":"Removed Skill","damage_taken":0,"max_hp_gain":0,"max_hp_loss":0,"event_name":"Falling","floor":36,"gold_loss":0},{"damage_healed":0,"gold_gain":0,"player_choice":"Relic","damage_taken":0,"max_hp_gain":0,"max_hp_loss":0,"event_name":"Wheel of Change","floor":38,"gold_loss":0},{"damage_healed":0,"gold_gain":0,"player_choice":"Ignored","damage_taken":0,"max_hp_gain":0,"max_hp_loss":0,"event_name":"SecretPortal","floor":41,"gold_loss":0},{"damage_healed":0,"gold_gain":0,"player_choice":"Fight","damage_taken":0,"max_hp_gain":0,"max_hp_loss":0,"event_name":"MindBloom","floor":42,"gold_loss":0}],"is_beta":false,"boss_relics":[{"not_picked":["Philosopher\u0027s Stone","Runic Dome"],"picked":"Snecko Eye"},{"not_picked":["Orrery","Calling Bell"],"picked":"Empty Cage"}],"items_purged_floors":[13,53],"is_endless":false,"potions_floor_spawned":[1,4,5,7,22,25,33,35,46,54],"ascension_level":17}