{"gold_per_floor":[15,33,50,62,62,62,62,137,160,160,160,173,28,40,40,136,136,151,76,76,86,110,110,143,69,121,21,21,47,64,83,83,181,181,192,204,204,204,79,79,111,111,136,136,156,156,170,186,186,186],"floor_reached":51,"playtime":4806,"items_purged":["Defend_B","Strike_B","Strike_B"],"score":1059,"play_id":"4cf12e4c-5a4d-43ae-b228-54c7b72415db","local_time":"20180712231722","is_ascension_mode":true,"campfire_choices":[{"data":"Zap","floor":6,"key":"SMITH"},{"data":"Cold Snap","floor":10,"key":"SMITH"},{"data":"Echo Form","floor":15,"key":"SMITH"},{"data":"Glacier","floor":23,"key":"SMITH"},{"floor":32,"key":"REST"},{"data":"Blizzard","floor":40,"key":"SMITH"},{"data":"Coolheaded","floor":44,"key":"SMITH"},{"floor":49,"key":"REST"}],"neow_cost":"NO_GOLD","seed_source_timestamp":183189801390803,"circlet_count":0,"master_deck":["Defend_B+1","Zap+1","Cold Snap+1","Echo Form+1","Glacier+1","BootSequence+1","Coolheaded+1","Blizzard+1","Cold Snap+1"],"relics":["Cracked Core","Oddly Smooth Stone","Sozu","War Paint","Centennial Puzzle","Happy Flower","Pen Nib","Empty Cage","Torii","Anchor","Omamori"],"potions_floor_usage":[16,24],"damage_taken":[{"damage":1,"enemies":"Cultist","floor":1,"turns":5},{"damage":2,"enemies":"Small Slimes","floor":2,"turns":4},{"damage":1,"enemies":"2 Louse","floor":3,"turns":3},{"damage":2,"enemies":"2 Fungi Beasts","floor":4,"turns":4},{"damage":0,"enemies":"Looter","floor":12,"turns":3},{"damage":0,"enemies":"Red Slaver","floor":14,"turns":4},{"damage":6,"enemies":"The Guardian","floor":16,"turns":14},{"damage":0,"enemies":"Chosen","floor":18,"turns":6},{"damage":1,"enemies":"Spheric Guardian","floor":21,"turns":4},{"damage":46,"enemies":"Book of Stabbing","floor":24,"turns":10},{"damage":10,"enemies":"Slaver and Parasite","floor":30,"turns":5},{"damage":8,"enemies":"Centurion and Healer","floor":31,"turns":5},{"damage":11,"enemies":"Automaton","floor":33,"turns":9},{"damage":0,"enemies":"3 Darklings","floor":35,"turns":5},{"damage":9,"enemies":"Flame Bruiser 1 Orb","floor":36,"turns":7},{"damage":3,"floor":38,"turns":7},{"damage":0,"enemies":"Giant Head","floor":41,"turns":7},{"damage":0,"enemies":"Spire Growth","floor":45,"turns":5},{"damage":0,"enemies":"Flame Bruiser 2 Orb","floor":47,"turns":5},{"damage":0,"enemies":"Sphere and 2 Shapes","floor":48,"turns":5},{"damage":0,"enemies":"Awakened One","floor":50,"turns":8}],"seed_played":"8368198914725096405","potions_obtained":[{"floor":2,"key":"FearPotion"},{"floor":3,"key":"Fire Potion"},{"floor":12,"key":"SkillPotion"}],"is_trial":false,"path_per_floor":["M","M","M","M","$","R","$","?","T","R","?","M","$","M","R","B",null,"M","?","$","M","T","R","E","$","T","$","?","T","M","M","R","B",null,"M","M","?","?","$","R","E","?","T","R","M","?","M","M","R","B"],"character_chosen":"DEFECT","items_purchased":["Glacier","Blizzard"],"campfire_rested":2,"item_purchase_floors":[13,25],"current_hp_per_floor":[74,72,71,69,69,69,69,58,58,58,58,58,58,58,58,52,75,75,75,75,74,74,74,28,28,28,28,28,28,18,10,32,21,75,75,66,66,63,63,63,63,63,63,63,63,63,63,63,75,75],"gold":186,"neow_bonus":"REMOVE_TWO","is_prod":false,"is_daily":false,"chose_seed":false,"campfire_upgraded":6,"win_rate":0,"timestamp":1531462642,"path_taken":["M","?","M","M","$","R","?","?","T","R","?","M","?","M","R","BOSS","M","?","?","M","?","R","E","$","T","$","?","?","?","M","R","BOSS","M","?","?","?","$","R","E","?","T","R","M","?","M","M","R","BOSS"],"build_version":"2018-07-12","purchased_purges":3,"victory":true,"max_hp_per_floor":[75,75,75,75,75,75,75,75,75,75,75,75,75,75,75,75,75,75,75,75,75,75,75,75,75,75,75,75,75,75,75,75,75,75,75,75,75,75,75,75,75,75,75,75,75,75,75,75,75,75],"card_choices":[{"not_picked":["Turbo","Lockon","Rip and Tear"],"picked":"SKIP","floor":1},{"not_picked":["Undo","Conserve Battery"],"picked":"Cold Snap","floor":2},{"not_picked":["Chaos","Stack"],"picked":"Steam","floor":3},{"not_picked":["Doom and Gloom","Consume","Force Field"],"picked":"SKIP","floor":4},{"not_picked":["Rebound","Conserve Battery"],"picked":"Echo Form","floor":12},{"not_picked":["Hologram","Aggregate","Compile Driver"],"picked":"SKIP","floor":14},{"not_picked":["Hologram","Ball Lightning"],"picked":"BootSequence","floor":18},{"not_picked":["Sunder","Stack+1"],"picked":"Coolheaded","floor":21},{"not_picked":["Aggregate","Recycle","Coolheaded"],"picked":"SKIP","floor":24},{"not_picked":["Core Surge","Redo"],"picked":"Cold Snap+1","floor":30},{"not_picked":["Leap+1","Gash+1","Coolheaded+1"],"picked":"SKIP","floor":31},{"not_picked":["Gash+1","Hologram","Glacier"],"picked":"SKIP","floor":35},{"not_picked":["Sweeping Beam","Rebound+1","Compile Driver"],"picked":"SKIP","floor":36},{"not_picked":["Hologram","Steam","Conserve Battery"],"picked":"SKIP","floor":41},{"not_picked":["Force Field","Static Discharge+1","Genetic Algorithm"],"picked":"SKIP","floor":45},{"not_picked":["Cold Snap","Buffer","Streamline"],"picked":"SKIP","floor":47},{"not_picked":["Chaos+1","Beam Cell","Streamline"],"picked":"SKIP","floor":48}],"player_experience":31906,"relics_obtained":[{"floor":9,"key":"Oddly Smooth Stone"},{"floor":22,"key":"War Paint"},{"floor":24,"key":"Centennial Puzzle"},{"floor":26,"key":"Happy Flower"},{"floor":29,"key":"Pen Nib"},{"floor":38,"key":"Torii"},{"floor":41,"key":"Anchor"},{"floor":43,"key":"Omamori"}],"event_choices":[{"event_name":"World of Goop","player_choice":"Gather Gold","floor":8,"damage_taken":0},{"event_name":"Purifier","player_choice":"One Purge","floor":11,"damage_taken":0},{"event_name":"Beggar","player_choice":"Gave Gold","floor":19,"damage_taken":0},{"event_name":"Cursed Tome","player_choice":"Ignored","floor":28,"damage_taken":0},{"event_name":"Tomb of Lord Red Mask","player_choice":"Ignored","floor":37,"damage_taken":0},{"event_name":"MindBloom","player_choice":"Fight","floor":38,"damage_taken":0},{"event_name":"The Woman in Blue","player_choice":"Bought 0 Potions","floor":42,"damage_taken":0},{"event_name":"SensoryStone","player_choice":"Memory 1","floor":46,"damage_taken":0}],"boss_relics":[{"not_picked":["Velvet Choker","Calling Bell"],"picked":"Sozu"},{"not_picked":["Busted Crown","Coffee Dripper"],"picked":"Empty Cage"}],"items_purged_floors":[13,27,39],"is_endless":false,"potions_floor_spawned":[2,3,12,18,33,38,41,48],"ascension_level":1}