{"path_per_floor":["M","?","M","?","M","R","M","M","T","M","M","R","E","M","R","B",null,"M","?","$","M","$","E","T","R","T","M","M","E","$","M","R","B",null,"M","?","?","$","M","R","?","R","T","E","R","M","M","M","R","B"],"character_chosen":"DEFECT","items_purchased":["Oddly Smooth Stone","Sunder","Glacier","Ancient Tea Set","Omamori","Doom and Gloom"],"gold_per_floor":[117,117,137,137,149,149,169,182,252,263,279,279,310,325,325,429,429,448,448,149,163,6,34,58,58,133,150,162,193,48,59,59,163,163,179,231,231,192,207,207,207,207,207,242,242,253,263,276,276,276],"floor_reached":51,"campfire_rested":2,"playtime":4356,"current_hp_per_floor":[75,60,54,61,61,61,58,58,58,34,41,41,30,18,59,23,89,89,89,89,82,82,72,72,72,72,69,68,71,71,89,89,59,89,82,78,78,78,89,89,89,89,89,87,87,89,89,75,89,50],"items_purged":[],"gold":276,"score":671,"play_id":"3d0cef6b-6bf2-49e2-b848-818a5e81e8af","local_time":"20180508014350","is_prod":false,"is_daily":false,"chose_seed":false,"is_ascension_mode":false,"campfire_upgraded":6,"timestamp":1525758230,"path_taken":["M","?","M","?","M","R","M","M","T","M","?","R","E","M","R","BOSS","M","?","$","?","?","E","?","R","T","?","M","E","$","M","R","BOSS","M","?","?","$","?","R","?","R","T","E","R","M","M","?","R","BOSS"],"build_version":"2018-05-03","seed_source_timestamp":526697935125256,"purchased_purges":0,"victory":true,"master_deck":["Strike_B+1","Strike_B+1","Strike_B","Strike_B","Defend_B","Defend_B","Defend_B+1","Defend_B","Zap+1","Dualcast+1","Skim","Reprogram","Leap","White Noise","Hologram+1","Self Repair","Auto Shields","Genetic Algorithm","Self Repair","Echo Form+1","Ball Lightning+1","Sunder+1","Glacier","Meteor Strike+1","Conserve Battery+1","All For One","Stack+1","Aggregate+1","Doom and Gloom+1","Storm+1","Amplify+1","Go for the Eyes","Force Field"],"max_hp_per_floor":[75,75,75,89,89,89,89,89,89,89,89,89,89,89,89,89,89,89,89,89,89,89,89,89,89,89,89,89,89,89,89,89,89,89,89,89,89,89,89,89,89,89,89,89,89,89,89,89,89,89],"relics":["Cracked Core","Mango","Blue Candle","Regal Pillow","Snecko Eye","Oddly Smooth Stone","Ancient Tea Set","Ornamental Fan","Bronze Scales","Darkstone Periapt","Anchor","Omamori","Black Star","Girya","Question Card","Happy Flower","Whetstone"],"card_choices":[{"not_picked":["Beam Cell","Storm"],"picked":"Skim","floor":1},{"not_picked":["Barrage","Turbo"],"picked":"Reprogram","floor":3},{"not_picked":["Coolheaded","Static Discharge"],"picked":"Leap","floor":5},{"not_picked":["Go for the Eyes","Leap"],"picked":"White Noise","floor":7},{"not_picked":["Beam Cell","FTL"],"picked":"Hologram","floor":8},{"not_picked":["Go for the Eyes","Loop"],"picked":"Self Repair","floor":10},{"not_picked":["Multi-Cast","Barrage"],"picked":"Auto Shields","floor":11},{"not_picked":["Recycle","Loop"],"picked":"Genetic Algorithm","floor":13},{"not_picked":["Beam Cell","Force Field"],"picked":"Self Repair","floor":14},{"not_picked":["Fission","Multi-Cast"],"picked":"Echo Form","floor":16},{"not_picked":["Skim","Turbo"],"picked":"Ball Lightning","floor":18},{"not_picked":["Coolheaded","Sweeping Beam"],"picked":"Skim","floor":21},{"not_picked":["Tempest","Skim"],"picked":"Meteor Strike","floor":23},{"not_picked":["Gash","Chaos"],"picked":"Conserve Battery","floor":27},{"not_picked":["Machine Learning","Reboot"],"picked":"All For One","floor":33},{"not_picked":["Self Repair","BootSequence"],"picked":"Stack","floor":35},{"not_picked":["Impulse","Go for the Eyes"],"picked":"Aggregate","floor":36},{"not_picked":["Impulse","Capacitor"],"picked":"Storm","floor":39},{"not_picked":["Go for the Eyes","Auto Shields","Barrage"],"picked":"Amplify","floor":44},{"not_picked":["Rebound","Aggregate","Axe Kick"],"picked":"Go for the Eyes","floor":46},{"not_picked":["Loop","Leap","Rip and Tear"],"picked":"Force Field","floor":48}],"player_experience":38399,"potions_floor_usage":[13,13,16,50,50,50],"damage_taken":[{"damage":0,"enemies":"2 Louse","floor":1,"turns":3},{"damage":6,"enemies":"Jaw Worm","floor":3,"turns":2},{"damage":0,"enemies":"Small Slimes","floor":5,"turns":3},{"damage":3,"enemies":"Exordium Wildlife","floor":7,"turns":3},{"damage":0,"enemies":"Red Slaver","floor":8,"turns":4},{"damage":24,"enemies":"Gremlin Gang","floor":10,"turns":5},{"damage":0,"enemies":"Exordium Wildlife","floor":11,"turns":5},{"damage":18,"enemies":"Gremlin Nob","floor":13,"turns":4},{"damage":19,"enemies":"Lots of Slimes","floor":14,"turns":5},{"damage":50,"enemies":"Slime Boss","floor":16,"turns":11},{"damage":4,"enemies":"Shell Parasite","floor":18,"turns":10},{"damage":14,"enemies":"2 Thieves","floor":21,"turns":3},{"damage":31,"enemies":"Slavers","floor":23,"turns":6},{"damage":17,"enemies":"Cultist and Chosen","floor":27,"turns":3},{"damage":15,"enemies":"Snake Plant","floor":28,"turns":2},{"damage":18,"enemies":"Gremlin Leader","floor":29,"turns":5},{"damage":0,"enemies":"Sentry and Sphere","floor":31,"turns":5},{"damage":44,"enemies":"Collector","floor":33,"turns":13},{"damage":7,"enemies":"3 Darklings","floor":35,"turns":4},{"damage":11,"enemies":"Mysterious Sphere","floor":36,"turns":4},{"damage":0,"enemies":"3 Shapes","floor":39,"turns":4},{"damage":2,"enemies":"2 Orb Walkers","floor":44,"turns":2},{"damage":0,"enemies":"Sphere and 2 Shapes","floor":46,"turns":4},{"damage":19,"enemies":"Maw","floor":47,"turns":5},{"damage":28,"enemies":"Spire Growth","floor":48,"turns":4},{"damage":39,"enemies":"Time Eater","floor":50,"turns":10}],"event_choices":[{"event_name":"Shining Light","player_choice":"Entered Light","floor":2,"damage_taken":0},{"event_name":"Scrap Ooze","player_choice":"success","floor":4,"damage_taken":7},{"event_name":"The Lab","player_choice":"Got Potions","floor":19,"damage_taken":0},{"event_name":"Mysterious Sphere","player_choice":"Fight","floor":36,"damage_taken":0},{"event_name":"Tomb of Lord Red Mask","player_choice":"Ignored","floor":37,"damage_taken":0}],"boss_relics":[{"not_picked":["Ectoplasm","Orrery"],"picked":"Snecko Eye"},{"not_picked":["Eternal Feather","Velvet Choker"],"picked":"Black Star"}],"potions_floor_spawned":[3,10,11,14,18,21,28,31,33,35,44,47],"seed_played":"-5345210362918296783","ascension_level":0,"is_trial":false}