{"gold_per_floor":[118,138,11,31,47,47,47,47,101,101,24,34,46,46,46,144,144,164,114,130,130,130,130,55,55,79,29,29,60,72,83,83,182,182,193,468,418,429,440,452,482,482,482,509,528,104,124,153,153,153,153,153,20,55,55],"floor_reached":55,"playtime":3931,"items_purged":["Strike_B","Strike_B","Strike_B","Regret","Defend_B","Defend_B"],"score":1253,"play_id":"4c8ee0e6-cdee-4f5d-ad88-cab3326897cf","local_time":"20190227221925","is_ascension_mode":true,"campfire_choices":[{"data":"Defragment","floor":6.0,"key":"SMITH"},{"data":"Streamline","floor":8.0,"key":"SMITH"},{"data":"Hologram","floor":10.0,"key":"SMITH"},{"floor":15.0,"key":"REST"},{"floor":23.0,"key":"RECALL"},{"floor":25.0,"key":"REST"},{"floor":32.0,"key":"REST"},{"floor":42,"key":"REST"},{"floor":49,"key":"REST"},{"floor":52,"key":"REST"}],"neow_cost":"PERCENT_DAMAGE","seed_source_timestamp":0,"circlet_count":0,"master_deck":["AscendersBane","Defend_B","Defend_B","Zap+1","Dualcast","Forethought+1","Secret Weapon","Streamline+1","Defragment+1","Conserve Battery+1","Capacitor","Hologram+1","Go for the Eyes","Coolheaded","Machine Learning","Darkness","Defragment","Glacier","Cold Snap","Reboot","Darkness+1","Self Repair+1","Creative AI","Recycle+1","Reinforced Body"],"special_seed":0,"relics":["Cracked Core","Smiling Mask","Fusion Hammer","MutagenicStrength","Orichalcum","FaceOfCleric","Bag of Marbles","Lizard Tail","Bird Faced Urn","Pen Nib","Incense Burner","Mercury Hourglass","Bottled Tornado"],"potions_floor_usage":[40,41,41,50,54,54],"damage_taken":[{"damage":0.0,"enemies":"2 Louse","floor":1.0,"turns":2.0},{"damage":3.0,"enemies":"Small Slimes","floor":2.0,"turns":4.0},{"damage":0.0,"enemies":"Cultist","floor":4.0,"turns":4.0},{"damage":5.0,"enemies":"Gremlin Gang","floor":5.0,"turns":4.0},{"damage":0.0,"enemies":"2 Fungi Beasts","floor":12.0,"turns":4.0},{"damage":9.0,"enemies":"Looter","floor":13.0,"turns":2.0},{"damage":0.0,"enemies":"Hexaghost","floor":16.0,"turns":9.0},{"damage":29.0,"enemies":"Shell Parasite","floor":18.0,"turns":8.0},{"damage":10.0,"enemies":"Spheric Guardian","floor":20.0,"turns":4.0},{"damage":32.0,"enemies":"Gremlin Leader","floor":29.0,"turns":9.0},{"damage":18.0,"enemies":"Snake Plant","floor":30.0,"turns":5.0},{"damage":15.0,"enemies":"Shelled Parasite and Fungi","floor":31.0,"turns":7.0},{"damage":15.0,"enemies":"Collector","floor":33.0,"turns":13.0},{"damage":10,"enemies":"3 Shapes","floor":35,"turns":7},{"damage":6,"enemies":"Orb Walker","floor":38,"turns":6},{"damage":24,"enemies":"Jaw Worm Horde","floor":39,"turns":6},{"damage":24,"enemies":"Writhing Mass","floor":40,"turns":7},{"damage":26,"enemies":"Reptomancer","floor":41,"turns":13},{"damage":62,"enemies":"Nemesis","floor":44,"turns":11},{"damage":13,"enemies":"4 Shapes","floor":45,"turns":12},{"damage":43,"enemies":"Jaw Worm Horde","floor":47,"turns":7},{"damage":6,"enemies":"Giant Head","floor":48,"turns":10},{"damage":68,"enemies":"Time Eater","floor":50,"turns":11},{"damage":49,"enemies":"Shield and Spear","floor":54,"turns":10},{"damage":76,"enemies":"The Heart","floor":55,"turns":5}],"seed_played":"-5268438587710301203","potions_obtained":[{"floor":2.0,"key":"Strength Potion"},{"floor":4.0,"key":"Explosive Potion"},{"floor":12.0,"key":"SneckoOil"},{"floor":13.0,"key":"FocusPotion"},{"floor":16.0,"key":"Dexterity Potion"},{"floor":18.0,"key":"Ancient Potion"},{"floor":30.0,"key":"Strength Potion"},{"floor":31.0,"key":"Weak Potion"},{"floor":33.0,"key":"GamblersBrew"},{"floor":38,"key":"FearPotion"},{"floor":40,"key":"AttackPotion"},{"floor":44,"key":"Swift Potion"},{"floor":48,"key":"Weak Potion"}],"is_trial":false,"path_per_floor":["M","M","$","M","M","R","?","R","T","R","$","M","M","?","R","B",null,"M","$","M","?","?","R","?","R","T","$","?","E","M","M","R","B",null,"M","?","$","M","M","M","E","R","T","E","M","$","M","E","R","B",null,"R","$","E","B"],"character_chosen":"DEFECT","items_purchased":["Defragment","Conserve Battery","Go for the Eyes","Incense Burner","GamblersBrew","Reinforced Body","Swift Potion"],"campfire_rested":6,"item_purchase_floors":[3,3,11,46,46,53,53],"current_hp_per_floor":[50,47,47,47,42,42,27,27,27,27,27,27,18,18,40,40,66,37,37,27,52,52,52,52,74,74,74,74,43,26,12,35,21,65,56,56,56,51,28,15,43,68,68,53,86,86,74,88,88,57,81,89,89,65,0],"gold":55,"neow_bonus":"RANDOM_COLORLESS_2","is_prod":false,"is_daily":false,"chose_seed":false,"campfire_upgraded":3,"win_rate":0,"timestamp":1551323965,"path_taken":["M","M","$","M","M","R","?","R","T","R","$","M","M","?","R","BOSS","M","?","?","?","?","R","?","R","T","$","?","E","M","?","R","BOSS","M","?","$","M","?","M","E","R","T","E","M","$","?","E","R","BOSS","R","$","E","BOSS"],"build_version":"2019-01-23","purchased_purges":6,"victory":false,"max_hp_per_floor":[75,75,75,75,75,75,75,75,75,75,75,75,75,75,75,75,75,75,75,75,75,75,75,75,75,75,75,75,76,77,78,78,79,79,80,80,80,81,82,83,84,84,84,85,86,86,87,88,88,89,89,89,89,90,90],"card_choices":[{"not_picked":["Hologram","Sweeping Beam"],"picked":"Streamline","floor":1.0},{"not_picked":["Compile Driver","Storm","Double Energy"],"picked":"SKIP","floor":2.0},{"not_picked":["Compile Driver","Hello World"],"picked":"Capacitor","floor":4.0},{"not_picked":["Barrage","Sweeping Beam"],"picked":"Hologram","floor":5.0},{"not_picked":["Melter","Stack"],"picked":"Coolheaded","floor":12.0},{"not_picked":["Redo","Rebound","Compile Driver"],"picked":"SKIP","floor":13.0},{"not_picked":["Seek","Hyperbeam"],"picked":"Machine Learning","floor":16.0},{"not_picked":["Ball Lightning","Leap","Beam Cell"],"picked":"SKIP","floor":18.0},{"not_picked":["Rip and Tear","Streamline"],"picked":"Darkness","floor":20.0},{"not_picked":["Ball Lightning+1","Stack"],"picked":"Defragment","floor":29.0},{"not_picked":["Ball Lightning","Redo+1"],"picked":"Glacier","floor":30.0},{"not_picked":["Beam Cell","Compile Driver"],"picked":"Cold Snap","floor":31.0},{"not_picked":["Electrodynamics","All For One"],"picked":"Reboot","floor":33.0},{"not_picked":["Sweeping Beam","Steam+1"],"picked":"Darkness+1","floor":35},{"not_picked":["Cold Snap","Chaos+1","FTL"],"picked":"SKIP","floor":38},{"not_picked":["Hello World","Stack+1"],"picked":"Self Repair+1","floor":39},{"not_picked":["Storm+1","Recycle","Ball Lightning"],"picked":"SKIP","floor":40},{"not_picked":["Ball Lightning+1","Go for the Eyes"],"picked":"Creative AI","floor":41},{"not_picked":["Capacitor+1","Machine Learning","Rainbow"],"picked":"SKIP","floor":44},{"not_picked":["Storm","Fusion","Leap"],"picked":"SKIP","floor":45},{"not_picked":["Rebound+1","Cold Snap+1","Genetic Algorithm"],"picked":"SKIP","floor":47},{"not_picked":["Redo","Reprogram+1"],"picked":"Recycle+1","floor":48},{"not_picked":["Coolheaded","Undo+1","Compile Driver"],"picked":"SKIP","floor":54}],"player_experience":722069,"relics_obtained":[{"floor":9.0,"key":"Smiling Mask"},{"floor":26.0,"key":"Orichalcum"},{"floor":29.0,"key":"Bag of Marbles"},{"floor":41,"key":"Bird Faced Urn"},{"floor":44,"key":"Pen Nib"},{"floor":48,"key":"Mercury Hourglass"},{"floor":54,"key":"Bottled Tornado"}],"event_choices":[{"damage_healed":0.0,"max_hp_gain":0.0,"max_hp_loss":0.0,"gold_gain":0.0,"event_name":"Shining Light","player_choice":"Entered Light","floor":7.0,"gold_loss":0.0,"damage_taken":15.0,"cards_upgraded":["Forethought","Conserve Battery"]},{"damage_healed":0.0,"max_hp_gain":0.0,"max_hp_loss":0.0,"gold_gain":0.0,"event_name":"Accursed Blacksmith","player_choice":"Forge","floor":14.0,"gold_loss":0.0,"damage_taken":0.0,"cards_upgraded":["Zap"]},{"damage_healed":25.0,"max_hp_gain":0.0,"max_hp_loss":0.0,"gold_gain":0.0,"event_name":"The Library","player_choice":"Heal","floor":21.0,"gold_loss":0.0,"damage_taken":0.0},{"damage_healed":0.0,"max_hp_gain":0.0,"max_hp_loss":0.0,"gold_gain":0.0,"event_name":"Drug Dealer","player_choice":"Inject Mutagens","floor":22.0,"gold_loss":0.0,"damage_taken":0.0,"relics_obtained":["MutagenicStrength"]},{"cards_removed":["Strike_B"],"damage_healed":0.0,"max_hp_gain":0.0,"max_hp_loss":0.0,"gold_gain":0.0,"event_name":"Beggar","player_choice":"Gave Gold","floor":24.0,"gold_loss":75.0,"damage_taken":0.0},{"damage_healed":0.0,"max_hp_gain":0.0,"max_hp_loss":0.0,"gold_gain":0.0,"event_name":"FaceTrader","player_choice":"Trade","floor":28.0,"gold_loss":0.0,"damage_taken":0.0,"relics_obtained":["FaceOfCleric"]},{"damage_healed":0,"gold_gain":275,"player_choice":"Desecrate","damage_taken":0,"max_hp_gain":0,"max_hp_loss":0,"event_name":"Golden Shrine","floor":36,"gold_loss":0,"cards_obtained":["Regret"]}],"is_beta":false,"boss_relics":[{"not_picked":["Calling Bell","Coffee Dripper"],"picked":"Fusion Hammer"},{"not_picked":["Snecko Eye","Tiny House"],"picked":"Lizard Tail"}],"items_purged_floors":[11,19,27,37,46,53],"is_endless":false,"potions_floor_spawned":[2,4,12,13,16,18,30,31,33,38,40,44,48],"killed_by":"The Heart","ascension_level":11}