{"gold_per_floor":[114,264,336,336,38,38,65,65,113,128,128,161,161,242,242,321,321,335,250,250,262,274,286,333,357,369,395,461,490,183,183,183,257,257,277,288,307,321,339,339,373,392,415,415,39,139,139,157,157,157,157],"floor_reached":52,"playtime":2383,"items_purged":["Doubt","Strike_B+1","Decay"],"score":1987,"play_id":"2eadf337-c728-4b32-9394-5d3b741a696b","local_time":"20190228152342","is_ascension_mode":true,"campfire_choices":[{"data":"Sunder","floor":6,"key":"SMITH"},{"data":"Defragment","floor":8,"key":"SMITH"},{"data":"Tempest","floor":11,"key":"SMITH"},{"floor":15,"key":"REST"},{"data":"Consume","floor":23,"key":"SMITH"},{"floor":32,"key":"REST"},{"floor":40,"key":"REST"},{"floor":44,"key":"REST"},{"data":"Defragment","floor":49,"key":"SMITH"}],"neow_cost":"NONE","seed_source_timestamp":119940319961604,"circlet_count":0,"master_deck":["AscendersBane","Strike_B+1","Defend_B+1","Defend_B+1","Defend_B+1","Defend_B+1","Zap","Dualcast","Sunder+1","Defragment+1","Tempest+1","Consume+1","Electrodynamics","Coolheaded","Coolheaded","Hologram","Auto Shields","Coolheaded","Finesse","Meteor Strike+1","Sweeping Beam+1","FTL+1","Go for the Eyes+1","Darkness+1","Parasite","Defragment+1"],"relics":["Cracked Core","NeowsBlessing","Kunai","Runic Capacitor","Juzu Bracelet","Bag of Preparation","Anchor","Meat on the Bone","Busted Crown","Smiling Mask","MawBank","Question Card","Molten Egg 2","Omamori","Regal Pillow","Calling Bell","Vajra","Mummified Hand","Du-Vu Doll","Bird Faced Urn","Blood Vial","Gambling Chip","Turnip"],"potions_floor_usage":[16,24,29,33,41,51,51],"damage_taken":[{"damage":0,"enemies":"Jaw Worm","floor":1,"turns":1},{"damage":0,"enemies":"Gremlin Nob","floor":7,"turns":1},{"damage":0,"enemies":"Small Slimes","floor":10,"turns":1},{"damage":30,"enemies":"3 Sentries","floor":12,"turns":6},{"damage":13,"enemies":"Hexaghost","floor":16,"turns":8},{"damage":0,"enemies":"Spheric Guardian","floor":18,"turns":3},{"damage":0,"enemies":"Slavers","floor":24,"turns":2},{"damage":4,"enemies":"Shell Parasite","floor":25,"turns":4},{"damage":0,"enemies":"3 Cultists","floor":27,"turns":3},{"damage":14,"enemies":"Shelled Parasite and Fungi","floor":29,"turns":3},{"damage":28,"enemies":"Automaton","floor":33,"turns":9},{"damage":2,"enemies":"Orb Walker","floor":35,"turns":4},{"damage":6,"enemies":"3 Darklings","floor":36,"turns":3},{"damage":19,"enemies":"Maw","floor":37,"turns":8},{"damage":1,"enemies":"4 Shapes","floor":38,"turns":4},{"damage":9,"enemies":"3 Darklings","floor":39,"turns":3},{"damage":0,"enemies":"Reptomancer","floor":41,"turns":5},{"damage":18,"enemies":"Sphere and 2 Shapes","floor":42,"turns":4},{"damage":0,"enemies":"Mind Bloom Boss Battle","floor":46,"turns":4},{"damage":5,"enemies":"Writhing Mass","floor":48,"turns":7},{"damage":41,"enemies":"Donu and Deca","floor":50,"turns":18},{"damage":40,"enemies":"Awakened One","floor":51,"turns":19}],"seed_played":"-3716037326570688491","potions_obtained":[{"floor":1,"key":"PowerPotion"},{"floor":10,"key":"GamblersBrew"},{"floor":16,"key":"Fire Potion"},{"floor":25,"key":"AttackPotion"},{"floor":29,"key":"Strength Potion"},{"floor":33,"key":"FocusPotion"},{"floor":41,"key":"PowerPotion"},{"floor":42,"key":"Weak Potion"}],"is_trial":false,"path_per_floor":["M","?","?","T","$","R","E","R","T","M","R","E","?","T","R","B",null,"M","?","T","?","?","R","E","M","T","M","T","M","$","?","R","B",null,"M","M","M","M","M","R","E","M","T","R","$","?","?","M","R","B","B",null],"character_chosen":"DEFECT","items_purchased":["Runic Capacitor","Regal Pillow","Finesse","Gambling Chip"],"campfire_rested":4,"item_purchase_floors":[5,30,30,45],"current_hp_per_floor":[64,64,64,64,64,64,64,64,64,64,64,34,13,13,34,33,62,62,62,62,62,62,62,62,58,58,58,58,44,44,44,71,43,64,62,56,37,36,39,71,71,55,55,71,71,71,67,64,64,42,24],"gold":157,"neow_bonus":"THREE_ENEMY_KILL","is_prod":false,"is_daily":false,"chose_seed":false,"campfire_upgraded":5,"win_rate":0,"timestamp":1551335022,"path_taken":["M","?","?","?","$","R","E","R","T","M","R","E","?","?","R","BOSS","M","?","?","?","?","R","E","M","T","M","?","M","$","?","R","BOSS","M","M","M","M","M","R","E","M","T","R","$","?","?","M","R","BOSS","BOSS"],"build_version":"2019-01-23","purchased_purges":3,"victory":true,"max_hp_per_floor":[71,71,71,71,71,71,71,71,71,71,71,71,71,71,71,71,71,71,71,71,71,71,71,71,71,71,71,71,71,71,71,71,71,71,71,71,71,71,71,71,71,71,71,71,71,71,67,67,67,67,67],"card_choices":[{"not_picked":["Ball Lightning","Gash"],"picked":"Sunder","floor":1},{"not_picked":["Compile Driver","Steam"],"picked":"Defragment","floor":7},{"not_picked":["Rip and Tear","Steam"],"picked":"Tempest","floor":10},{"not_picked":["Sweeping Beam","Fusion"],"picked":"Consume","floor":12},{"not_picked":["Meteor Strike","Reboot"],"picked":"Electrodynamics","floor":16},{"not_picked":["Gash"],"picked":"SKIP","floor":18},{"not_picked":[],"picked":"Coolheaded","floor":24},{"not_picked":["Gash+1"],"picked":"Hologram","floor":25},{"not_picked":["Rebound+1"],"picked":"Auto Shields","floor":27},{"not_picked":["Capacitor"],"picked":"Coolheaded","floor":29},{"not_picked":["White Noise","Compile Driver+1"],"picked":"SKIP","floor":35},{"not_picked":["Lockon+1","Rebound+1"],"picked":"SKIP","floor":36},{"not_picked":["Storm","Ball Lightning+1"],"picked":"SKIP","floor":37},{"not_picked":["Skim"],"picked":"FTL+1","floor":38},{"not_picked":["Turbo+1"],"picked":"Go for the Eyes+1","floor":39},{"not_picked":["Consume","Lockon+1"],"picked":"SKIP","floor":41},{"not_picked":["Chill"],"picked":"Darkness+1","floor":42},{"not_picked":["Ball Lightning+1"],"picked":"Defragment","floor":48}],"player_experience":594116,"relics_obtained":[{"floor":4,"key":"Kunai"},{"floor":7,"key":"Juzu Bracelet"},{"floor":9,"key":"Bag of Preparation"},{"floor":12,"key":"Anchor"},{"floor":14,"key":"Meat on the Bone"},{"floor":20,"key":"MawBank"},{"floor":24,"key":"Question Card"},{"floor":26,"key":"Molten Egg 2"},{"floor":28,"key":"Omamori"},{"floor":34,"key":"Vajra"},{"floor":34,"key":"Mummified Hand"},{"floor":34,"key":"Du-Vu Doll"},{"floor":41,"key":"Bird Faced Urn"},{"floor":43,"key":"Blood Vial"},{"floor":46,"key":"Turnip"}],"event_choices":[{"damage_healed":0,"gold_gain":150,"player_choice":"AGREE","damage_taken":0,"max_hp_gain":0,"max_hp_loss":0,"event_name":"Liars Game","floor":2,"gold_loss":0,"cards_obtained":["Doubt"]},{"damage_healed":0,"gold_gain":72,"player_choice":"Gained Gold","damage_taken":0,"max_hp_gain":0,"max_hp_loss":0,"event_name":"Golden Wing","floor":3,"gold_loss":0},{"damage_healed":0,"gold_gain":0,"player_choice":"Entered Light","damage_taken":21,"max_hp_gain":0,"max_hp_loss":0,"event_name":"Shining Light","floor":13,"gold_loss":0,"cards_upgraded":["Strike_B","Defend_B"]},{"damage_healed":0,"gold_gain":0,"player_choice":"Obtained Relic","damage_taken":0,"relics_obtained":["Smiling Mask"],"max_hp_gain":0,"max_hp_loss":0,"event_name":"Addict","floor":19,"gold_loss":85},{"damage_healed":0,"gold_gain":0,"player_choice":"Simplicity","damage_taken":0,"max_hp_gain":0,"max_hp_loss":0,"event_name":"Back to Basics","floor":21,"gold_loss":0,"cards_upgraded":["Strike_B","Strike_B","Strike_B","Defend_B","Defend_B","Defend_B"]},{"damage_healed":0,"gold_gain":0,"player_choice":"Read","damage_taken":0,"max_hp_gain":0,"max_hp_loss":0,"event_name":"The Library","floor":22,"gold_loss":0,"cards_obtained":["Coolheaded"]},{"damage_healed":0,"gold_gain":0,"cards_transformed":["Strike_B","Strike_B"],"player_choice":"Became Test Subject","damage_taken":0,"max_hp_gain":0,"max_hp_loss":0,"event_name":"Drug Dealer","floor":31,"gold_loss":0,"cards_obtained":["Meteor Strike","Sweeping Beam"]},{"damage_healed":0,"gold_gain":0,"player_choice":"Fight","damage_taken":0,"max_hp_gain":0,"max_hp_loss":0,"event_name":"MindBloom","floor":46,"gold_loss":0},{"damage_healed":0,"gold_gain":0,"player_choice":"Max HP","damage_taken":0,"max_hp_gain":0,"max_hp_loss":4,"event_name":"Winding Halls","floor":47,"gold_loss":0}],"is_beta":false,"boss_relics":[{"not_picked":["Black Star","Fusion Hammer"],"picked":"Busted Crown"},{"not_picked":["Runic Dome","Coffee Dripper"],"picked":"Calling Bell"}],"items_purged_floors":[5,30,45],"is_endless":false,"potions_floor_spawned":[1,10,16,25,29,33,35,38,41,42,48],"ascension_level":20}