{"gold_per_floor":[215,230,241,261,261,261,287,300,300,300,326,326,341,351,351,454,454,474,489,106,30,44,72,90,90,90,108,108,140,155,170,170,269,269,280,19,37,55,155,186,203,213,239,239,259,359,386,37,37,37,37,37,3,38,38],"floor_reached":55,"playtime":5417,"items_purged":["Parasite"],"score":865,"play_id":"99798bff-70cd-4ec6-a87e-2fe918ceeecc","local_time":"20181129203738","is_ascension_mode":false,"campfire_choices":[{"data":"Noxious Fumes","floor":6,"key":"SMITH"},{"data":"Neutralize","floor":10,"key":"SMITH"},{"floor":15,"key":"REST"},{"data":"Blur","floor":25,"key":"SMITH"},{"floor":32,"key":"RECALL"},{"data":"Choke","floor":44,"key":"SMITH"},{"data":"Apotheosis","floor":49,"key":"SMITH"},{"floor":52,"key":"DIG"}],"neow_cost":"NONE","seed_source_timestamp":1273058020605997,"circlet_count":0,"master_deck":["Defend_G","Defend_G","Defend_G","Defend_G","Defend_G","Strike_G","Strike_G","Strike_G","Strike_G","Strike_G","Survivor","Neutralize+1","Dagger Throw","Choke+1","Noxious Fumes+1","Escape Plan","Dagger Spray","Footwork","All Out Attack","Blade Dance","Bullet Time","Riddle With Holes+1","Dash+1","After Image","Blur+1","Escape Plan","Choke+1","Predator","Venomology","Blur","Flechettes","Footwork","Concentrate","Night Terror","Acrobatics","Blur","Concentrate+1","Predator","Skewer+1","Dash","Dash","Apotheosis+1","Choke","Setup","Leg Sweep","Finisher+1"],"relics":["Ring of the Snake","Pen Nib","Ninja Scroll","Blood Vial","Runic Pyramid","Pantograph","Prayer Wheel","Ice Cream","Pocketwatch","Philosopher\u0027s Stone","Shuriken","Shovel","Frozen Egg 2","Bottled Flame","Dodecahedron","Pear"],"potions_floor_usage":[7,16,33,38,39,40,40,47,50,50,50,50,50,50,50,54,54,54,55],"damage_taken":[{"damage":1,"enemies":"Cultist","floor":1,"turns":4},{"damage":0,"enemies":"Small Slimes","floor":2,"turns":4},{"damage":3,"enemies":"Jaw Worm","floor":3,"turns":3},{"damage":3,"enemies":"Exordium Wildlife","floor":4,"turns":5},{"damage":23,"enemies":"Lagavulin","floor":7,"turns":7},{"damage":0,"enemies":"2 Fungi Beasts","floor":8,"turns":3},{"damage":14,"enemies":"Gremlin Nob","floor":11,"turns":4},{"damage":0,"enemies":"Red Slaver","floor":13,"turns":1},{"damage":0,"enemies":"3 Louse","floor":14,"turns":2},{"damage":29,"enemies":"Slime Boss","floor":16,"turns":8},{"damage":0,"enemies":"Shell Parasite","floor":18,"turns":3},{"damage":10,"enemies":"2 Thieves","floor":19,"turns":4},{"damage":10,"enemies":"Shelled Parasite and Fungi","floor":22,"turns":5},{"damage":0,"enemies":"Book of Stabbing","floor":23,"turns":4},{"damage":2,"enemies":"Centurion and Healer","floor":24,"turns":4},{"damage":0,"enemies":"Snecko","floor":27,"turns":3},{"damage":26,"enemies":"Slavers","floor":29,"turns":4},{"damage":5,"enemies":"3 Cultists","floor":30,"turns":4},{"damage":0,"enemies":"Chosen and Byrds","floor":31,"turns":7},{"damage":9,"enemies":"Champ","floor":33,"turns":9},{"damage":9,"enemies":"Orb Walker","floor":35,"turns":4},{"damage":0,"enemies":"3 Shapes","floor":37,"turns":3},{"damage":22,"enemies":"Writhing Mass","floor":38,"turns":7},{"damage":0,"enemies":"Mind Bloom Boss Battle","floor":39,"turns":3},{"damage":23,"enemies":"Giant Head","floor":40,"turns":9},{"damage":0,"enemies":"Maw","floor":41,"turns":9},{"damage":16,"enemies":"3 Darklings","floor":42,"turns":3},{"damage":0,"enemies":"Sphere and 2 Shapes","floor":45,"turns":3},{"damage":0,"enemies":"Nemesis","floor":47,"turns":7},{"damage":46,"enemies":"Donu and Deca","floor":50,"turns":11},{"damage":47,"enemies":"Shield and Spear","floor":54,"turns":6},{"damage":62,"enemies":"The Heart","floor":55,"turns":8}],"seed_played":"-6931642764692704493","potions_obtained":[{"floor":2,"key":"Energy Potion"},{"floor":4,"key":"GamblersBrew"},{"floor":14,"key":"FearPotion"},{"floor":16,"key":"Strength Potion"},{"floor":18,"key":"Poison Potion"},{"floor":22,"key":"LiquidBronze"},{"floor":31,"key":"PowerPotion"},{"floor":33,"key":"Energy Potion"},{"floor":37,"key":"SteroidPotion"},{"floor":42,"key":"GhostInAJar"}],"is_trial":false,"path_per_floor":["M","M","M","M","?","R","E","M","T","R","E","?","M","M","R","B",null,"M","M","$","$","M","E","M","R","T","M","?","E","M","M","R","B",null,"M","$","M","M","?","E","M","M","T","R","M","?","E","$","R","B",null,"R","$","E","B"],"character_chosen":"THE_SILENT","items_purchased":["After Image","Pantograph","Blur","Shuriken","Apotheosis","Choke","Setup","Leg Sweep"],"campfire_rested":1,"item_purchase_floors":[20,20,21,36,48,48,48,53],"current_hp_per_floor":[69,69,66,63,63,63,40,40,40,40,26,26,28,30,51,24,70,70,60,60,60,52,54,54,54,54,56,56,32,29,31,31,49,70,61,61,63,43,70,47,49,35,35,35,37,37,39,39,39,20,67,67,67,30,0],"gold":38,"neow_bonus":"HUNDRED_GOLD","is_prod":false,"is_daily":false,"chose_seed":false,"campfire_upgraded":5,"win_rate":0,"timestamp":1543541858,"path_taken":["M","M","M","M","?","R","E","M","T","R","E","?","M","M","R","BOSS","M","M","?","$","M","E","M","R","T","M","?","E","?","M","R","BOSS","M","$","M","M","?","E","M","M","T","R","M","?","E","$","R","BOSS","R","$","E","BOSS"],"build_version":"2018-11-15","purchased_purges":1,"victory":false,"max_hp_per_floor":[70,70,70,70,70,70,70,70,70,70,70,70,70,70,70,70,70,70,70,70,70,70,70,70,70,70,70,70,70,70,70,70,70,70,70,70,70,70,70,70,70,70,70,70,70,70,70,67,67,67,67,67,67,77,77],"card_choices":[{"not_picked":["Slice","Eviscerate"],"picked":"Dagger Throw","floor":1},{"not_picked":["PiercingWail","Finisher"],"picked":"Choke","floor":2},{"not_picked":["Deadly Poison","Distraction"],"picked":"Noxious Fumes","floor":3},{"not_picked":["Flying Knee","Outmaneuver"],"picked":"Escape Plan","floor":4},{"not_picked":["Noxious Fumes","Predator"],"picked":"Dagger Spray","floor":7},{"not_picked":["Reflex","Bullet Time"],"picked":"Footwork","floor":8},{"not_picked":["Dagger Throw","Bane","Calculated Gamble"],"picked":"SKIP","floor":11},{"not_picked":["Acrobatics","Calculated Gamble"],"picked":"All Out Attack","floor":13},{"not_picked":["Terror","Sucker Punch"],"picked":"Blade Dance","floor":14},{"not_picked":["Storm of Steel","Adrenaline"],"picked":"Bullet Time","floor":16},{"not_picked":["Deflect+1","Dagger Spray+1"],"picked":"Riddle With Holes+1","floor":18},{"not_picked":["Calculated Gamble","All Out Attack"],"picked":"Dash+1","floor":19},{"not_picked":["Heel Hook","Sucker Punch"],"picked":"Escape Plan","floor":22},{"not_picked":["Calculated Gamble","Dagger Throw","Deflect"],"picked":"SKIP","floor":23},{"not_picked":["Skewer","Deflect","Endless Agony"],"picked":"SKIP","floor":24},{"not_picked":["Poisoned Stab","Dagger Throw","Dodge and Roll+1"],"picked":"SKIP","floor":24},{"not_picked":["Flechettes","Skewer"],"picked":"Choke","floor":27},{"not_picked":["Well Laid Plans","Slice+1","Deadly Poison+1"],"picked":"SKIP","floor":27},{"not_picked":["Blade Dance","Skewer+1"],"picked":"Venomology","floor":29},{"not_picked":["Bane","Dash+1"],"picked":"Blur","floor":30},{"not_picked":["Poisoned Stab","PiercingWail"],"picked":"Flechettes","floor":30},{"not_picked":["Backflip","Poisoned Stab"],"picked":"Footwork","floor":31},{"not_picked":["Reflex","Footwork"],"picked":"Concentrate","floor":31},{"not_picked":["Wraith Form v2","Storm of Steel"],"picked":"Night Terror","floor":33},{"not_picked":["Deflect","Underhanded Strike+1"],"picked":"Acrobatics","floor":35},{"not_picked":["Quick Slash","Dagger Spray","Flying Knee"],"picked":"SKIP","floor":35},{"not_picked":["Caltrops+1","Backflip+1","Quick Slash"],"picked":"SKIP","floor":37},{"not_picked":["Predator+1","Dodge and Roll","Dagger Throw"],"picked":"SKIP","floor":37},{"not_picked":["Poisoned Stab","Bane+1"],"picked":"Blur","floor":38},{"not_picked":["Deflect","Sucker Punch+1"],"picked":"Concentrate+1","floor":38},{"not_picked":["Flying Knee","Slice","Dagger Throw"],"picked":"SKIP","floor":40},{"not_picked":["Slice+1","Catalyst"],"picked":"Predator","floor":41},{"not_picked":["Blade Dance","Infinite Blades+1"],"picked":"Skewer+1","floor":41},{"not_picked":["Dagger Spray+1","Bane","Concentrate"],"picked":"SKIP","floor":42},{"not_picked":["Underhanded Strike","Eviscerate+1","Cloak And Dagger"],"picked":"SKIP","floor":42},{"not_picked":["Blade Dance+1","Prepared+1"],"picked":"Dash","floor":45},{"not_picked":["Skewer+1","Underhanded Strike","Dodge and Roll"],"picked":"SKIP","floor":45},{"not_picked":["Deadly Poison+1","Noxious Fumes+1"],"picked":"Dash","floor":47},{"not_picked":["Choke+1","Flying Knee"],"picked":"Finisher+1","floor":54}],"player_experience":1211041,"relics_obtained":[{"floor":7,"key":"Pen Nib"},{"floor":9,"key":"Ninja Scroll"},{"floor":11,"key":"Blood Vial"},{"floor":23,"key":"Prayer Wheel"},{"floor":26,"key":"Ice Cream"},{"floor":29,"key":"Pocketwatch"},{"floor":39,"key":"Shovel"},{"floor":40,"key":"Frozen Egg 2"},{"floor":47,"key":"Bottled Flame"},{"floor":52,"key":"Dodecahedron"},{"floor":54,"key":"Pear"}],"event_choices":[{"damage_healed":0,"gold_gain":0,"player_choice":"Ignored","damage_taken":0,"max_hp_gain":0,"max_hp_loss":0,"event_name":"Golden Idol","floor":5,"gold_loss":0},{"damage_healed":0,"gold_gain":0,"player_choice":"Upgraded","damage_taken":0,"max_hp_gain":0,"max_hp_loss":0,"event_name":"Upgrade Shrine","floor":12,"gold_loss":0,"cards_upgraded":["Choke"]},{"damage_healed":0,"gold_gain":0,"player_choice":"Read","damage_taken":0,"max_hp_gain":0,"max_hp_loss":0,"event_name":"The Library","floor":28,"gold_loss":0,"cards_obtained":["Predator"]},{"damage_healed":0,"gold_gain":0,"player_choice":"Fight","damage_taken":0,"max_hp_gain":0,"max_hp_loss":0,"event_name":"MindBloom","floor":39,"gold_loss":0},{"damage_healed":0,"gold_gain":100,"player_choice":"Pray","damage_taken":0,"max_hp_gain":0,"max_hp_loss":0,"event_name":"Golden Shrine","floor":46,"gold_loss":0}],"is_beta":false,"boss_relics":[{"not_picked":["HoveringKite","Astrolabe"],"picked":"Runic Pyramid"},{"not_picked":["Calling Bell","Eternal Feather"],"picked":"Philosopher\u0027s Stone"}],"items_purged_floors":[48],"is_endless":false,"potions_floor_spawned":[2,4,14,16,18,22,24,31,33,37,39,42,45],"killed_by":"The Heart","ascension_level":0}