{"gold_per_floor":[113,128,144,144,160,160,186,261,286,313,313,313,293,20,20,122,122,139,158,338,338,338,338,350,350,350,365,379,394,394,1,1,103,133,144,159,172,172,187,187,205,251,274,274,288,288,305,305],"floor_reached":48,"playtime":6540,"items_purged":[],"score":469,"play_id":"bf3488dd-5949-4913-836b-08e1d69b720b","local_time":"20180708005418","is_ascension_mode":false,"campfire_choices":[{"data":"Anger","floor":6,"key":"SMITH"},{"data":"Heavy Blade","floor":11,"key":"SMITH"},{"data":"Metallicize","floor":15,"key":"SMITH"},{"data":"Heavy Blade","floor":23,"key":"SMITH"},{"floor":25,"key":"REST"},{"data":"Limit Break","floor":32,"key":"SMITH"},{"floor":40,"key":"REST"},{"floor":44,"key":"REST"},{"data":"Barricade","floor":46,"key":"SMITH"}],"neow_cost":"NONE","seed_source_timestamp":46463301208297,"circlet_count":0,"master_deck":["Strike_R","Strike_R","Strike_R","Strike_R","Defend_R","Defend_R","Defend_R","Defend_R+1","Bash","Flex+1","Inflame+1","Heavy Blade+1","Anger+1","Clothesline","Metallicize+1","Barricade+1","Body Slam","Heavy Blade+1","Pommel Strike","Limit Break+1","Shrug It Off+1","Bludgeon","Impervious","Body Slam+1","Dropkick+1","Flex+1","Anger+1","Whirlwind+1","Inflame+1","Ghostly Armor+1"],"relics":["Burning Blood","Lantern","Strawberry","Centennial Puzzle","Lee\u0027s Waffle","Velvet Choker","Nilry\u0027s Codex","Darkstone Periapt","Medical Kit","Potion Belt","Tiny House","Charon\u0027s Ashes","Juzu Bracelet"],"potions_floor_usage":[10,24,29,33,35,41,41,41,41,41,42,45,47],"damage_taken":[{"damage":0,"enemies":"2 Louse","floor":1,"turns":3},{"damage":1,"enemies":"Cultist","floor":2,"turns":3},{"damage":0,"enemies":"Small Slimes","floor":3,"turns":3},{"damage":1,"enemies":"2 Fungi Beasts","floor":5,"turns":3},{"damage":28,"enemies":"Gremlin Nob","floor":7,"turns":4},{"damage":26,"enemies":"Lagavulin","floor":10,"turns":5},{"damage":33,"enemies":"The Guardian","floor":16,"turns":8},{"damage":2,"enemies":"Chosen","floor":18,"turns":6},{"damage":25,"enemies":"3 Byrds","floor":19,"turns":5},{"damage":19,"enemies":"Snake Plant","floor":24,"turns":5},{"damage":14,"enemies":"Chosen and Byrds","floor":27,"turns":7},{"damage":29,"enemies":"Snecko","floor":28,"turns":6},{"damage":3,"enemies":"Centurion and Healer","floor":29,"turns":3},{"damage":17,"enemies":"Champ","floor":33,"turns":10},{"damage":44,"enemies":"3 Darklings","floor":35,"turns":5},{"damage":13,"enemies":"Orb Walker","floor":36,"turns":4},{"damage":35,"enemies":"3 Darklings","floor":37,"turns":6},{"damage":3,"enemies":"Sphere and 2 Shapes","floor":39,"turns":4},{"damage":21,"enemies":"Maw","floor":41,"turns":9},{"damage":27,"floor":42,"turns":5},{"damage":27,"enemies":"3 Darklings","floor":45,"turns":6},{"damage":10,"enemies":"Sphere and 2 Shapes","floor":47,"turns":3},{"damage":48,"enemies":"4 Shapes","floor":48,"turns":3}],"seed_played":"-5541677895509569823","potions_obtained":[{"floor":2,"key":"Ancient Potion"},{"floor":3,"key":"AttackPotion"},{"floor":7,"key":"Weak Potion"},{"floor":13,"key":"SkillPotion"},{"floor":16,"key":"BloodPotion"},{"floor":24,"key":"SpeedPotion"},{"floor":29,"key":"GamblersBrew"},{"floor":34,"key":"SkillPotion"},{"floor":37,"key":"SpeedPotion"},{"floor":38,"key":"EssenceOfSteel"},{"floor":41,"key":"Energy Potion"},{"floor":42,"key":"Weak Potion"},{"floor":45,"key":"SkillPotion"}],"is_trial":false,"path_per_floor":["M","M","M","?","M","R","E","?","T","E","R","?","?","$","R","B",null,"M","M","?","?","?","R","M","R","T","M","M","M","?","$","R","B",null,"M","M","M","?","M","R","M","?","T","R","M","R","M"],"character_chosen":"IRONCLAD","items_purchased":["Lee\u0027s Waffle","Metallicize","Medical Kit","Potion Belt","Fire Potion"],"campfire_rested":3,"item_purchase_floors":[14,14,31,31,31],"current_hp_per_floor":[88,88,88,88,88,88,66,55,62,42,42,23,23,102,102,75,102,102,83,53,37,71,71,58,88,88,80,57,60,60,60,60,59,107,69,62,33,33,36,68,60,39,39,71,50,50,46,0],"gold":305,"neow_bonus":"TEN_PERCENT_HP_BONUS","is_prod":false,"is_daily":false,"chose_seed":false,"campfire_upgraded":6,"win_rate":0,"timestamp":1531000458,"path_taken":["M","M","M","?","?","R","E","?","T","E","R","?","?","$","R","BOSS","M","M","?","?","?","R","M","R","T","?","M","M","?","$","R","BOSS","M","M","M","?","M","R","M","?","T","R","M","R","M","M"],"build_version":"2018-07-05","purchased_purges":0,"victory":false,"max_hp_per_floor":[88,88,88,88,88,88,88,88,95,95,95,95,95,102,102,102,102,102,102,102,102,102,102,102,102,102,102,102,102,102,102,102,102,107,107,107,107,107,107,107,107,107,107,107,107,107,107,107],"card_choices":[{"not_picked":["Headbutt","Intimidate"],"picked":"Flex","floor":1},{"not_picked":["Cleave","Pommel Strike"],"picked":"Inflame","floor":2},{"not_picked":["Dropkick","True Grit"],"picked":"Heavy Blade","floor":3},{"not_picked":["Twin Strike","Flex"],"picked":"Anger","floor":5},{"not_picked":["Twin Strike","Corruption","Feel No Pain"],"picked":"SKIP","floor":7},{"not_picked":["Uppercut","Corruption"],"picked":"Clothesline","floor":10},{"not_picked":["Bludgeon","Brutality"],"picked":"Barricade","floor":16},{"not_picked":["Heavy Blade","Clash"],"picked":"Body Slam","floor":18},{"not_picked":["Headbutt+1","Warcry+1"],"picked":"Heavy Blade","floor":19},{"not_picked":["Body Slam","Thunderclap"],"picked":"Pommel Strike","floor":24},{"not_picked":["Thunderclap+1","Fire Breathing"],"picked":"Limit Break","floor":27},{"not_picked":["Shockwave","Perfected Strike","Sever Soul"],"picked":"SKIP","floor":28},{"not_picked":["Thunderclap","Cleave+1"],"picked":"Shrug It Off","floor":29},{"not_picked":["Fiend Fire","Bludgeon"],"picked":"Impervious","floor":33},{"not_picked":["True Grit","Warcry"],"picked":"Body Slam+1","floor":34},{"not_picked":["Twin Strike+1","Second Wind"],"picked":"Dropkick+1","floor":35},{"not_picked":["Sword Boomerang+1","Pommel Strike"],"picked":"Flex+1","floor":36},{"not_picked":["Intimidate","Impervious"],"picked":"Anger+1","floor":37},{"not_picked":["Iron Wave+1","Corruption+1","Blood for Blood"],"picked":"SKIP","floor":39},{"not_picked":["Corruption","Iron Wave+1","Uppercut"],"picked":"SKIP","floor":41},{"not_picked":["Pummel+1","Perfected Strike+1"],"picked":"Whirlwind+1","floor":42},{"not_picked":["Corruption","Thunderclap+1"],"picked":"Inflame+1","floor":45},{"not_picked":["Burning Pact+1","Heavy Blade"],"picked":"Ghostly Armor+1","floor":47}],"player_experience":29989,"relics_obtained":[{"floor":7,"key":"Lantern"},{"floor":9,"key":"Strawberry"},{"floor":10,"key":"Centennial Puzzle"},{"floor":21,"key":"Nilry\u0027s Codex"},{"floor":26,"key":"Darkstone Periapt"},{"floor":42,"key":"Charon\u0027s Ashes"},{"floor":43,"key":"Juzu Bracelet"}],"event_choices":[{"event_name":"Accursed Blacksmith","player_choice":"Forge","floor":4,"damage_taken":0},{"event_name":"World of Goop","player_choice":"Gather Gold","floor":8,"damage_taken":0},{"event_name":"Shining Light","player_choice":"Entered Light","floor":12,"damage_taken":0},{"event_name":"The Woman in Blue","player_choice":"Bought 1 Potion","floor":13,"damage_taken":0},{"event_name":"Knowing Skull","player_choice":"GOLD GOLD ","floor":20,"damage_taken":0},{"event_name":"Cursed Tome","player_choice":"Obtained Book","floor":21,"damage_taken":0},{"event_name":"The Library","player_choice":"Heal","floor":22,"damage_taken":0},{"event_name":"Transmorgrifier","player_choice":"Transform","floor":30,"damage_taken":0},{"event_name":"The Lab","player_choice":"Got Potions","floor":38,"damage_taken":0},{"event_name":"Mysterious Sphere","player_choice":"Fight","floor":42,"damage_taken":0}],"boss_relics":[{"not_picked":["Runic Pyramid","Busted Crown"],"picked":"Velvet Choker"},{"not_picked":["Fusion Hammer","Empty Cage"],"picked":"Tiny House"}],"items_purged_floors":[],"is_endless":false,"potions_floor_spawned":[2,3,7,16,18,24,28,29,37,41,42,45],"killed_by":"4 Shapes","ascension_level":0}