{"gold_per_floor":[118,138,33,52,68,68,96,108,108,283,294,294,294,329,329,329],"floor_reached":16,"playtime":1573,"items_purged":[],"score":144,"play_id":"4ba3b5a1-94d0-45b0-9b21-52bd5e32839a","local_time":"20190130203705","is_ascension_mode":true,"campfire_choices":[{"data":"Storm of Steel","floor":6.0,"key":"SMITH"},{"data":"Panacea","floor":13.0,"key":"SMITH"},{"data":"Backflip","floor":15,"key":"SMITH"}],"neow_cost":"NONE","seed_source_timestamp":0,"circlet_count":0,"master_deck":["Defend_G","Defend_G","Defend_G","Defend_G","Defend_G","Strike_G","Strike_G","Strike_G","Strike_G","Strike_G","Survivor","Neutralize","Storm of Steel+1","Backflip+1","Infinite Blades","Panacea+1","Prepared","Escape Plan","Slice","Blade Dance","Backflip","Doubt","Wraith Form v2","Flying Knee+1"],"special_seed":0,"relics":["Ring of the Snake","FossilizedHelix","Molten Egg 2","The Courier","Bottled Tornado"],"potions_floor_usage":[16,16],"damage_taken":[{"damage":0.0,"enemies":"Cultist","floor":1.0,"turns":4.0},{"damage":2.0,"enemies":"Small Slimes","floor":2.0,"turns":2.0},{"damage":5.0,"enemies":"Jaw Worm","floor":4.0,"turns":4.0},{"damage":11.0,"enemies":"Exordium Thugs","floor":5.0,"turns":7.0},{"damage":21.0,"enemies":"3 Sentries","floor":7.0,"turns":7.0},{"damage":0.0,"enemies":"Large Slime","floor":8.0,"turns":5.0},{"damage":0.0,"enemies":"Gremlin Gang","floor":11.0,"turns":1.0},{"damage":0,"enemies":"Lagavulin","floor":14,"turns":9},{"damage":32,"enemies":"The Guardian","floor":16,"turns":10}],"seed_played":"7922674428021561211","potions_obtained":[{"floor":1.0,"key":"SkillPotion"},{"floor":5.0,"key":"SpeedPotion"},{"floor":8.0,"key":"Energy Potion"},{"floor":11.0,"key":"GhostInAJar"},{"floor":14,"key":"PowerPotion"}],"is_trial":false,"path_per_floor":["M","M","$","M","M","R","E","M","T","?","M","T","R","E","R","B"],"character_chosen":"THE_SILENT","items_purchased":["Panacea","Prepared"],"campfire_rested":0,"item_purchase_floors":[3,3],"current_hp_per_floor":[70,68,68,63,52,52,31,31,31,31,31,31,31,31,31,0],"gold":329,"neow_bonus":"ONE_RANDOM_RARE_CARD","is_prod":false,"is_daily":false,"chose_seed":false,"campfire_upgraded":3,"win_rate":0,"timestamp":1548877025,"path_taken":["M","M","$","?","M","R","E","M","T","?","M","?","R","E","R","BOSS"],"build_version":"2019-01-23","purchased_purges":0,"victory":false,"max_hp_per_floor":[70,70,70,70,70,70,70,70,70,70,70,70,70,70,70,70],"card_choices":[{"not_picked":["Escape Plan","Slice"],"picked":"Backflip","floor":1.0},{"not_picked":["PiercingWail","Dodge and Roll"],"picked":"Infinite Blades","floor":2.0},{"not_picked":["Flechettes","Slice"],"picked":"Escape Plan","floor":4.0},{"not_picked":["Endless Agony","Dagger Throw"],"picked":"Slice","floor":5.0},{"not_picked":["Bane","Dash"],"picked":"Blade Dance","floor":7.0},{"not_picked":["Distraction","Outmaneuver"],"picked":"Backflip","floor":8.0},{"not_picked":["Poisoned Stab+1","Skewer+1"],"picked":"Wraith Form v2","floor":11.0},{"not_picked":["Leg Sweep","Prepared"],"picked":"Flying Knee+1","floor":14}],"player_experience":98335,"relics_obtained":[{"floor":7.0,"key":"FossilizedHelix"},{"floor":9.0,"key":"Molten Egg 2"},{"floor":12.0,"key":"The Courier"},{"floor":14,"key":"Bottled Tornado"}],"event_choices":[{"damage_healed":0.0,"max_hp_gain":0.0,"max_hp_loss":0.0,"gold_gain":175.0,"event_name":"Liars Game","player_choice":"AGREE","floor":10.0,"gold_loss":0.0,"damage_taken":0.0,"cards_obtained":["Doubt"]}],"is_beta":false,"boss_relics":[],"items_purged_floors":[],"is_endless":false,"potions_floor_spawned":[1,5,8,11,14],"killed_by":"The Guardian","ascension_level":1}