{"gold_per_floor":[115,133,151,166,186,186,221,221,301,316,335,351,109,120,120,219,219,234,246,259,159],"floor_reached":21,"playtime":2909,"items_purged":["Strike_G","Strike_G"],"score":189,"play_id":"212a8b96-81ca-47fe-8db8-0d5422f3126f","local_time":"20180924224511","is_ascension_mode":false,"campfire_choices":[{"data":"Infinite Blades","floor":6,"key":"SMITH"},{"floor":8,"key":"REST"},{"floor":15,"key":"REST"}],"neow_cost":"","seed_source_timestamp":44360948087572,"circlet_count":0,"master_deck":["Defend_G","Defend_G","Defend_G","Defend_G","Defend_G","Strike_G","Strike_G","Strike_G","Survivor","Neutralize","Infinite Blades+1","Footwork","Tactician","Dagger Throw","Choke+1","Reflex","Endless Agony+1","Prepared","Choke+1","Caltrops","Adrenaline","Dagger Spray+1","Blade Dance"],"relics":["Ring of the Serpent","Mummified Hand","Molten Egg 2"],"potions_floor_usage":[7,16,16],"damage_taken":[{"damage":0,"enemies":"Cultist","floor":1,"turns":6},{"damage":3,"enemies":"Jaw Worm","floor":2,"turns":6},{"damage":0,"enemies":"2 Louse","floor":3,"turns":3},{"damage":0,"enemies":"Looter","floor":4,"turns":5},{"damage":13,"enemies":"Lots of Slimes","floor":5,"turns":7},{"damage":18,"enemies":"Lagavulin","floor":7,"turns":9},{"damage":5,"enemies":"Exordium Wildlife","floor":10,"turns":4},{"damage":3,"enemies":"3 Louse","floor":11,"turns":4},{"damage":11,"enemies":"Lots of Slimes","floor":12,"turns":4},{"damage":0,"enemies":"Exordium Thugs","floor":14,"turns":3},{"damage":34,"enemies":"The Guardian","floor":16,"turns":8},{"damage":0,"enemies":"Shell Parasite","floor":18,"turns":3},{"damage":2,"enemies":"Spheric Guardian","floor":19,"turns":3},{"damage":15,"enemies":"Centurion and Healer","floor":20,"turns":5}],"seed_played":"6700355130371318662","potions_obtained":[{"floor":1,"key":"Ancient Potion"},{"floor":3,"key":"Poison Potion"},{"floor":7,"key":"EssenceOfSteel"},{"floor":12,"key":"Strength Potion"},{"floor":18,"key":"Ancient Potion"},{"floor":19,"key":"AttackPotion"}],"is_trial":false,"path_per_floor":["M","M","M","M","M","R","E","R","T","M","M","M","$","M","R","B",null,"M","M","M"],"character_chosen":"THE_SILENT","items_purchased":["Prepared","Choke+1","Caltrops"],"campfire_rested":2,"item_purchase_floors":[13,13,13],"current_hp_per_floor":[70,67,67,67,54,54,36,57,57,52,49,38,38,38,59,25,70,70,68,53,53],"gold":159,"neow_bonus":"","is_prod":false,"is_daily":false,"chose_seed":false,"campfire_upgraded":1,"win_rate":0.0,"timestamp":1537818311,"path_taken":["M","M","M","M","M","R","E","R","T","M","M","M","$","M","R","BOSS","M","M","M","$"],"build_version":"2018-09-20","purchased_purges":2,"victory":false,"max_hp_per_floor":[70,70,70,70,70,70,70,70,70,70,70,70,70,70,70,70,70,70,70,70,70],"card_choices":[{"not_picked":["Blade Dance","Blur"],"picked":"Infinite Blades","floor":1},{"not_picked":["Deadly Poison","Poisoned Stab","Slice"],"picked":"SKIP","floor":2},{"not_picked":["Masterful Stab","Underhanded Strike"],"picked":"Footwork","floor":3},{"not_picked":["PiercingWail","Calculated Gamble"],"picked":"Tactician","floor":4},{"not_picked":["Dash","Leg Sweep","Heel Hook"],"picked":"SKIP","floor":5},{"not_picked":["Quick Slash","Slice"],"picked":"Dagger Throw","floor":7},{"not_picked":["PiercingWail","Flechettes+1"],"picked":"Choke+1","floor":10},{"not_picked":["Flechettes+1","Blur"],"picked":"Reflex","floor":11},{"not_picked":["Deadly Poison","Dagger Throw+1"],"picked":"Endless Agony+1","floor":12},{"not_picked":["Underhanded Strike+1","Bouncing Flask","Terror"],"picked":"SKIP","floor":14},{"not_picked":["Glass Knife+1","Unload+1"],"picked":"Adrenaline","floor":16},{"not_picked":["Sucker Punch+1","Prepared"],"picked":"Dagger Spray+1","floor":18},{"not_picked":["Sucker Punch+1","Deadly Poison","Choke+1"],"picked":"SKIP","floor":19},{"not_picked":["Backstab+1","Dagger Throw+1"],"picked":"Blade Dance","floor":20}],"player_experience":61640,"relics_obtained":[{"floor":7,"key":"Mummified Hand"},{"floor":9,"key":"Molten Egg 2"}],"event_choices":[],"is_beta":false,"boss_relics":[{"not_picked":["Astrolabe","Black Star"],"picked":"Ring of the Serpent"}],"items_purged_floors":[13,21],"is_endless":false,"potions_floor_spawned":[1,3,7,12,18,19],"ascension_level":0}