{"gold_per_floor":[219,239,14,29,29,29,45,45,45,85,101,101,101,176,176,304,304,324,0,21,42,42,42,42],"floor_reached":24,"playtime":983,"items_purged":["Strike_G"],"score":255,"play_id":"7a01f43b-593d-48b9-a846-3186af6a6e21","local_time":"20190302003616","is_ascension_mode":true,"campfire_choices":[{"data":"Finesse","floor":6,"key":"SMITH"},{"data":"A Thousand Cuts","floor":8,"key":"SMITH"},{"floor":13,"key":"REST"},{"floor":15,"key":"REST"},{"floor":23,"key":"REST"}],"neow_cost":"NONE","seed_source_timestamp":195184908823100,"circlet_count":0,"master_deck":["Defend_G","Defend_G","Defend_G","Defend_G","Strike_G","Survivor","Neutralize","Predator","Slice","Finesse+1","Infinite Blades","Dodge and Roll","Dagger Spray","Injury","A Thousand Cuts+1","Accuracy","Prepared","Storm of Steel","Deflect+1","Outmaneuver","Flechettes","PiercingWail","Bouncing Flask"],"relics":["Ring of the Snake","Golden Idol","Ninja Scroll","Bottled Flame","Empty Cage","Meat on the Bone"],"potions_floor_usage":[10,16,20,24],"damage_taken":[{"damage":3,"enemies":"Cultist","floor":1,"turns":4},{"damage":4,"enemies":"Jaw Worm","floor":2,"turns":3},{"damage":0,"enemies":"2 Louse","floor":4,"turns":3},{"damage":0,"enemies":"Looter","floor":7,"turns":3},{"damage":12,"enemies":"Gremlin Nob","floor":10,"turns":3},{"damage":18,"enemies":"Large Slime","floor":11,"turns":5},{"damage":23,"enemies":"The Guardian","floor":16,"turns":14},{"damage":21,"enemies":"Spheric Guardian","floor":18,"turns":5},{"damage":19,"enemies":"2 Thieves","floor":20,"turns":4},{"damage":31,"enemies":"Snecko","floor":21,"turns":5},{"damage":53,"enemies":"Slavers","floor":24,"turns":4}],"seed_played":"-2351652200336914404","potions_obtained":[{"floor":1,"key":"PowerPotion"},{"floor":7,"key":"Dexterity Potion"},{"floor":10,"key":"Explosive Potion"},{"floor":21,"key":"EssenceOfSteel"}],"is_trial":false,"path_per_floor":["M","M","$","M","?","R","M","R","T","E","M","?","R","?","R","B",null,"M","$","M","M","?","R","E"],"character_chosen":"THE_SILENT","items_purchased":["Finesse","Infinite Blades","Dodge and Roll","Meat on the Bone"],"campfire_rested":3,"item_purchase_floors":[3,3,3,19],"current_hp_per_floor":[60,56,56,56,56,56,56,56,56,44,26,26,47,36,57,34,61,40,40,33,14,14,35,0],"gold":42,"neow_bonus":"HUNDRED_GOLD","is_prod":false,"is_daily":false,"chose_seed":false,"campfire_upgraded":2,"win_rate":0,"timestamp":1551483376,"path_taken":["M","?","$","M","?","R","M","R","T","E","M","?","R","?","R","BOSS","M","$","M","M","?","R","E"],"build_version":"2019-01-23","purchased_purges":1,"victory":false,"max_hp_per_floor":[70,70,70,70,70,70,70,70,70,70,70,70,70,70,70,70,70,70,70,70,70,70,70,70],"card_choices":[{"not_picked":["Finisher","Underhanded Strike"],"picked":"Predator","floor":1},{"not_picked":["Bane","Leg Sweep"],"picked":"Slice","floor":2},{"not_picked":["Predator","Bane"],"picked":"Dagger Spray","floor":4},{"not_picked":["Underhanded Strike","Dagger Throw"],"picked":"A Thousand Cuts","floor":7},{"not_picked":["Sucker Punch","Tactician"],"picked":"Accuracy","floor":10},{"not_picked":["Poisoned Stab","Sucker Punch"],"picked":"Prepared","floor":11},{"not_picked":["Unload","Grand Finale"],"picked":"Storm of Steel","floor":16},{"not_picked":["All Out Attack","Predator"],"picked":"Deflect+1","floor":18},{"not_picked":["Deflect","Dagger Spray"],"picked":"Outmaneuver","floor":20},{"not_picked":["Flying Knee","Slice+1"],"picked":"Flechettes","floor":21}],"player_experience":377839,"relics_obtained":[{"floor":9,"key":"Ninja Scroll"},{"floor":10,"key":"Bottled Flame"}],"event_choices":[{"damage_healed":0,"gold_gain":0,"player_choice":"Take Wound","damage_taken":0,"relics_obtained":["Golden Idol"],"max_hp_gain":0,"max_hp_loss":0,"event_name":"Golden Idol","floor":5,"gold_loss":0,"cards_obtained":["Injury"]},{"damage_healed":0,"gold_gain":0,"player_choice":"Ignored","damage_taken":0,"max_hp_gain":0,"max_hp_loss":0,"event_name":"Liars Game","floor":12,"gold_loss":0},{"damage_healed":0,"gold_gain":75,"player_choice":"Gather Gold","damage_taken":11,"max_hp_gain":0,"max_hp_loss":0,"event_name":"World of Goop","floor":14,"gold_loss":0},{"damage_healed":0,"gold_gain":0,"cards_transformed":["Strike_G","Strike_G"],"player_choice":"Became Test Subject","damage_taken":0,"max_hp_gain":0,"max_hp_loss":0,"event_name":"Drug Dealer","floor":22,"gold_loss":0,"cards_obtained":["PiercingWail","Bouncing Flask"]}],"is_beta":false,"boss_relics":[{"not_picked":["HoveringKite","Orrery"],"picked":"Empty Cage"}],"items_purged_floors":[19],"is_endless":false,"potions_floor_spawned":[1,7,10,21],"killed_by":"Slavers","ascension_level":6}