{"gold_per_floor":[119,119,130,141,141,141,176,187,187,217,233,233,233,246,246,341,341,361,375,300,10,10,36,9,34,59,84,84,118,130,171,183,195],"floor_reached":33,"playtime":2143,"items_purged":["Pain"],"score":481,"play_id":"f315ea2a-3743-4e5e-a1c5-e457204fb619","local_time":"20181116235306","is_ascension_mode":true,"campfire_choices":[{"data":"Neutralize","floor":6,"key":"SMITH"},{"data":"Concentrate","floor":15,"key":"SMITH"},{"data":"Glass Knife","floor":30,"key":"SMITH"},{"floor":32,"key":"REST"}],"neow_cost":"NONE","seed_source_timestamp":259677139198257,"circlet_count":0,"master_deck":["Defend_G","Defend_G","Defend_G","Defend_G+1","Defend_G","Strike_G","Strike_G","Strike_G","Survivor","Neutralize","Dagger Throw","Neutralize+1","Heel Hook","Crippling Poison","Well Laid Plans","Dodge and Roll","Masterful Stab","Concentrate+1","Predator","Glass Knife","PiercingWail","Slice","Expertise","Dagger Throw","Crippling Poison","Bouncing Flask+1","Cloak And Dagger+1","Die Die Die","Glass Knife+1","Finisher+1","Slice","Dodge and Roll","Backstab+1","Envenom+1"],"relics":["Ring of the Snake","NeowsBlessing","Anchor","Bag of Preparation","Mercury Hourglass","WarpedTongs","Orrery","Frozen Egg 2","Bird Faced Urn","Bag of Marbles","War Paint","Unceasing Top","Nilry\u0027s Codex","MawBank","Peace Pipe"],"potions_floor_usage":[7,16,16,25,29,33,33],"damage_taken":[{"damage":0,"enemies":"2 Louse","floor":1,"turns":1},{"damage":0,"enemies":"Cultist","floor":3,"turns":1},{"damage":0,"enemies":"Jaw Worm","floor":4,"turns":1},{"damage":14,"enemies":"Lagavulin","floor":7,"turns":6},{"damage":1,"enemies":"Blue Slaver","floor":8,"turns":3},{"damage":26,"enemies":"Gremlin Nob","floor":10,"turns":6},{"damage":7,"enemies":"Large Slime","floor":11,"turns":4},{"damage":2,"enemies":"Lots of Slimes","floor":14,"turns":2},{"damage":24,"enemies":"Hexaghost","floor":16,"turns":11},{"damage":0,"enemies":"Chosen","floor":18,"turns":3},{"damage":3,"enemies":"Shell Parasite","floor":19,"turns":4},{"damage":10,"enemies":"Gremlin Leader","floor":23,"turns":5},{"damage":4,"enemies":"Book of Stabbing","floor":25,"turns":4},{"damage":14,"enemies":"Slavers","floor":27,"turns":3},{"damage":0,"enemies":"Gremlin Leader","floor":29,"turns":3},{"damage":0,"enemies":"Book of Stabbing","floor":31,"turns":3},{"damage":74,"enemies":"Automaton","floor":33,"turns":8}],"seed_played":"1052680208427935420","potions_obtained":[{"floor":1,"key":"Poison Potion"},{"floor":7,"key":"SpeedPotion"},{"floor":10,"key":"Fruit Juice"},{"floor":14,"key":"AttackPotion"},{"floor":16,"key":"Fire Potion"},{"floor":19,"key":"SpeedPotion"},{"floor":27,"key":"FairyPotion"},{"floor":29,"key":"SpeedPotion"}],"is_trial":false,"path_per_floor":["M","?","M","M","?","R","E","M","T","E","M","?","?","M","R","B",null,"M","M","?","$","T","E","$","E","T","E","?","E","R","E","R","B"],"character_chosen":"THE_SILENT","items_purchased":["Die Die Die","Glass Knife","Slice"],"campfire_rested":1,"item_purchase_floors":[21,21,24],"current_hp_per_floor":[70,70,70,70,70,70,56,55,55,29,22,45,45,43,43,24,75,75,72,72,72,72,62,62,60,60,46,30,30,30,32,54,0],"gold":195,"neow_bonus":"THREE_ENEMY_KILL","is_prod":false,"is_daily":false,"chose_seed":false,"campfire_upgraded":3,"win_rate":0,"timestamp":1542433986,"path_taken":["M","?","?","M","?","R","E","M","T","E","M","?","?","M","R","BOSS","M","?","?","?","?","E","$","E","T","E","?","E","R","E","R","BOSS"],"build_version":"2018-11-15","purchased_purges":1,"victory":false,"max_hp_per_floor":[70,70,70,70,70,70,70,70,70,70,70,70,70,70,70,75,75,75,75,75,75,75,75,75,75,75,75,75,75,75,75,75,75],"card_choices":[{"not_picked":["Calculated Gamble","Acrobatics"],"picked":"Dagger Throw","floor":1},{"not_picked":["Bane","Riddle With Holes"],"picked":"Heel Hook","floor":3},{"not_picked":["Tactician","All Out Attack"],"picked":"Crippling Poison","floor":4},{"not_picked":["Dodge and Roll","Accuracy"],"picked":"Well Laid Plans","floor":7},{"not_picked":["Bane","Backflip"],"picked":"Dodge and Roll","floor":8},{"not_picked":["Prepared","Bane"],"picked":"Masterful Stab","floor":10},{"not_picked":["Outmaneuver","Dodge and Roll"],"picked":"Concentrate","floor":11},{"not_picked":["Skewer","Sucker Punch"],"picked":"Predator","floor":14},{"not_picked":["Phantasmal Killer","Wraith Form v2"],"picked":"Glass Knife","floor":16},{"not_picked":["Masterful Stab","Predator"],"picked":"PiercingWail","floor":17},{"not_picked":["Calculated Gamble","PiercingWail"],"picked":"Slice","floor":17},{"not_picked":["Slice","Deadly Poison"],"picked":"Expertise","floor":17},{"not_picked":["Catalyst","Deadly Poison"],"picked":"Dagger Throw","floor":17},{"not_picked":["Outmaneuver","Sucker Punch"],"picked":"Crippling Poison","floor":17},{"not_picked":["Sucker Punch+1","Slice+1"],"picked":"Bouncing Flask","floor":18},{"not_picked":["Quick Slash","Expertise"],"picked":"Cloak And Dagger+1","floor":19},{"not_picked":["Wraith Form v2+1","Deadly Poison+1"],"picked":"Finisher+1","floor":23},{"not_picked":["Deadly Poison","Underhanded Strike"],"picked":"Dodge and Roll","floor":25},{"not_picked":["Expertise+1","Night Terror"],"picked":"Backstab+1","floor":27},{"not_picked":["Choke","PiercingWail","Bane"],"picked":"SKIP","floor":29},{"not_picked":["Endless Agony+1","Choke"],"picked":"Envenom+1","floor":31}],"player_experience":200470,"relics_obtained":[{"floor":7,"key":"Anchor"},{"floor":9,"key":"Bag of Preparation"},{"floor":10,"key":"Mercury Hourglass"},{"floor":22,"key":"Frozen Egg 2"},{"floor":23,"key":"Bird Faced Urn"},{"floor":25,"key":"Bag of Marbles"},{"floor":26,"key":"War Paint"},{"floor":27,"key":"Unceasing Top"},{"floor":28,"key":"Nilry\u0027s Codex"},{"floor":29,"key":"MawBank"},{"floor":31,"key":"Peace Pipe"}],"event_choices":[{"damage_healed":0,"gold_gain":0,"player_choice":"1 cards matched","damage_taken":0,"max_hp_gain":0,"max_hp_loss":0,"event_name":"Match and Keep!","floor":2,"gold_loss":0,"cards_obtained":["Neutralize"]},{"cards_removed":["Strike_G"],"damage_healed":0,"gold_gain":0,"player_choice":"Forget","damage_taken":0,"max_hp_gain":0,"max_hp_loss":0,"event_name":"Living Wall","floor":5,"gold_loss":0},{"damage_healed":23,"gold_gain":0,"player_choice":"Banana","damage_taken":0,"max_hp_gain":0,"max_hp_loss":0,"event_name":"Big Fish","floor":12,"gold_loss":0},{"damage_healed":0,"gold_gain":0,"player_choice":"Rummage","damage_taken":0,"relics_obtained":["WarpedTongs"],"max_hp_gain":0,"max_hp_loss":0,"event_name":"Accursed Blacksmith","floor":13,"gold_loss":0,"cards_obtained":["Pain"]},{"cards_removed":["Strike_G"],"damage_healed":0,"gold_gain":0,"player_choice":"Gave Gold","damage_taken":0,"max_hp_gain":0,"max_hp_loss":0,"event_name":"Beggar","floor":20,"gold_loss":75},{"damage_healed":0,"gold_gain":0,"player_choice":"Obtained Book","damage_taken":16,"max_hp_gain":0,"max_hp_loss":0,"event_name":"Cursed Tome","floor":28,"gold_loss":0}],"is_beta":false,"boss_relics":[{"not_picked":["Runic Pyramid","Eternal Feather"],"picked":"Orrery"}],"items_purged_floors":[21],"is_endless":false,"potions_floor_spawned":[1,7,10,14,16,19,27,29,31],"killed_by":"Automaton","ascension_level":4}