{"gold_per_floor":[20,20,32,51,65,65,92,17,17,17,34,34,49,80,80,180,180,198,186,111,111],"floor_reached":21,"playtime":2245,"items_purged":["Strike_R"],"score":252,"play_id":"488d7561-8684-4dc6-955d-1c02896c4747","local_time":"20190203205836","is_ascension_mode":true,"campfire_choices":[{"data":"Cleave","floor":6,"key":"SMITH"},{"data":"Havoc","floor":10,"key":"SMITH"},{"data":"Metamorphosis","floor":12,"key":"SMITH"},{"floor":15,"key":"REST"}],"neow_cost":"NO_GOLD","seed_source_timestamp":1471053615338,"circlet_count":0,"master_deck":["Strike_R","Strike_R","Strike_R","Strike_R","Defend_R","Defend_R","Defend_R","Defend_R","Bash","Panacea","Metamorphosis+1","Flex","Havoc+1","Inflame","Cleave+1","Thunderclap","Disarm","Reckless Charge","Demon Form","Bludgeon","Injury","Parasite","True Grit+1","Seeing Red"],"relics":["Burning Blood","Darkstone Periapt","Paper Frog","Blood Vial","Calling Bell","Potion Belt","Shuriken","Nunchaku"],"potions_floor_usage":[5,14,18,18,18,18,18,18,19],"damage_taken":[{"damage":7,"enemies":"Small Slimes","floor":1,"turns":3},{"damage":1,"enemies":"Cultist","floor":3,"turns":3},{"damage":4,"enemies":"2 Louse","floor":4,"turns":3},{"damage":4,"enemies":"Lots of Slimes","floor":5,"turns":4},{"damage":40,"enemies":"3 Sentries","floor":7,"turns":6},{"damage":12,"enemies":"3 Louse","floor":11,"turns":3},{"damage":9,"enemies":"2 Fungi Beasts","floor":13,"turns":3},{"damage":0,"enemies":"Lagavulin","floor":14,"turns":4},{"damage":27,"enemies":"Hexaghost","floor":16,"turns":6},{"damage":44,"enemies":"3 Byrds","floor":18,"turns":6},{"damage":25,"enemies":"2 Thieves","floor":19,"turns":4},{"damage":56,"enemies":"Centurion and Healer","floor":21,"turns":5}],"seed_played":"-7598687624774186630","potions_obtained":[{"floor":2,"key":"GamblersBrew"},{"floor":2,"key":"SpeedPotion"},{"floor":2,"key":"SkillPotion"},{"floor":5,"key":"EntropicBrew"},{"floor":14,"key":"EssenceOfSteel"},{"floor":18,"key":"Fruit Juice"},{"floor":19,"key":"Energy Potion"}],"is_trial":false,"path_per_floor":["M","?","M","M","M","R","E","$","T","R","M","R","M","E","R","B",null,"M","M","?","M"],"character_chosen":"IRONCLAD","items_purchased":[],"campfire_rested":1,"item_purchase_floors":[],"current_hp_per_floor":[79,79,80,80,80,80,46,46,46,46,40,40,37,43,67,48,98,65,48,48,0],"gold":111,"neow_bonus":"RANDOM_COLORLESS_2","is_prod":false,"is_daily":false,"chose_seed":false,"campfire_upgraded":3,"win_rate":0,"timestamp":1549223916,"path_taken":["M","?","M","?","M","R","E","?","T","R","M","R","M","E","R","BOSS","M","M","?","M"],"build_version":"2019-01-23","purchased_purges":1,"victory":false,"max_hp_per_floor":[80,80,80,80,80,80,80,80,80,80,80,80,80,80,80,80,98,103,103,103,103],"card_choices":[{"not_picked":["Clothesline","Searing Blow"],"picked":"Flex","floor":1},{"not_picked":["Heavy Blade","Flex"],"picked":"Havoc","floor":3},{"not_picked":["Havoc","Rage"],"picked":"Inflame","floor":4},{"not_picked":["Reckless Charge","Uppercut"],"picked":"Cleave","floor":5},{"not_picked":["Immolate","Barricade"],"picked":"Thunderclap","floor":7},{"not_picked":["Twin Strike","Power Through"],"picked":"Disarm","floor":11},{"not_picked":["Body Slam","Sword Boomerang"],"picked":"Reckless Charge","floor":13},{"not_picked":["Rupture","Barricade"],"picked":"Demon Form","floor":14},{"not_picked":["Offering","Dark Embrace"],"picked":"Bludgeon","floor":16},{"not_picked":["Havoc","Sword Boomerang"],"picked":"True Grit+1","floor":18},{"not_picked":["Havoc","Flex"],"picked":"Seeing Red","floor":19}],"player_experience":191234,"relics_obtained":[{"floor":7,"key":"Darkstone Periapt"},{"floor":9,"key":"Paper Frog"},{"floor":14,"key":"Blood Vial"},{"floor":17,"key":"Potion Belt"},{"floor":17,"key":"Shuriken"},{"floor":17,"key":"Nunchaku"}],"event_choices":[{"damage_healed":0,"gold_gain":0,"player_choice":"Got Potions","damage_taken":0,"max_hp_gain":0,"max_hp_loss":0,"event_name":"Lab","floor":2,"gold_loss":0},{"cards_removed":["Pain"],"damage_healed":0,"gold_gain":0,"player_choice":"Gave Gold","damage_taken":0,"max_hp_gain":0,"max_hp_loss":0,"event_name":"Beggar","floor":20,"gold_loss":75}],"is_beta":false,"boss_relics":[{"not_picked":["Busted Crown","Runic Pyramid"],"picked":"Calling Bell"}],"items_purged_floors":[8],"is_endless":false,"potions_floor_spawned":[4,5,13,14,18,19],"killed_by":"Centurion and Healer","ascension_level":1}