{"path_per_floor":["M","?","M","M","$","R","M","R","T","M","M","M","M","M","R","B",null,"M","$","?","?","M","R","$","E","T","R","E","R","M","?","R","B",null,"M","M","?","?","B"],"character_chosen":"THE_SILENT","items_purchased":["Bandage Up","Footwork","Escape Plan","Outmaneuver"],"gold_per_floor":[111,111,128,138,50,50,63,63,86,98,118,138,158,168,168,269,269,287,99,99,99,109,109,86,120,120,120,155,155,165,88,88,185,185,202,212,212,212,212],"floor_reached":40,"campfire_rested":1,"playtime":4159,"current_hp_per_floor":[56,49,48,46,46,46,50,50,50,56,59,58,52,60,60,49,63,56,56,56,56,62,62,62,58,58,58,22,42,43,43,43,26,69,64,68,68,68,13],"items_purged":["Strike_G"],"gold":212,"score":653,"play_id":"6b6e47ea-2331-4c56-be8e-9fba74833d82","local_time":"20180502044000","is_prod":false,"is_daily":false,"chose_seed":false,"is_ascension_mode":true,"campfire_upgraded":6,"timestamp":1525250400,"path_taken":["M","?","?","M","$","R","M","R","T","M","M","M","?","M","R","BOSS","M","$","?","?","?","R","$","E","T","R","E","R","M","?","R","BOSS","M","M","?","?","BOSS"],"build_version":"2018-04-28v2","seed_source_timestamp":19053238872381,"purchased_purges":1,"victory":true,"master_deck":["Defend_G","Defend_G","Defend_G","Defend_G","Defend_G","Strike_G","Survivor+1","Neutralize+1","Bouncing Flask","Well Laid Plans+1","Backflip+1","Underhanded Strike","Acrobatics","Bandage Up+1","Flying Knee","Crippling Poison","Heel Hook","A Thousand Cuts+1","Leg Sweep+1","Footwork+1","Escape Plan","Writhe","Outmaneuver","Parasite","J.A.X.","After Image+1","Footwork+1"],"max_hp_per_floor":[63,63,63,63,63,63,63,63,63,63,63,63,63,63,63,63,63,63,63,63,63,63,63,63,65,65,65,67,67,69,69,69,69,69,69,71,71,71,71],"relics":["Ring of the Snake","Blood Vial","Cursed Key","Singing Bowl","Dead Branch","Frozen Egg 2","Bird Faced Urn","Philosopher\u0027s Stone"],"card_choices":[{"not_picked":["Deflect","Blade Dance"],"picked":"Backflip","floor":1},{"not_picked":["Quick Slash","Choke"],"picked":"Underhanded Strike","floor":3},{"not_picked":["Deflect","Reflex"],"picked":"Acrobatics","floor":4},{"not_picked":["Dagger Throw","Blade Dance"],"picked":"Flying Knee","floor":7},{"not_picked":["Prepared","Slice"],"picked":"Crippling Poison","floor":11},{"not_picked":["Acrobatics","Cloak And Dagger"],"picked":"Heel Hook","floor":13},{"not_picked":["Wraith Form v2","Storm of Steel"],"picked":"A Thousand Cuts","floor":16},{"not_picked":["Dagger Throw","Eviscerate"],"picked":"Leg Sweep","floor":18},{"not_picked":["Deadly Poison","Riddle With Holes"],"picked":"Dagger Throw","floor":22},{"not_picked":["Phantasmal Killer","Glass Knife"],"picked":"After Image","floor":33},{"not_picked":["Infinite Blades","Dagger Throw"],"picked":"Footwork","floor":35}],"player_experience":348949,"potions_floor_usage":[25,28,30,30,39],"damage_taken":[{"damage":7,"enemies":"Jaw Worm","floor":1,"turns":4},{"damage":1,"enemies":"Small Slimes","floor":3,"turns":6},{"damage":2,"enemies":"Cultist","floor":4,"turns":4},{"damage":0,"enemies":"3 Louse","floor":7,"turns":4},{"damage":2,"enemies":"Gremlin Gang","floor":10,"turns":6},{"damage":4,"enemies":"Red Slaver","floor":11,"turns":4},{"damage":9,"enemies":"Lots of Slimes","floor":12,"turns":4},{"damage":8,"enemies":"Looter","floor":13,"turns":3},{"damage":0,"enemies":"2 Fungi Beasts","floor":14,"turns":4},{"damage":17,"enemies":"The Guardian","floor":16,"turns":10},{"damage":13,"enemies":"Chosen","floor":18,"turns":5},{"damage":1,"enemies":"Spheric Guardian","floor":22,"turns":7},{"damage":13,"enemies":"Book of Stabbing","floor":25,"turns":8},{"damage":46,"enemies":"Gremlin Leader","floor":28,"turns":12},{"damage":17,"enemies":"Snake Plant","floor":30,"turns":5},{"damage":31,"enemies":"Collector","floor":33,"turns":10},{"damage":9,"enemies":"Orb Walker","floor":35,"turns":5},{"damage":15,"enemies":"3 Darklings","floor":36,"turns":5},{"damage":72,"enemies":"Awakened One","floor":39,"turns":20}],"event_choices":[{"event_name":"Golden Wing","player_choice":"Card Removal","floor":2,"damage_taken":0},{"event_name":"Upgrade Shrine","player_choice":"Upgraded","floor":20,"damage_taken":0},{"event_name":"The Mausoleum","player_choice":"Yes","floor":21,"damage_taken":0},{"event_name":"Drug Dealer","player_choice":"Got JAXXED","floor":31,"damage_taken":0},{"event_name":"SecretPortal","player_choice":"Took Portal.","floor":38,"damage_taken":0}],"boss_relics":[{"not_picked":["Orrery","Lizard Tail"],"picked":"Cursed Key"},{"not_picked":["Pandora\u0027s Box","Black Star"],"picked":"Philosopher\u0027s Stone"}],"potions_floor_spawned":[11,12,13,14,25,33],"seed_played":"8261296185494032081","ascension_level":3,"is_trial":false}