{"gold_per_floor":[361,49,49,49,69,103,103,28,79,90,103,103,103,122,122,196,196,212,212,127,127,127,127,140,140,167,167,183,183,195,213,213,285,285,303,303,303,303,319,319,419,419],"floor_reached":42,"playtime":1663,"items_purged":["Strike_B"],"score":888,"play_id":"46da22b7-33d7-425e-ba5d-2593c94b99f8","local_time":"20190225145248","is_ascension_mode":true,"campfire_choices":[{"data":"Apotheosis","floor":7,"key":"SMITH"},{"data":"Seek","floor":13,"key":"SMITH"},{"data":"Defragment","floor":15,"key":"SMITH"},{"data":"Capacitor","floor":23,"key":"SMITH"},{"floor":25,"key":"REST"},{"floor":27,"key":"REST"},{"data":"Zap","floor":29,"key":"SMITH"},{"floor":32,"key":"REST"},{"floor":40,"key":"REST"}],"neow_cost":"TEN_PERCENT_HP_LOSS","seed_source_timestamp":2868686908807071,"circlet_count":0,"master_deck":["AscendersBane","Defend_B","Defend_B+1","Defend_B","Defend_B+1","Zap+1","Dualcast","Defragment+1","Apotheosis+1","Capacitor+1","Hologram","Seek+1","Conserve Battery","Sunder+1","Cold Snap","Darkness","Multi-Cast","Redo","White Noise","Madness","Madness"],"relics":["Cracked Core","Vajra","Whetstone","Nuclear Battery","War Paint","Dream Catcher","Busted Crown","Turnip"],"potions_floor_usage":[10,16,16,31,33,42],"damage_taken":[{"damage":2,"enemies":"Cultist","floor":1,"turns":4},{"damage":4,"enemies":"Small Slimes","floor":5,"turns":3},{"damage":36,"enemies":"3 Sentries","floor":6,"turns":9},{"damage":0,"enemies":"Jaw Worm","floor":10,"turns":5},{"damage":8,"enemies":"Blue Slaver","floor":11,"turns":4},{"damage":0,"enemies":"Looter","floor":14,"turns":2},{"damage":0,"enemies":"Hexaghost","floor":16,"turns":7},{"damage":29,"enemies":"Shell Parasite","floor":18,"turns":5},{"damage":15,"enemies":"2 Thieves","floor":24,"turns":4},{"damage":12,"enemies":"Shelled Parasite and Fungi","floor":28,"turns":5},{"damage":1,"enemies":"Centurion and Healer","floor":30,"turns":4},{"damage":9,"enemies":"Snake Plant","floor":31,"turns":2},{"damage":27,"enemies":"Champ","floor":33,"turns":10},{"damage":8,"enemies":"3 Shapes","floor":35,"turns":4},{"damage":23,"enemies":"3 Darklings","floor":39,"turns":5},{"damage":10,"enemies":"Mind Bloom Boss Battle","floor":41,"turns":7},{"damage":29,"enemies":"Reptomancer","floor":42,"turns":2}],"seed_played":"-2149567592776519300","potions_obtained":[{"floor":1,"key":"Dexterity Potion"},{"floor":6,"key":"Regen Potion"},{"floor":11,"key":"EssenceOfSteel"},{"floor":16,"key":"FearPotion"},{"floor":22,"key":"GamblersBrew"},{"floor":31,"key":"Ancient Potion"},{"floor":39,"key":"Dexterity Potion"}],"is_trial":false,"path_per_floor":["M","$","?","?","M","E","R","$","T","M","M","?","R","M","R","B",null,"M","?","?","?","?","R","M","R","T","R","M","R","M","M","R","B",null,"M","?","?","?","M","R","?","E"],"character_chosen":"DEFECT","items_purchased":["Apotheosis","Capacitor","Hologram"],"campfire_rested":4,"item_purchase_floors":[2,2,2],"current_hp_per_floor":[62,62,55,55,51,15,15,15,15,29,21,21,21,21,21,21,53,24,24,24,37,37,37,22,41,41,60,48,48,47,38,57,30,56,48,36,36,36,13,32,22,0],"gold":419,"neow_bonus":"TWO_FIFTY_GOLD","is_prod":false,"is_daily":false,"chose_seed":false,"campfire_upgraded":5,"win_rate":0,"timestamp":1551073968,"path_taken":["M","$","?","?","M","E","R","$","T","?","M","?","R","M","R","BOSS","M","?","?","?","?","R","M","R","T","R","?","R","M","M","R","BOSS","M","?","?","?","?","R","?","E"],"build_version":"2019-01-23","purchased_purges":1,"victory":false,"max_hp_per_floor":[64,64,64,64,64,64,64,64,64,64,64,64,64,64,64,64,64,64,64,64,64,64,64,64,64,64,64,64,64,64,64,64,64,64,64,64,64,64,64,64,64,64],"card_choices":[{"not_picked":["Genetic Algorithm","Fusion"],"picked":"Defragment","floor":1},{"not_picked":["Redo","Streamline"],"picked":"Conserve Battery","floor":5},{"not_picked":["FTL","Multi-Cast"],"picked":"Sunder","floor":6},{"not_picked":["Melter","Consume","Rebound"],"picked":"SKIP","floor":10},{"not_picked":["Turbo","Ball Lightning"],"picked":"Cold Snap","floor":11},{"not_picked":["Heatsinks","Buffer"],"picked":"Darkness","floor":14},{"not_picked":["Core Surge","Creative AI"],"picked":"Multi-Cast","floor":16},{"not_picked":["Stack","Steam Power","Sweeping Beam"],"picked":"SKIP","floor":18},{"not_picked":["Conserve Battery","Gash","Recycle"],"picked":"SKIP","floor":24},{"not_picked":["Hello World","Rebound+1","Hologram"],"picked":"SKIP","floor":28},{"not_picked":["Sweeping Beam","Redo","Gash"],"picked":"SKIP","floor":30},{"not_picked":["Sweeping Beam","Gash"],"picked":"Redo","floor":30},{"not_picked":["Scrape","Blizzard","Redo"],"picked":"SKIP","floor":31},{"not_picked":["Aggregate","Skim"],"picked":"White Noise","floor":32},{"not_picked":["Reprogram+1"],"picked":"SKIP","floor":35},{"not_picked":["Fusion"],"picked":"SKIP","floor":39}],"player_experience":585994,"relics_obtained":[{"floor":6,"key":"Vajra"},{"floor":9,"key":"Whetstone"},{"floor":26,"key":"Dream Catcher"},{"floor":41,"key":"Turnip"}],"event_choices":[{"cards_removed":["Strike_B"],"damage_healed":0,"gold_gain":0,"player_choice":"Card Removal","damage_taken":7,"max_hp_gain":0,"max_hp_loss":0,"event_name":"Golden Wing","floor":3,"gold_loss":0},{"damage_healed":0,"gold_gain":0,"player_choice":"1 cards matched","damage_taken":0,"max_hp_gain":0,"max_hp_loss":0,"event_name":"Match and Keep!","floor":4,"gold_loss":0,"cards_obtained":["Seek"]},{"damage_healed":0,"gold_gain":0,"player_choice":"Ignored","damage_taken":0,"max_hp_gain":0,"max_hp_loss":0,"event_name":"Liars Game","floor":12,"gold_loss":0},{"damage_healed":0,"gold_gain":0,"player_choice":"Ignored","damage_taken":0,"max_hp_gain":0,"max_hp_loss":0,"event_name":"Vampires","floor":19,"gold_loss":0},{"damage_healed":0,"gold_gain":0,"player_choice":"Obtained Relic","damage_taken":0,"relics_obtained":["War Paint"],"max_hp_gain":0,"max_hp_loss":0,"event_name":"Addict","floor":20,"gold_loss":85},{"damage_healed":13,"gold_gain":0,"player_choice":"Heal","damage_taken":0,"max_hp_gain":0,"max_hp_loss":0,"event_name":"The Library","floor":21,"gold_loss":0},{"damage_healed":0,"gold_gain":0,"player_choice":"Got Potions","damage_taken":0,"max_hp_gain":0,"max_hp_loss":0,"event_name":"Lab","floor":22,"gold_loss":0},{"damage_healed":0,"gold_gain":0,"player_choice":"Embrace Madness","damage_taken":12,"max_hp_gain":0,"max_hp_loss":0,"event_name":"Winding Halls","floor":36,"gold_loss":0,"cards_obtained":["Madness","Madness"]},{"cards_removed":["Strike_B"],"damage_healed":0,"gold_gain":0,"player_choice":"Removed Attack","damage_taken":0,"max_hp_gain":0,"max_hp_loss":0,"event_name":"Falling","floor":37,"gold_loss":0},{"cards_removed":["Strike_B"],"damage_healed":0,"gold_gain":0,"player_choice":"Card Removal","damage_taken":0,"max_hp_gain":0,"max_hp_loss":0,"event_name":"Wheel of Change","floor":38,"gold_loss":0},{"damage_healed":0,"gold_gain":0,"player_choice":"Fight","damage_taken":0,"max_hp_gain":0,"max_hp_loss":0,"event_name":"MindBloom","floor":41,"gold_loss":0}],"is_beta":false,"boss_relics":[{"not_picked":["White Beast Statue","Empty Cage"],"picked":"Nuclear Battery"},{"not_picked":["Coffee Dripper","Velvet Choker"],"picked":"Busted Crown"}],"items_purged_floors":[8],"is_endless":false,"potions_floor_spawned":[1,6,11,16,28,31,39],"killed_by":"Reptomancer","ascension_level":20}