{"gold_per_floor":[117,94,112,112,124,170,182,206,218,246,258,281,309,341,353,465,477,509,507,519,62,82,82,108,108,135,166,184,184,197,229,229,229],"floor_reached":33,"playtime":3002,"items_purged":["Entrench"],"score":376,"play_id":"2ff60d54-a73a-42ac-9692-59e44c0b9f0c","local_time":"20181021232148","is_ascension_mode":true,"campfire_choices":[{"data":"Armaments","floor":7.0,"key":"SMITH"},{"data":"Rage","floor":15.0,"key":"SMITH"},{"floor":23,"key":"REST"},{"data":"1","floor":25,"key":"LIFT"},{"data":"2","floor":29,"key":"LIFT"},{"data":"3","floor":32,"key":"LIFT"}],"neow_cost":"PERCENT_DAMAGE","seed_source_timestamp":0,"circlet_count":0,"master_deck":["Defend_R","Defend_R","Defend_R","Bash+1","True Grit","Armaments+1","Rage+1","Second Wind","Feel No Pain","Cleave","Dark Embrace","Clash+1","Armaments+1","Bite","Bite+1","Bite","Bite","Bite","Dark Shackles","Sword Boomerang","Shrug It Off","Thunderclap","Heavy Blade+1"],"special_seed":0,"relics":["Burning Blood","MawBank","Omamori","Kunai","Letter Opener","Fusion Hammer","Girya","Mummified Hand","Whetstone","Regal Pillow","Vajra"],"potions_floor_usage":[27,31,31,33,33],"damage_taken":[{"damage":1.0,"enemies":"Cultist","floor":1.0,"turns":4.0},{"damage":0.0,"enemies":"2 Louse","floor":3.0,"turns":3.0},{"damage":31.0,"enemies":"Lagavulin","floor":6.0,"turns":8.0},{"damage":0.0,"enemies":"Small Slimes","floor":8.0,"turns":5.0},{"damage":5.0,"enemies":"Gremlin Gang","floor":10.0,"turns":4.0},{"damage":0.0,"enemies":"3 Louse","floor":12.0,"turns":4.0},{"damage":0.0,"enemies":"Lots of Slimes","floor":13.0,"turns":3.0},{"damage":7.0,"enemies":"Gremlin Gang","floor":14.0,"turns":6.0},{"damage":56.0,"enemies":"Slime Boss","floor":16.0,"turns":15.0},{"damage":31,"enemies":"Spheric Guardian","floor":18,"turns":6},{"damage":20,"enemies":"2 Thieves","floor":19,"turns":5},{"damage":46,"enemies":"Snecko","floor":22,"turns":8},{"damage":53,"enemies":"Gremlin Leader","floor":24,"turns":11},{"damage":16,"enemies":"Slavers","floor":27,"turns":6},{"damage":11,"enemies":"Cultist and Chosen","floor":28,"turns":8},{"damage":18,"enemies":"3 Cultists","floor":30,"turns":5},{"damage":0,"enemies":"Book of Stabbing","floor":31,"turns":3},{"damage":76,"enemies":"Automaton","floor":33,"turns":6}],"seed_played":"5096646645385174327","potions_obtained":[{"floor":1.0,"key":"Fire Potion"},{"floor":10.0,"key":"Regen Potion"},{"floor":12.0,"key":"EssenceOfSteel"},{"floor":13.0,"key":"Strength Potion"},{"floor":16.0,"key":"SteroidPotion"},{"floor":18,"key":"EssenceOfSteel"},{"floor":28,"key":"Swift Potion"},{"floor":31,"key":"Regen Potion"}],"is_trial":false,"path_per_floor":["M","$","M","T","?","E","R","M","T","M","?","M","M","M","R","B",null,"M","M","?","$","M","R","E","R","T","E","M","R","M","E","R"],"character_chosen":"IRONCLAD","items_purchased":["Armaments","Girya","Dark Shackles"],"campfire_rested":1,"item_purchase_floors":[2,21,21],"current_hp_per_floor":[61,61,67,67,67,42,42,48,48,49,54,60,66,65,65,29,80,55,41,41,41,15,31,33,33,33,39,55,55,50,56,56,0],"gold":229,"neow_bonus":"TRANSFORM_TWO_CARDS","is_prod":false,"is_daily":false,"chose_seed":false,"campfire_upgraded":2,"win_rate":0,"timestamp":1540178508,"path_taken":["M","$","M","?","?","E","R","M","T","M","?","M","?","M","R","BOSS","M","?","?","?","M","R","E","R","T","E","M","R","M","E","R","BOSS"],"build_version":"2018-10-18","purchased_purges":1,"victory":false,"max_hp_per_floor":[80,80,80,80,80,80,80,80,80,80,80,80,80,80,80,80,80,80,80,56,56,56,56,56,56,56,56,56,56,56,56,56,56],"card_choices":[{"not_picked":["Bloodletting","Warcry"],"picked":"True Grit","floor":1.0},{"not_picked":["Burning Pact","Wild Strike","Rupture"],"picked":"SKIP","floor":3.0},{"not_picked":["Carnage","Heavy Blade"],"picked":"Rage","floor":6.0},{"not_picked":["Pummel","Hemokinesis"],"picked":"Second Wind","floor":8.0},{"not_picked":["Berserk","Disarm"],"picked":"Feel No Pain","floor":10.0},{"not_picked":["Rampage","Sword Boomerang","Wild Strike"],"picked":"SKIP","floor":12.0},{"not_picked":["Iron Wave","Thunderclap"],"picked":"Cleave","floor":13.0},{"not_picked":["Havoc","Wild Strike","Intimidate"],"picked":"SKIP","floor":14.0},{"not_picked":["Exhume","Berserk"],"picked":"Dark Embrace","floor":16.0},{"not_picked":["Flex","Hemokinesis"],"picked":"Clash+1","floor":18},{"not_picked":["Headbutt","Reckless Charge+1"],"picked":"Armaments+1","floor":19},{"not_picked":["Fire Breathing+1","Blood for Blood"],"picked":"Sword Boomerang","floor":22},{"not_picked":["Burning Pact","Evolve"],"picked":"Shrug It Off","floor":24},{"not_picked":["Rampage","Iron Wave","Shockwave"],"picked":"SKIP","floor":27},{"not_picked":["Shrug It Off","Warcry"],"picked":"Thunderclap","floor":28},{"not_picked":["Pommel Strike","Headbutt+1"],"picked":"Heavy Blade+1","floor":30},{"not_picked":["Second Wind+1","True Grit","Searing Blow"],"picked":"SKIP","floor":31}],"player_experience":951762,"relics_obtained":[{"floor":4.0,"key":"MawBank"},{"floor":5.0,"key":"Omamori"},{"floor":6.0,"key":"Kunai"},{"floor":9.0,"key":"Letter Opener"},{"floor":24,"key":"Mummified Hand"},{"floor":26,"key":"Whetstone"},{"floor":27,"key":"Regal Pillow"},{"floor":31,"key":"Vajra"}],"event_choices":[{"damage_healed":0.0,"max_hp_gain":0.0,"max_hp_loss":0.0,"gold_gain":0.0,"event_name":"Wheel of Change","player_choice":"Relic","floor":5.0,"gold_loss":0.0,"damage_taken":0.0},{"cards_removed":["Havoc"],"damage_healed":5.0,"max_hp_gain":0.0,"max_hp_loss":0.0,"gold_gain":0.0,"event_name":"Bonfire Elementals","player_choice":"Offered Common","floor":11.0,"gold_loss":0.0,"damage_taken":0.0},{"cards_removed":["Havoc"],"damage_healed":5.0,"max_hp_gain":0.0,"max_hp_loss":0.0,"gold_gain":0.0,"event_name":"Bonfire Elementals","player_choice":"Offered Special","floor":11.0,"gold_loss":0.0,"damage_taken":0.0},{"damage_healed":0,"gold_gain":0,"player_choice":"Became a vampire","damage_taken":0,"max_hp_gain":0,"max_hp_loss":24,"event_name":"Vampires","floor":20,"gold_loss":0,"cards_obtained":["Bite","Bite","Bite","Bite","Bite"]}],"is_beta":false,"boss_relics":[{"not_picked":["Astrolabe","Empty Cage"],"picked":"Fusion Hammer"}],"items_purged_floors":[21],"is_endless":false,"potions_floor_spawned":[1,10,12,13,16,18,19,22,28,30,31],"killed_by":"Automaton","ascension_level":1}