{"gold_per_floor":[112,112,125,139,156,169,94,94,94,109,128,147,147,163,163,264,264],"floor_reached":17,"playtime":1156,"items_purged":["Doubt"],"score":153,"play_id":"2fee50a7-62a9-48bf-9661-fd716129537e","local_time":"20190220034030","is_ascension_mode":false,"campfire_choices":[{"data":"Havoc","floor":8,"key":"SMITH"},{"data":"Clothesline","floor":13,"key":"SMITH"},{"data":"Bludgeon","floor":15,"key":"SMITH"}],"neow_cost":"CURSE","seed_source_timestamp":39982831406638,"circlet_count":0,"master_deck":["Strike_R","Strike_R","Strike_R","Strike_R","Strike_R","Defend_R","Defend_R","Defend_R","Defend_R","Bash","Havoc+1","Bludgeon+1","Blood for Blood","Enlightenment","Shrug It Off","Feel No Pain","Headbutt","Whirlwind","Dark Embrace","Shrug It Off","Clothesline+1","Iron Wave","Offering"],"relics":["Burning Blood","FossilizedHelix","Smiling Mask","Fusion Hammer"],"potions_floor_usage":[],"damage_taken":[{"damage":0,"enemies":"Small Slimes","floor":1,"turns":3},{"damage":0,"enemies":"Cultist","floor":3,"turns":3},{"damage":2,"enemies":"Jaw Worm","floor":4,"turns":3},{"damage":9,"enemies":"Large Slime","floor":5,"turns":6},{"damage":5,"enemies":"Looter","floor":6,"turns":3},{"damage":0,"enemies":"Red Slaver","floor":10,"turns":1},{"damage":0,"enemies":"3 Louse","floor":11,"turns":3},{"damage":3,"enemies":"Lots of Slimes","floor":12,"turns":5},{"damage":0,"enemies":"Large Slime","floor":14,"turns":5},{"damage":64,"enemies":"Hexaghost","floor":16,"turns":10}],"seed_played":"1368541051286750591","potions_obtained":[{"floor":5,"key":"Strength Potion"},{"floor":6,"key":"Swift Potion"},{"floor":14,"key":"LiquidBronze"}],"is_trial":false,"path_per_floor":["M","?","M","M","M","M","$","R","T","M","M","M","R","M","R","B",null],"character_chosen":"IRONCLAD","items_purchased":[],"campfire_rested":0,"item_purchase_floors":[],"current_hp_per_floor":[80,80,80,80,77,78,78,78,78,80,80,80,80,80,80,22,80],"gold":264,"neow_bonus":"ONE_RARE_RELIC","is_prod":false,"is_daily":false,"chose_seed":false,"campfire_upgraded":3,"win_rate":0,"timestamp":1550626830,"path_taken":["M","?","M","?","M","M","$","R","T","?","M","M","R","M","R","BOSS"],"build_version":"2019-01-23","purchased_purges":1,"victory":false,"max_hp_per_floor":[80,80,80,80,80,80,80,80,80,80,80,80,80,80,80,80,80],"card_choices":[{"not_picked":["Searing Blow","Feel No Pain"],"picked":"Havoc","floor":1},{"not_picked":["Sword Boomerang","Wild Strike"],"picked":"Shrug It Off","floor":3},{"not_picked":["Headbutt","Heavy Blade"],"picked":"Feel No Pain","floor":4},{"not_picked":["Thunderclap","Fire Breathing"],"picked":"Headbutt","floor":5},{"not_picked":["Flex","Headbutt"],"picked":"Whirlwind","floor":6},{"not_picked":["Iron Wave","Shrug It Off"],"picked":"Dark Embrace","floor":10},{"not_picked":["Sentinel","Carnage"],"picked":"Shrug It Off","floor":11},{"not_picked":["Body Slam","Power Through"],"picked":"Clothesline","floor":12},{"not_picked":["Sever Soul","Headbutt"],"picked":"Iron Wave","floor":14},{"not_picked":["Berserk","Fiend Fire"],"picked":"Offering","floor":16}],"player_experience":438157,"relics_obtained":[{"floor":9,"key":"Smiling Mask"}],"event_choices":[{"damage_healed":0,"gold_gain":0,"player_choice":"3 cards matched","damage_taken":0,"max_hp_gain":0,"max_hp_loss":0,"event_name":"Match and Keep!","floor":2,"gold_loss":0,"cards_obtained":["Bludgeon","Blood for Blood","Enlightenment"]}],"is_beta":false,"boss_relics":[{"not_picked":["Astrolabe","Tiny House"],"picked":"Fusion Hammer"}],"items_purged_floors":[7],"is_endless":false,"potions_floor_spawned":[5,6,14],"ascension_level":0}