{"gold_per_floor":[115,126,145,18,28,28,44,74,101,119,147,147,176,195,195,296,296,308,408,427,49,49,49,66,66,66,66,81,97,112,125,125,224,224,239,257,272,283,308,308,339,339,339,264,264,264,37,56,56,56,56,56,7,40,40],"floor_reached":55,"playtime":10982,"items_purged":["Regret","Parasite"],"score":698,"play_id":"2dbebd80-406e-4994-b5e8-e220bdc2d18e","local_time":"20190217112252","is_ascension_mode":false,"campfire_choices":[{"data":"Flame Barrier","floor":6.0,"key":"SMITH"},{"floor":12.0,"key":"RECALL"},{"data":"Inflame","floor":15.0,"key":"SMITH"},{"floor":23.0,"key":"REST"},{"data":"Pummel","floor":25.0,"key":"SMITH"},{"data":"Heavy Blade","floor":27.0,"key":"SMITH"},{"floor":32.0,"key":"REST"},{"data":"Juggernaut","floor":40,"key":"SMITH"},{"floor":45,"key":"REST"},{"data":"Shockwave","floor":49,"key":"SMITH"},{"data":"Master of Strategy","floor":52,"key":"SMITH"}],"neow_cost":"NONE","seed_source_timestamp":0,"circlet_count":0,"master_deck":["Strike_R","Strike_R","Strike_R","Strike_R","Defend_R","Defend_R","Defend_R","Defend_R","Bash","Twin Strike","Heavy Blade+1","Thunderclap","Flame Barrier+1","Anger","Ghostly Armor","Headbutt","Sword Boomerang","Disarm","Impervious","Inflame+1","Double Tap","Shrug It Off","Pummel+1","Body Slam","Master of Strategy+1","Offering","Warcry+1","Disarm+1","Dropkick+1","Body Slam","Juggernaut+1","Clash+1","Shrug It Off+1","Headbutt+1","Infernal Blade+1","Clumsy","Blood for Blood+1","Shockwave+1","Havoc+1","Clash+1"],"special_seed":0,"relics":["Burning Blood","Vajra","Juzu Bracelet","Bronze Scales","Orichalcum","Red Skull","Black Star","Bird Faced Urn","Pear","Strange Spoon","Bag of Marbles","Cursed Key","Dream Catcher","Question Card","Strawberry","Kunai","Pantograph","Turnip"],"potions_floor_usage":[36,41,41,50,54,54,55],"damage_taken":[{"damage":1.0,"enemies":"Cultist","floor":1.0,"turns":3.0},{"damage":3.0,"enemies":"Jaw Worm","floor":2.0,"turns":3.0},{"damage":2.0,"enemies":"2 Louse","floor":3.0,"turns":2.0},{"damage":10.0,"enemies":"Large Slime","floor":5.0,"turns":5.0},{"damage":1.0,"enemies":"Exordium Thugs","floor":7.0,"turns":3.0},{"damage":14.0,"enemies":"Gremlin Nob","floor":8.0,"turns":3.0},{"damage":0.0,"enemies":"Gremlin Gang","floor":10.0,"turns":4.0},{"damage":8.0,"enemies":"3 Sentries","floor":11.0,"turns":6.0},{"damage":6.0,"enemies":"Lagavulin","floor":13.0,"turns":6.0},{"damage":0.0,"enemies":"2 Fungi Beasts","floor":14.0,"turns":3.0},{"damage":32.0,"enemies":"Hexaghost","floor":16.0,"turns":8.0},{"damage":9.0,"enemies":"3 Byrds","floor":18.0,"turns":4.0},{"damage":25.0,"enemies":"Colosseum Slavers","floor":19.0,"turns":8.0},{"damage":35.0,"enemies":"Colosseum Nobs","floor":19.0,"turns":6.0},{"damage":2.0,"enemies":"Shell Parasite","floor":20.0,"turns":2.0},{"damage":13.0,"enemies":"Shelled Parasite and Fungi","floor":24.0,"turns":4.0},{"damage":11.0,"enemies":"Sentry and Sphere","floor":28.0,"turns":6.0},{"damage":6.0,"enemies":"Snake Plant","floor":29.0,"turns":4.0},{"damage":6.0,"enemies":"Centurion and Healer","floor":30.0,"turns":4.0},{"damage":12.0,"enemies":"Shelled Parasite and Fungi","floor":31.0,"turns":5.0},{"damage":82.0,"enemies":"Collector","floor":33.0,"turns":9.0},{"damage":3,"enemies":"3 Shapes","floor":35,"turns":4},{"damage":12,"enemies":"Orb Walker","floor":36,"turns":3},{"damage":16,"enemies":"Writhing Mass","floor":37,"turns":7},{"damage":11,"enemies":"Maw","floor":38,"turns":6},{"damage":24,"enemies":"Nemesis","floor":41,"turns":5},{"damage":10,"enemies":"Sphere and 2 Shapes","floor":48,"turns":4},{"damage":50,"enemies":"Donu and Deca","floor":50,"turns":8},{"damage":57,"enemies":"Shield and Spear","floor":54,"turns":5},{"damage":111,"enemies":"The Heart","floor":55,"turns":5}],"seed_played":"7646117590295631548","potions_obtained":[{"floor":1.0,"key":"Energy Potion"},{"floor":7.0,"key":"Strength Potion"},{"floor":11.0,"key":"SpeedPotion"},{"floor":13.0,"key":"Regen Potion"},{"floor":20.0,"key":"BloodPotion"},{"floor":24.0,"key":"Explosive Potion"},{"floor":29.0,"key":"Explosive Potion"},{"floor":30.0,"key":"BloodPotion"},{"floor":33.0,"key":"Dexterity Potion"},{"floor":37,"key":"Block Potion"},{"floor":38,"key":"FairyPotion"},{"floor":48,"key":"Swift Potion"},{"floor":54,"key":"Strength Potion"}],"is_trial":false,"path_per_floor":["M","M","M","$","M","R","M","E","T","M","E","R","E","M","R","B",null,"M","?","M","$","?","R","M","R","T","R","M","M","M","M","R","B",null,"M","M","M","M","T","R","E","?","T","$","R","?","$","M","R","B",null,"R","$","E","B"],"character_chosen":"IRONCLAD","items_purchased":["Flame Barrier","Anger","Strange Spoon","Master of Strategy","Shockwave","Strength Potion","FearPotion"],"campfire_rested":3,"item_purchase_floors":[4,4,21,21,47,47,53],"current_hp_per_floor":[80,80,80,80,76,76,80,72,72,78,76,76,76,80,80,54,80,77,39,45,45,45,72,67,67,67,67,62,64,66,71,90,30,90,90,84,78,77,77,77,70,70,70,70,97,97,94,90,90,50,94,94,94,43,0],"gold":40,"neow_bonus":"RANDOM_COMMON_RELIC","is_prod":false,"is_daily":false,"chose_seed":false,"campfire_upgraded":7,"win_rate":0,"timestamp":1550431372,"path_taken":["M","M","M","$","M","R","M","E","T","M","E","R","E","M","R","BOSS","M","?","M","$","?","R","M","R","T","R","M","M","M","M","R","BOSS","M","M","M","M","?","R","E","?","T","$","R","?","$","M","R","BOSS","R","$","E","BOSS"],"build_version":"2019-01-23","purchased_purges":2,"victory":false,"max_hp_per_floor":[80,80,80,80,80,80,80,80,80,80,80,80,80,80,80,80,80,80,90,90,90,90,90,90,90,90,90,90,90,90,90,90,90,90,90,90,90,90,90,90,97,97,97,97,97,97,94,94,94,94,94,94,94,94,94],"card_choices":[{"not_picked":["Wild Strike","Warcry"],"picked":"Twin Strike","floor":1.0},{"not_picked":["Iron Wave","Body Slam"],"picked":"Heavy Blade","floor":2.0},{"not_picked":["Blood for Blood","Havoc"],"picked":"Thunderclap","floor":3.0},{"not_picked":["Feel No Pain","Burning Pact","Clothesline"],"picked":"SKIP","floor":5.0},{"not_picked":["Headbutt","Perfected Strike"],"picked":"Ghostly Armor","floor":7.0},{"not_picked":["Rampage","Uppercut"],"picked":"Headbutt","floor":8.0},{"not_picked":["Carnage","Feel No Pain"],"picked":"Sword Boomerang","floor":10.0},{"not_picked":["Sword Boomerang","Clothesline"],"picked":"Disarm","floor":11.0},{"not_picked":["Body Slam","Wild Strike"],"picked":"Impervious","floor":13.0},{"not_picked":["Flame Barrier","Headbutt"],"picked":"Inflame","floor":14.0},{"not_picked":["Brutality","Berserk"],"picked":"Double Tap","floor":16.0},{"not_picked":["Anger","Headbutt"],"picked":"Shrug It Off","floor":18.0},{"not_picked":["Flex","Cleave"],"picked":"Pummel","floor":19.0},{"not_picked":["Perfected Strike","Armaments"],"picked":"Body Slam","floor":20.0},{"not_picked":["Headbutt","Searing Blow"],"picked":"Offering","floor":24.0},{"not_picked":["Wild Strike","Clothesline+1"],"picked":"Warcry+1","floor":28.0},{"not_picked":["Combust","Flex"],"picked":"Disarm+1","floor":29.0},{"not_picked":["True Grit","Perfected Strike"],"picked":"Dropkick+1","floor":30.0},{"not_picked":["Warcry","Bludgeon"],"picked":"Body Slam","floor":31.0},{"not_picked":["Impervious","Double Tap"],"picked":"Juggernaut","floor":33.0},{"not_picked":["Sword Boomerang","Headbutt"],"picked":"Clash+1","floor":35},{"not_picked":["Metallicize","Inflame"],"picked":"Shrug It Off+1","floor":36},{"not_picked":["Anger","Feel No Pain+1"],"picked":"Headbutt+1","floor":37},{"not_picked":["Heavy Blade+1","True Grit"],"picked":"Infernal Blade+1","floor":38},{"not_picked":["Anger","Rage","Bloodletting"],"picked":"SKIP","floor":41},{"not_picked":["Feel No Pain","Corruption+1","Heavy Blade+1"],"picked":"Blood for Blood+1","floor":45},{"not_picked":["Pommel Strike","Flex","Blood for Blood+1"],"picked":"Havoc+1","floor":48},{"not_picked":["Iron Wave","Second Wind","Cleave+1"],"picked":"Clash+1","floor":54}],"player_experience":167145,"relics_obtained":[{"floor":8.0,"key":"Juzu Bracelet"},{"floor":9.0,"key":"Bronze Scales"},{"floor":11.0,"key":"Orichalcum"},{"floor":13.0,"key":"Red Skull"},{"floor":19.0,"key":"Bird Faced Urn"},{"floor":19.0,"key":"Pear"},{"floor":39,"key":"Dream Catcher"},{"floor":41,"key":"Question Card"},{"floor":41,"key":"Strawberry"},{"floor":43,"key":"Kunai"},{"floor":54,"key":"Pantograph"},{"floor":54,"key":"Turnip"}],"event_choices":[{"damage_healed":0.0,"max_hp_gain":0.0,"max_hp_loss":0.0,"gold_gain":0.0,"event_name":"Colosseum","player_choice":"Fight","floor":19.0,"gold_loss":0.0,"damage_taken":0.0},{"damage_healed":0.0,"max_hp_gain":0.0,"max_hp_loss":0.0,"gold_gain":0.0,"event_name":"Colosseum","player_choice":"Fought Nobs","floor":19.0,"gold_loss":0.0,"damage_taken":0.0},{"damage_healed":0.0,"max_hp_gain":0.0,"max_hp_loss":0.0,"gold_gain":0.0,"event_name":"WeMeetAgain","player_choice":"Gave Potion","floor":22.0,"gold_loss":0.0,"damage_taken":0.0,"relics_obtained":["Bag of Marbles"]},{"damage_healed":0,"gold_gain":0,"player_choice":"Ignored","damage_taken":0,"max_hp_gain":0,"max_hp_loss":0,"event_name":"Tomb of Lord Red Mask","floor":42,"gold_loss":0},{"cards_removed":["Strike_R"],"damage_healed":0,"gold_gain":0,"player_choice":"Removed Attack","damage_taken":0,"max_hp_gain":0,"max_hp_loss":0,"event_name":"Falling","floor":46,"gold_loss":0}],"is_beta":false,"boss_relics":[{"not_picked":["Snecko Eye","Fusion Hammer"],"picked":"Black Star"},{"not_picked":["Lizard Tail","Velvet Choker"],"picked":"Cursed Key"}],"items_purged_floors":[44,47],"is_endless":false,"potions_floor_spawned":[1,7,11,13,20,24,29,30,33,37,38,48,54],"killed_by":"The Heart","ascension_level":0}