{"path_per_floor":["M","?","M","?","M","E","R","M","T","?","?","$","R","M","R","B",null,"M","M","?","?","M"],"character_chosen":"THE_SILENT","items_purchased":["Footwork","Thinking Ahead","Bandage Up"],"gold_per_floor":[360,360,376,376,388,419,419,430,430,430,430,91,91,104,104,202,202,127,138,108,23,37],"floor_reached":23,"campfire_rested":0,"playtime":2948,"current_hp_per_floor":[63,51,51,51,51,51,51,51,51,51,44,44,44,40,40,22,70,54,52,52,52,52],"items_purged":[],"gold":37,"play_id":"97f121c2-0528-4ca8-9ac8-ff89bb2cfac7","is_prod":false,"is_daily":false,"campfire_rituals":0,"campfire_upgraded":3,"is_hardmode":false,"path_taken":["M","?","M","?","M","E","R","M","T","?","?","$","R","M","R","BOSS","M","?","?","?","M","E"],"build_version":"2018-01-11-PROD2","purchased_purges":0,"victory":false,"master_deck":["Defend_G","Defend_G","Defend_G","Defend_G","Defend_G","Strike_G","Strike_G","Strike_G","Survivor","Neutralize","Sucker Punch","Quick Slash","Footwork","Bullet Time","Outmaneuver","Regret","Footwork","Thinking Ahead","Bandage Up","Acrobatics","Burst","Flechettes","Poisoned Stab","Bane"],"max_hp_per_floor":[63,63,63,63,63,70,70,70,70,70,70,70,70,70,70,70,70,70,70,70,70,70],"relics":["Ring of the Snake","Strawberry","Ice Cream","Pen Nib","Lizard Tail","Regal Pillow"],"campfire_meditates":0,"card_choices":[{"not_picked":["All Out Attack","Dodge and Roll"],"picked":"Sucker Punch"},{"not_picked":["PiercingWail","Backflip"],"picked":"Quick Slash"},{"not_picked":["Backflip","Catalyst"],"picked":"Footwork"},{"not_picked":["Dagger Spray","Prepared"],"picked":"Bullet Time"},{"not_picked":["Backstab","Sucker Punch"],"picked":"Outmaneuver"},{"not_picked":["Quick Slash","Bane"],"picked":"Acrobatics"},{"not_picked":["Phantasmal Killer","Corpse Explosion"],"picked":"Burst"},{"not_picked":["Slice","Prepared"],"picked":"Flechettes"},{"not_picked":["Caltrops","Deflect"],"picked":"Poisoned Stab"},{"not_picked":["Backflip","Dagger Throw"],"picked":"Bane"}],"player_experience":110971,"potions_floor_usage":[6,23],"damage_taken":[{"damage":0,"enemies":"Cultist","floor":1,"turns":5},{"damage":0,"enemies":"Jaw Worm","floor":3,"turns":4},{"damage":0,"enemies":"Small Slimes","floor":5,"turns":3},{"damage":7,"enemies":"Gremlin Nob","floor":6,"turns":6},{"damage":0,"enemies":"2 Fungi Beasts","floor":8,"turns":3},{"damage":8,"enemies":"Large Slime","floor":14,"turns":9},{"damage":22,"enemies":"The Guardian","floor":16,"turns":19},{"damage":20,"enemies":"2 Thieves","floor":18,"turns":5},{"damage":10,"enemies":"Shell Parasite","floor":19,"turns":8},{"damage":4,"enemies":"Snecko","floor":22,"turns":7},{"damage":24,"enemies":"Book of Stabbing","floor":23,"turns":9}],"event_choices":[{"event_name":"Shining Light","player_choice":"Entered Light","floor":2,"damage_taken":0},{"event_name":"Living Wall","player_choice":"Forget","floor":4,"damage_taken":0},{"event_name":"Big Fish","player_choice":"Box","floor":10,"damage_taken":0},{"event_name":"Golden Wing","player_choice":"Card Removal","floor":11,"damage_taken":0},{"event_name":"The Woman in Blue","player_choice":"Bought 2 Potions","floor":20,"damage_taken":0},{"event_name":"Addict","player_choice":"Obtained Relic","floor":21,"damage_taken":0}],"boss_relics":[{"not_picked":["Cursed Key","Eternal Feather"],"picked":"Lizard Tail"}],"potions_floor_spawned":[1,8,22],"seed_played":"6465815646029409129","killed_by":"Book of Stabbing","is_trial":false}