{"gold_per_floor":[117,134,145,70,89,89,124,89,112,112,142,142,173,190,190,285,285,255,354,25,39,39,39,49,49,49,67,67,81,115,127,127,227,227,241,255,269,269,269,269,283,283,283,89,89,105,151,168,168,168],"floor_reached":51,"playtime":4249,"items_purged":["Defend_G"],"score":973,"play_id":"74f1707f-8d8a-4e5f-af8a-ed6280dd9881","local_time":"20190308080406","is_ascension_mode":true,"campfire_choices":[{"data":"Footwork","floor":6,"key":"SMITH"},{"data":"Neutralize","floor":10,"key":"SMITH"},{"data":"Dodge and Roll","floor":15,"key":"SMITH"},{"data":"Well Laid Plans","floor":23,"key":"SMITH"},{"data":"Caltrops","floor":25,"key":"SMITH"},{"data":"Dodge and Roll","floor":28,"key":"SMITH"},{"data":"Malaise","floor":32,"key":"SMITH"},{"data":"After Image","floor":40,"key":"SMITH"},{"data":"Madness","floor":42,"key":"SMITH"},{"data":"Panache","floor":45,"key":"SMITH"},{"data":"A Thousand Cuts","floor":49,"key":"SMITH"}],"neow_cost":"NONE","seed_source_timestamp":56835168362688,"circlet_count":0,"master_deck":["Defend_G","Defend_G","Defend_G","Survivor","Neutralize+1","Footwork+1","Backflip","Dodge and Roll+1","Acrobatics","Dodge and Roll+1","Malaise+1","Caltrops+1","Well Laid Plans+1","Acrobatics","Bite","Bite","Bite","Bite","Bite","PiercingWail","Backflip","Crippling Poison","Die Die Die","Dodge and Roll+1","After Image+1","Dash+1","Predator+1","Madness+1","Madness","Panache+1","A Thousand Cuts+1"],"relics":["Ring of the Serpent","PreservedInsect","Oddly Smooth Stone","Odd Mushroom","Ancient Tea Set","Sozu","TwistedFunnel","Pantograph","Calipers","Vajra","Prayer Wheel"],"potions_floor_usage":[7,11,13,16,16],"damage_taken":[{"damage":1,"enemies":"Jaw Worm","floor":1,"turns":5},{"damage":0,"enemies":"2 Louse","floor":2,"turns":3},{"damage":1,"enemies":"Small Slimes","floor":3,"turns":6},{"damage":6,"enemies":"3 Louse","floor":5,"turns":4},{"damage":48,"enemies":"Gremlin Nob","floor":7,"turns":7},{"damage":3,"enemies":"The Mushroom Lair","floor":11,"turns":9},{"damage":0,"enemies":"Lagavulin","floor":13,"turns":13},{"damage":1,"enemies":"Blue Slaver","floor":14,"turns":5},{"damage":10,"enemies":"The Guardian","floor":16,"turns":22},{"damage":2,"enemies":"2 Thieves","floor":18,"turns":5},{"damage":0,"enemies":"Shell Parasite","floor":21,"turns":8},{"damage":3,"enemies":"Snake Plant","floor":24,"turns":6},{"damage":14,"enemies":"3 Cultists","floor":27,"turns":6},{"damage":2,"enemies":"Sentry and Sphere","floor":29,"turns":10},{"damage":0,"enemies":"Book of Stabbing","floor":30,"turns":5},{"damage":1,"enemies":"Centurion and Healer","floor":31,"turns":10},{"damage":97,"enemies":"Champ","floor":33,"turns":39},{"damage":5,"enemies":"3 Darklings","floor":35,"turns":4},{"damage":1,"enemies":"Orb Walker","floor":36,"turns":4},{"damage":0,"enemies":"4 Shapes","floor":37,"turns":6},{"damage":0,"enemies":"3 Darklings","floor":41,"turns":8},{"damage":7,"enemies":"Transient","floor":46,"turns":5},{"damage":29,"enemies":"2 Orb Walkers","floor":47,"turns":5},{"damage":2,"enemies":"Maw","floor":48,"turns":9},{"damage":0,"enemies":"Time Eater","floor":50,"turns":15}],"seed_played":"8185496895753225542","potions_obtained":[{"floor":1,"key":"Swift Potion"},{"floor":2,"key":"PowerPotion"},{"floor":5,"key":"Ancient Potion"},{"floor":13,"key":"LiquidBronze"},{"floor":14,"key":"SteroidPotion"}],"is_trial":false,"path_per_floor":["M","M","M","$","M","R","E","?","T","R","?","?","E","M","R","B",null,"M","?","$","M","?","R","M","R","T","M","R","M","E","M","R","B",null,"M","M","M","?","?","R","M","R","T","$","R","M","?","M","R","B",null],"character_chosen":"THE_SILENT","items_purchased":["Well Laid Plans","TwistedFunnel","Acrobatics","Panache"],"campfire_rested":0,"item_purchase_floors":[20,20,20,44],"current_hp_per_floor":[64,66,67,67,63,63,17,34,34,34,33,56,58,59,59,51,65,65,65,65,67,67,67,70,70,70,62,62,70,70,70,70,36,62,65,70,70,61,61,61,70,70,70,70,70,70,47,67,67,70],"gold":168,"neow_bonus":"RANDOM_COMMON_RELIC","is_prod":false,"is_daily":false,"chose_seed":false,"campfire_upgraded":11,"win_rate":0,"timestamp":1552053846,"path_taken":["M","M","M","$","M","R","E","?","T","R","?","?","E","M","R","BOSS","M","?","$","M","?","R","M","R","T","M","R","M","E","M","R","BOSS","M","M","M","?","?","R","?","R","T","?","R","M","?","M","R","BOSS"],"build_version":"2019-01-23","purchased_purges":1,"victory":true,"max_hp_per_floor":[70,70,70,70,70,70,70,70,70,70,70,70,70,70,70,70,70,70,70,70,70,70,70,70,70,70,70,70,70,70,70,70,70,70,70,70,70,70,70,70,70,70,70,70,70,70,70,70,70,70],"card_choices":[{"not_picked":["Backflip","Leg Sweep"],"picked":"Footwork","floor":1},{"not_picked":["Outmaneuver","Flying Knee","Quick Slash"],"picked":"SKIP","floor":2},{"not_picked":["Expertise","PiercingWail"],"picked":"Backflip","floor":3},{"not_picked":["Bouncing Flask","Bane","Outmaneuver"],"picked":"SKIP","floor":5},{"not_picked":["Distraction","Poisoned Stab"],"picked":"Dodge and Roll","floor":7},{"not_picked":["Venomology","Escape Plan"],"picked":"Acrobatics","floor":11},{"not_picked":["Bane","Underhanded Strike","Prepared"],"picked":"SKIP","floor":13},{"not_picked":["Eviscerate","Deadly Poison"],"picked":"Dodge and Roll","floor":14},{"not_picked":["Tools of the Trade","Grand Finale"],"picked":"Malaise","floor":16},{"not_picked":["Tactician+1","Dodge and Roll"],"picked":"Caltrops","floor":18},{"not_picked":["Sucker Punch","Slice","Eviscerate+1"],"picked":"SKIP","floor":21},{"not_picked":["Prepared","Poisoned Stab"],"picked":"PiercingWail","floor":24},{"not_picked":["Deflect","Dodge and Roll"],"picked":"Backflip","floor":27},{"not_picked":["PiercingWail","Calculated Gamble"],"picked":"Crippling Poison","floor":29},{"not_picked":["Calculated Gamble","Eviscerate"],"picked":"Die Die Die","floor":30},{"not_picked":["Skewer+1","Noxious Fumes+1"],"picked":"Dodge and Roll+1","floor":31},{"not_picked":["Doppelganger","Night Terror"],"picked":"After Image","floor":33},{"not_picked":["Dagger Spray","Backflip"],"picked":"Dash+1","floor":35},{"not_picked":["Well Laid Plans","Heel Hook+1"],"picked":"Predator+1","floor":36},{"not_picked":["Backstab+1","Quick Slash+1","Distraction"],"picked":"SKIP","floor":37},{"not_picked":["Slice+1","Underhanded Strike","Acrobatics"],"picked":"SKIP","floor":41},{"not_picked":["Blade Dance+1","Quick Slash"],"picked":"A Thousand Cuts","floor":46},{"not_picked":["Deflect","Endless Agony","Cloak And Dagger+1"],"picked":"SKIP","floor":48},{"not_picked":["Heel Hook","Bane","Backflip"],"picked":"SKIP","floor":48}],"player_experience":284805,"relics_obtained":[{"floor":7,"key":"PreservedInsect"},{"floor":9,"key":"Oddly Smooth Stone"},{"floor":11,"key":"Odd Mushroom"},{"floor":13,"key":"Ancient Tea Set"},{"floor":26,"key":"Pantograph"},{"floor":30,"key":"Calipers"},{"floor":43,"key":"Vajra"},{"floor":47,"key":"Prayer Wheel"}],"event_choices":[{"damage_healed":17,"gold_gain":0,"player_choice":"Healed","damage_taken":0,"max_hp_gain":0,"max_hp_loss":0,"event_name":"The Cleric","floor":8,"gold_loss":35},{"damage_healed":0,"gold_gain":0,"player_choice":"Fought Mushrooms","damage_taken":0,"max_hp_gain":0,"max_hp_loss":0,"event_name":"Mushrooms","floor":11,"gold_loss":0},{"damage_healed":23,"gold_gain":0,"player_choice":"Banana","damage_taken":0,"max_hp_gain":0,"max_hp_loss":0,"event_name":"Big Fish","floor":12,"gold_loss":0},{"damage_healed":0,"gold_gain":99,"player_choice":"Stole From Cult","damage_taken":0,"max_hp_gain":0,"max_hp_loss":0,"event_name":"Nest","floor":19,"gold_loss":0},{"damage_healed":0,"gold_gain":0,"player_choice":"Became a vampire (Vial)","damage_taken":0,"max_hp_gain":0,"max_hp_loss":0,"event_name":"Vampires","floor":22,"relics_lost":["Blood Vial"],"gold_loss":0,"cards_obtained":["Bite","Bite","Bite","Bite","Bite"]},{"damage_healed":0,"gold_gain":0,"player_choice":"Embrace Madness","damage_taken":9,"max_hp_gain":0,"max_hp_loss":0,"event_name":"Winding Halls","floor":38,"gold_loss":0,"cards_obtained":["Madness","Madness"]},{"cards_removed":["Defend_G"],"damage_healed":0,"gold_gain":0,"player_choice":"Card Removal","damage_taken":0,"max_hp_gain":0,"max_hp_loss":0,"event_name":"Wheel of Change","floor":39,"gold_loss":0},{"damage_healed":0,"gold_gain":0,"player_choice":"Fight","damage_taken":0,"max_hp_gain":0,"max_hp_loss":0,"event_name":"Mysterious Sphere","floor":47,"gold_loss":0}],"is_beta":false,"boss_relics":[{"not_picked":["Orrery","Pandora\u0027s Box"],"picked":"Sozu"},{"not_picked":["White Beast Statue","Empty Cage"],"picked":"Ring of the Serpent"}],"items_purged_floors":[4],"is_endless":false,"potions_floor_spawned":[1,2,5,13,14,18,24,27,30,46,47],"ascension_level":6}