{"gold_per_floor":[118,118,118,137,87,125,150,150,150,169,169,169],"floor_reached":12,"playtime":389,"items_purged":[],"score":101,"play_id":"2e078af8-f4e6-4a59-99ca-38bb4e2cbd44","local_time":"20181125174136","is_ascension_mode":true,"campfire_choices":[{"floor":8,"key":"RECALL"}],"neow_cost":"TEN_PERCENT_HP_LOSS","seed_source_timestamp":1016751085567853,"circlet_count":0,"master_deck":["Strike_R","Strike_R","Strike_R","Strike_R","Defend_R","Defend_R","Defend_R","Defend_R","Bash","Demon Form+1","Uppercut","Inflame","Pommel Strike+1","Heavy Blade"],"relics":["Burning Blood","Golden Idol","Question Card"],"potions_floor_usage":[10,12],"damage_taken":[{"damage":4,"enemies":"Small Slimes","floor":1,"turns":3},{"damage":3,"enemies":"2 Louse","floor":4,"turns":4},{"damage":24,"enemies":"Gremlin Nob","floor":6,"turns":4},{"damage":8,"enemies":"Jaw Worm","floor":7,"turns":4},{"damage":29,"enemies":"Lots of Slimes","floor":10,"turns":8},{"damage":19,"enemies":"3 Louse","floor":12,"turns":2}],"seed_played":"-162647553438417490","potions_obtained":[{"floor":1,"key":"FearPotion"},{"floor":6,"key":"Regen Potion"}],"is_trial":false,"path_per_floor":["M","?","?","M","?","E","M","R","T","M","?","M"],"character_chosen":"IRONCLAD","items_purchased":[],"campfire_rested":0,"item_purchase_floors":[],"current_hp_per_floor":[72,72,54,57,57,39,37,37,37,29,15,0],"gold":169,"neow_bonus":"THREE_RARE_CARDS","is_prod":false,"is_daily":false,"chose_seed":false,"campfire_upgraded":0,"win_rate":0,"timestamp":1543189296,"path_taken":["M","?","?","M","?","E","M","R","T","M","?","?"],"build_version":"2018-11-15","purchased_purges":0,"victory":false,"max_hp_per_floor":[72,72,72,72,72,72,72,72,72,72,72,72],"card_choices":[{"not_picked":["Fiend Fire","Exhume"],"picked":"Demon Form","floor":0},{"not_picked":["Blood for Blood","Warcry","Sword Boomerang"],"picked":"SKIP","floor":1},{"not_picked":["Power Through","Pommel Strike"],"picked":"Uppercut","floor":4},{"not_picked":["Carnage","Twin Strike"],"picked":"Inflame","floor":6},{"not_picked":["Warcry","Flex","Ghostly Armor"],"picked":"Pommel Strike","floor":7},{"not_picked":["Pommel Strike","Whirlwind","Headbutt"],"picked":"Heavy Blade","floor":10}],"player_experience":229148,"relics_obtained":[{"floor":6,"key":"Question Card"}],"event_choices":[{"damage_healed":0,"gold_gain":0,"player_choice":"Ignored","damage_taken":0,"max_hp_gain":0,"max_hp_loss":0,"event_name":"Liars Game","floor":2,"gold_loss":0},{"damage_healed":0,"gold_gain":0,"player_choice":"Take Damage","damage_taken":18,"relics_obtained":["Golden Idol"],"max_hp_gain":0,"max_hp_loss":0,"event_name":"Golden Idol","floor":3,"gold_loss":0},{"cards_removed":["Strike_R"],"damage_healed":0,"gold_gain":0,"player_choice":"Card Removal","damage_taken":0,"max_hp_gain":0,"max_hp_loss":0,"event_name":"The Cleric","floor":5,"gold_loss":50},{"damage_healed":0,"gold_gain":0,"player_choice":"Entered Light","damage_taken":14,"max_hp_gain":0,"max_hp_loss":0,"event_name":"Shining Light","floor":11,"gold_loss":0,"cards_upgraded":["Demon Form","Pommel Strike"]}],"is_beta":false,"boss_relics":[],"items_purged_floors":[],"is_endless":false,"potions_floor_spawned":[1,6],"killed_by":"3 Louse","ascension_level":6}