{"gold_per_floor":[115,131,131,144,144,183,207,207,207,207,221,260,274,15,15,140,140,158,158,158],"floor_reached":20,"playtime":3185,"items_purged":[],"score":184,"play_id":"9e463155-a23d-433a-8814-19ca6154ed44","local_time":"20190113092942","is_ascension_mode":false,"campfire_choices":[{"data":"Flex","floor":8,"key":"SMITH"},{"floor":10,"key":"REST"},{"floor":15,"key":"REST"}],"neow_cost":"","seed_source_timestamp":379735505258280,"circlet_count":0,"master_deck":["Strike_R","Strike_R","Strike_R","Strike_R","Strike_R","Defend_R","Defend_R+1","Defend_R","Defend_R","Bash","Flex+1","Cleave","Pommel Strike","Offering+1","Flex","Clothesline","Anger","Inflame","Double Tap","Chrysalis","Double Tap","Shrug It Off"],"relics":["Burning Blood","Golden Idol","Strawberry","War Paint","Ornamental Fan","Runic Cube"],"potions_floor_usage":[12,12,16,16],"damage_taken":[{"damage":6,"enemies":"Jaw Worm","floor":1,"turns":4},{"damage":0,"enemies":"Small Slimes","floor":2,"turns":4},{"damage":7,"enemies":"2 Louse","floor":4,"turns":2},{"damage":30,"enemies":"3 Sentries","floor":6,"turns":6},{"damage":6,"enemies":"Exordium Wildlife","floor":7,"turns":3},{"damage":9,"enemies":"2 Fungi Beasts","floor":11,"turns":3},{"damage":27,"enemies":"Lagavulin","floor":12,"turns":8},{"damage":11,"enemies":"Blue Slaver","floor":13,"turns":3},{"damage":32,"enemies":"The Guardian","floor":16,"turns":13},{"damage":6,"enemies":"Spheric Guardian","floor":18,"turns":1},{"damage":23,"enemies":"Colosseum Slavers","floor":20,"turns":4},{"damage":73,"enemies":"Colosseum Nobs","floor":20,"turns":5}],"seed_played":"-7727612262836020424","potions_obtained":[{"floor":4,"key":"Swift Potion"},{"floor":6,"key":"Swift Potion"},{"floor":11,"key":"Dexterity Potion"},{"floor":13,"key":"Energy Potion"},{"floor":16,"key":"LiquidBronze"}],"is_trial":false,"path_per_floor":["M","M","?","M","?","E","M","R","T","R","M","E","M","$","R","B",null,"M","?","?"],"character_chosen":"IRONCLAD","items_purchased":["Double Tap","Chrysalis"],"campfire_rested":2,"item_purchase_floors":[14,14],"current_hp_per_floor":[80,80,60,59,59,42,42,42,42,68,65,44,39,39,65,39,87,87,87,0],"gold":158,"neow_bonus":"","is_prod":false,"is_daily":false,"chose_seed":false,"campfire_upgraded":1,"win_rate":0.0,"timestamp":1547400582,"path_taken":["M","M","?","M","?","E","M","R","T","R","M","E","M","$","R","BOSS","M","?","?"],"build_version":"2019-01-10","purchased_purges":0,"victory":false,"max_hp_per_floor":[80,80,80,80,80,87,87,87,87,87,87,87,87,87,87,87,87,87,87,87],"card_choices":[{"not_picked":["Clash","Headbutt"],"picked":"Flex","floor":1},{"not_picked":["Clash","True Grit"],"picked":"Cleave","floor":2},{"not_picked":["Sever Soul","Perfected Strike"],"picked":"Pommel Strike","floor":4},{"not_picked":["Whirlwind","Perfected Strike"],"picked":"Offering","floor":6},{"not_picked":["Reckless Charge","Bloodletting"],"picked":"Flex","floor":7},{"not_picked":["Flex","Perfected Strike"],"picked":"Clothesline","floor":11},{"not_picked":["Clothesline","Reckless Charge"],"picked":"Anger","floor":12},{"not_picked":["Body Slam","Bloodletting"],"picked":"Inflame","floor":13},{"not_picked":["Fiend Fire","Offering"],"picked":"Double Tap","floor":16},{"not_picked":["Warcry+1","Reckless Charge"],"picked":"Shrug It Off","floor":18}],"player_experience":0,"relics_obtained":[{"floor":6,"key":"Strawberry"},{"floor":9,"key":"War Paint"},{"floor":12,"key":"Ornamental Fan"}],"event_choices":[{"damage_healed":0,"gold_gain":0,"player_choice":"Take Damage","damage_taken":20,"relics_obtained":["Golden Idol"],"max_hp_gain":0,"max_hp_loss":0,"event_name":"Golden Idol","floor":3,"gold_loss":0},{"damage_healed":0,"gold_gain":0,"player_choice":"Ignored","damage_taken":0,"max_hp_gain":0,"max_hp_loss":0,"event_name":"Golden Wing","floor":5,"gold_loss":0},{"damage_healed":0,"gold_gain":0,"player_choice":"Ignored","damage_taken":0,"max_hp_gain":0,"max_hp_loss":0,"event_name":"Ghosts","floor":19,"gold_loss":0},{"damage_healed":0,"gold_gain":0,"player_choice":"Fight","damage_taken":0,"max_hp_gain":0,"max_hp_loss":0,"event_name":"Colosseum","floor":20,"gold_loss":0},{"damage_healed":0,"gold_gain":0,"player_choice":"Fought Nobs","damage_taken":0,"max_hp_gain":0,"max_hp_loss":0,"event_name":"Colosseum","floor":20,"gold_loss":0}],"is_beta":false,"boss_relics":[{"not_picked":["Sozu","Cursed Key"],"picked":"Runic Cube"}],"items_purged_floors":[],"is_endless":false,"potions_floor_spawned":[4,6,11,13,16,20],"killed_by":"Colosseum Nobs","ascension_level":0}