{"gold_per_floor":[113,133,21,31,31,59,59,75,102,130,142,152,162,181,181,280,280,300,0,17,36,49,49,49],"floor_reached":24,"playtime":1261,"items_purged":["Strike_B","Strike_B"],"score":419,"play_id":"f8ca77b6-5861-4fc9-aefb-5620f16835ff","local_time":"20181007223435","is_ascension_mode":true,"campfire_choices":[{"floor":7,"key":"REST"},{"data":"Defragment","floor":15,"key":"SMITH"},{"data":"Turbo","floor":23,"key":"SMITH"}],"neow_cost":"NONE","seed_source_timestamp":266784676596159,"circlet_count":0,"master_deck":["Strike_B","Strike_B+1","Defend_B","Defend_B","Defend_B+1","Defend_B","Zap+1","Dualcast","Thunder Strike","Go for the Eyes","Beam Cell","Self Repair","Sweeping Beam+1","Compile Driver","Redo","Loop","Core Surge","Leap","Doom and Gloom","Glacier","Defragment+1","Echo Form","Turbo+1","Coolheaded","White Noise"],"relics":["Cracked Core","Whetstone","War Paint","Bag of Marbles","Sozu","Frozen Eye"],"potions_floor_usage":[10,12,16,18,21],"damage_taken":[{"damage":1,"enemies":"Cultist","floor":1,"turns":4},{"damage":13,"enemies":"Small Slimes","floor":2,"turns":4},{"damage":1,"enemies":"2 Louse","floor":4,"turns":3},{"damage":56,"enemies":"Lagavulin","floor":6,"turns":7},{"damage":4,"enemies":"Blue Slaver","floor":8,"turns":3},{"damage":16,"enemies":"Gremlin Nob","floor":10,"turns":3},{"damage":12,"enemies":"Gremlin Gang","floor":11,"turns":4},{"damage":0,"enemies":"Large Slime","floor":12,"turns":3},{"damage":0,"enemies":"2 Fungi Beasts","floor":13,"turns":1},{"damage":1,"enemies":"Gremlin Gang","floor":14,"turns":2},{"damage":0,"enemies":"The Guardian","floor":16,"turns":10},{"damage":8,"enemies":"2 Thieves","floor":18,"turns":4},{"damage":5,"enemies":"Shell Parasite","floor":20,"turns":6},{"damage":7,"enemies":"Chosen and Byrds","floor":21,"turns":5},{"damage":24,"enemies":"Snake Plant","floor":22,"turns":5},{"damage":54,"enemies":"Book of Stabbing","floor":24,"turns":10}],"seed_played":"-7545650884165867355","potions_obtained":[{"floor":4,"key":"Ancient Potion"},{"floor":8,"key":"SneckoOil"},{"floor":10,"key":"SkillPotion"},{"floor":12,"key":"GamblersBrew"},{"floor":16,"key":"Explosive Potion"}],"is_trial":false,"path_per_floor":["M","M","$","M","?","E","R","M","T","E","M","M","M","M","R","B",null,"M","$","M","M","M","R"],"character_chosen":"DEFECT","items_purchased":["Self Repair","Frozen Eye"],"campfire_rested":1,"item_purchase_floors":[3,19],"current_hp_per_floor":[67,54,54,60,60,11,33,36,36,27,22,22,22,21,21,28,63,62,62,64,71,54,54,0],"gold":49,"neow_bonus":"ONE_RANDOM_RARE_CARD","is_prod":false,"is_daily":false,"chose_seed":false,"campfire_upgraded":2,"win_rate":0,"timestamp":1538966075,"path_taken":["M","M","$","M","?","E","R","M","T","E","M","M","M","M","R","BOSS","M","$","M","M","M","R","E"],"build_version":"2018-10-04v2","purchased_purges":2,"victory":false,"max_hp_per_floor":[75,75,75,75,75,75,75,75,75,75,75,75,75,75,75,75,75,75,75,75,75,75,75,75],"card_choices":[{"not_picked":["Loop","Ball Lightning"],"picked":"Go for the Eyes","floor":1},{"not_picked":["Streamline","Leap"],"picked":"Beam Cell","floor":2},{"not_picked":["Hello World","Storm"],"picked":"Sweeping Beam","floor":4},{"not_picked":["Rebound","Go for the Eyes"],"picked":"Redo","floor":6},{"not_picked":["Steam","Barrage"],"picked":"Loop","floor":8},{"not_picked":["Steam","Sweeping Beam"],"picked":"Core Surge","floor":10},{"not_picked":["Tempest","Rebound"],"picked":"Leap","floor":11},{"not_picked":["Sweeping Beam","Auto Shields"],"picked":"Doom and Gloom","floor":12},{"not_picked":["Storm","Turbo"],"picked":"Glacier","floor":13},{"not_picked":["Sweeping Beam","Hologram"],"picked":"Defragment","floor":14},{"not_picked":["Machine Learning","Biased Cognition"],"picked":"Echo Form","floor":16},{"not_picked":["Hello World","Sweeping Beam","Rebound"],"picked":"SKIP","floor":18},{"not_picked":["Leap","Beam Cell"],"picked":"Turbo","floor":20},{"not_picked":["Sweeping Beam+1","Loop+1"],"picked":"Coolheaded","floor":21},{"not_picked":["Tempest","Ball Lightning+1"],"picked":"White Noise","floor":22}],"player_experience":656613,"relics_obtained":[{"floor":6,"key":"Whetstone"},{"floor":9,"key":"War Paint"},{"floor":10,"key":"Bag of Marbles"}],"event_choices":[{"event_name":"Match and Keep!","player_choice":"1 cards matched","floor":5,"damage_taken":0}],"is_beta":false,"boss_relics":[{"not_picked":["Cursed Key","Calling Bell"],"picked":"Sozu"}],"items_purged_floors":[3,19],"is_endless":false,"potions_floor_spawned":[4,8,10,12,16,18,22],"killed_by":"Book of Stabbing","ascension_level":9}