{"path_per_floor":["M","?","?","M","?","E","R","E","T","R","E","M","M","M","R","B",null,"M","?","$","M","?"],"character_chosen":"IRONCLAD","items_purchased":["Medical Kit"],"gold_per_floor":[12,12,12,30,30,56,56,83,109,109,137,149,168,188,188,293,293,311,311,30,35,35],"floor_reached":23,"campfire_rested":0,"playtime":1754,"current_hp_per_floor":[79,84,84,76,85,60,60,50,50,50,41,47,42,50,50,7,92,89,89,89,73,73],"items_purged":["Strike_R"],"gold":35,"play_id":"f3986479-26b1-49fb-88dd-b09e1b5ab3a1","is_prod":false,"is_daily":false,"campfire_rituals":0,"campfire_upgraded":3,"is_hardmode":false,"path_taken":["M","?","?","?","?","E","R","E","T","R","E","M","M","M","R","BOSS","M","?","$","M","?","E"],"build_version":"2018-01-18-PROD4","purchased_purges":1,"victory":false,"master_deck":["Strike_R","Strike_R","Strike_R","Defend_R","Defend_R","Defend_R","Defend_R","Bash","Headbutt","Rampage","Metallicize","Body Slam","Rage","Flex","Cleave","Demon Form","Pommel Strike"],"max_hp_per_floor":[80,85,85,85,85,85,85,92,92,92,92,92,92,92,92,92,92,92,92,92,92,92],"relics":["Burning Blood","Bird Faced Urn","Blue Candle","Strawberry","Juzu Bracelet","Shuriken","Question Card","Medical Kit"],"campfire_meditates":0,"card_choices":[{"not_picked":["Sword Boomerang","True Grit"],"picked":"Headbutt"},{"not_picked":["Cleave","Headbutt"],"picked":"Rampage"},{"not_picked":["Iron Wave","Entrench"],"picked":"Metallicize"},{"not_picked":["Intimidate","Anger"],"picked":"Body Slam"},{"not_picked":["Evolve","Pummel"],"picked":"Rage"},{"not_picked":["Bloodletting","Immolate"],"picked":"Flex"},{"not_picked":["Spot Weakness","Perfected Strike"],"picked":"Cleave"},{"not_picked":["Impervious","Fiend Fire"],"picked":"Demon Form"},{"not_picked":["Rampage","Carnage","Dual Wield"],"picked":"Pommel Strike"}],"player_experience":353952,"potions_floor_usage":[8,11,16,21],"damage_taken":[{"damage":7,"enemies":"Small Slimes","floor":1,"turns":4},{"damage":14,"enemies":"Blue Slaver","floor":4,"turns":4},{"damage":31,"enemies":"Lagavulin","floor":6,"turns":5},{"damage":25,"enemies":"3 Sentries","floor":8,"turns":8},{"damage":17,"enemies":"Gremlin Nob","floor":11,"turns":4},{"damage":2,"enemies":"Cultist","floor":12,"turns":4},{"damage":11,"enemies":"Lots of Slimes","floor":13,"turns":5},{"damage":0,"enemies":"Exordium Wildlife","floor":14,"turns":5},{"damage":51,"enemies":"The Guardian","floor":16,"turns":11},{"damage":10,"enemies":"Chosen","floor":18,"turns":6},{"damage":22,"enemies":"2 Thieves","floor":21,"turns":4},{"damage":78,"enemies":"Book of Stabbing","floor":23,"turns":7}],"event_choices":[{"event_name":"Big Fish","player_choice":"Donut","floor":2,"damage_taken":0},{"event_name":"Bonfire Elementals","player_choice":"BASIC","floor":3,"damage_taken":0},{"event_name":"Wheel of Change","player_choice":"Full Heal","floor":5,"damage_taken":0},{"event_name":"The Woman in Blue","player_choice":"Bought 0 Potions","floor":19,"damage_taken":0},{"event_name":"Back to Basics","player_choice":"Simplicity","floor":22,"damage_taken":0}],"boss_relics":[{"not_picked":["Astrolabe","Runic Pyramid"],"picked":"Question Card"}],"potions_floor_spawned":[4,6,11,13,16],"seed_played":"-49779753889682980","killed_by":"Book of Stabbing","is_trial":false}