{"gold_per_floor":[209,134,134,42,56,56,56,56,56,116,130,130,147,158,158,229,229,246,223,223,4,4,4,22,22,22,32,32,32,47,47,47,121,121,140,140,154,173,254,254,67,67,139,239,253,265,265],"floor_reached":47,"playtime":2182,"items_purged":[],"score":839,"play_id":"66084565-67f5-409b-8108-2b6eefa25798","local_time":"20190301221309","is_ascension_mode":true,"campfire_choices":[{"data":"Noxious Fumes","floor":6,"key":"SMITH"},{"data":"Catalyst","floor":8,"key":"SMITH"},{"data":"Adrenaline","floor":12,"key":"SMITH"},{"data":"Leg Sweep","floor":15,"key":"SMITH"},{"floor":23,"key":"REST"},{"floor":25,"key":"REST"},{"floor":28,"key":"REST"},{"floor":32,"key":"REST"},{"floor":40,"key":"REST"},{"floor":42,"key":"REST"}],"neow_cost":"NONE","seed_source_timestamp":231116531809329,"circlet_count":0,"master_deck":["AscendersBane","Defend_G","Defend_G","Defend_G","Defend_G","Strike_G","Strike_G","Strike_G","Strike_G","Strike_G","Survivor","Neutralize","Cloak And Dagger","Noxious Fumes+1","Prepared","Catalyst+1","Adrenaline+1","Leg Sweep+1","After Image","Footwork","Well Laid Plans","Night Terror","PiercingWail","Bouncing Flask","Corpse Explosion","PiercingWail","Blade Dance","Escape Plan","Blade Dance+1","Infinite Blades"],"relics":["Ring of the Snake","Nunchaku","Question Card","Dodecahedron","Tiny Chest","Fusion Hammer","Oddly Smooth Stone","Kunai","Lizard Tail","Pear","Gremlin Horn","StoneCalendar"],"potions_floor_usage":[13,27,35,37,44],"damage_taken":[{"damage":4,"enemies":"Small Slimes","floor":1,"turns":4},{"damage":0,"enemies":"2 Louse","floor":5,"turns":3},{"damage":11,"enemies":"Jaw Worm","floor":11,"turns":4},{"damage":0,"enemies":"Blue Slaver","floor":13,"turns":4},{"damage":0,"enemies":"Exordium Thugs","floor":14,"turns":5},{"damage":30,"enemies":"The Guardian","floor":16,"turns":11},{"damage":11,"enemies":"Spheric Guardian","floor":18,"turns":7},{"damage":16,"enemies":"2 Thieves","floor":19,"turns":4},{"damage":0,"enemies":"Snake Plant","floor":24,"turns":7},{"damage":17,"enemies":"3 Cultists","floor":27,"turns":7},{"damage":1,"enemies":"Snecko","floor":30,"turns":8},{"damage":10,"enemies":"Champ","floor":33,"turns":13},{"damage":53,"enemies":"3 Darklings","floor":35,"turns":5},{"damage":4,"enemies":"Orb Walker","floor":37,"turns":7},{"damage":22,"enemies":"3 Darklings","floor":38,"turns":5},{"damage":12,"enemies":"Mind Bloom Boss Battle","floor":44,"turns":7},{"damage":28,"enemies":"Maw","floor":45,"turns":11},{"damage":88,"enemies":"Transient","floor":46,"turns":6},{"damage":17,"enemies":"Jaw Worm Horde","floor":47,"turns":2}],"seed_played":"-7050464457511499643","potions_obtained":[{"floor":11,"key":"Regen Potion"},{"floor":18,"key":"Regen Potion"},{"floor":27,"key":"FairyPotion"},{"floor":35,"key":"GamblersBrew"},{"floor":44,"key":"EssenceOfSteel"},{"floor":46,"key":"Explosive Potion"}],"is_trial":false,"path_per_floor":["M","?","?","$","M","R","T","R","T","?","M","R","M","M","R","B",null,"M","M","?","$","?","R","M","R","T","M","R","?","M","$","R","B",null,"M","?","M","M","T","R","$","R","T","?","M","M","M"],"character_chosen":"THE_SILENT","items_purchased":["Noxious Fumes","Prepared","Oddly Smooth Stone","Strength Potion","Escape Plan","Strength Potion","Block Potion"],"campfire_rested":6,"item_purchase_floors":[4,4,21,21,41,41,41],"current_hp_per_floor":[55,55,29,29,29,29,29,29,29,29,18,18,32,32,32,2,50,39,23,23,23,23,42,42,61,61,44,63,63,62,62,66,56,64,23,23,19,6,16,38,38,60,60,48,20,2,0],"gold":265,"neow_bonus":"HUNDRED_GOLD","is_prod":false,"is_daily":false,"chose_seed":false,"campfire_upgraded":4,"win_rate":0,"timestamp":1551445989,"path_taken":["M","?","?","?","?","R","?","R","T","?","?","R","M","M","R","BOSS","M","M","?","$","?","R","?","R","T","M","R","?","M","$","R","BOSS","M","?","?","M","?","R","$","R","T","?","M","M","M"],"build_version":"2019-01-23","purchased_purges":0,"victory":false,"max_hp_per_floor":[66,66,66,66,66,66,66,66,66,66,66,66,66,66,66,66,66,66,66,66,66,66,66,66,66,66,66,66,66,66,66,66,66,66,66,66,66,66,76,76,76,76,76,76,76,76,76],"card_choices":[{"not_picked":["Quick Slash","Dagger Throw"],"picked":"Cloak And Dagger","floor":1},{"not_picked":["Poisoned Stab","Backflip"],"picked":"Catalyst","floor":5},{"not_picked":["Acrobatics","Blade Dance","Dagger Throw"],"picked":"Adrenaline","floor":11},{"not_picked":["Blade Dance","PiercingWail","Flechettes"],"picked":"Leg Sweep","floor":13},{"not_picked":["Quick Slash","Underhanded Strike","Dodge and Roll","Slice"],"picked":"SKIP","floor":14},{"not_picked":["Wraith Form v2","Die Die Die","Unload"],"picked":"After Image","floor":16},{"not_picked":["PiercingWail","Dodge and Roll","Calculated Gamble"],"picked":"Footwork","floor":18},{"not_picked":["Backflip","Choke+1","Slice+1"],"picked":"Well Laid Plans","floor":19},{"not_picked":["Dagger Throw","Cloak And Dagger+1","Quick Slash"],"picked":"Night Terror","floor":24},{"not_picked":["Accuracy","Poisoned Stab","Expertise"],"picked":"PiercingWail","floor":27},{"not_picked":["Cloak And Dagger+1","Poisoned Stab","Riddle With Holes"],"picked":"Bouncing Flask","floor":30},{"not_picked":["Die Die Die","Envenom","Night Terror"],"picked":"Corpse Explosion","floor":33},{"not_picked":["Underhanded Strike","Dagger Throw","Terror","Tactician"],"picked":"SKIP","floor":35},{"not_picked":["Flechettes","Poisoned Stab+1","Bane"],"picked":"PiercingWail","floor":37},{"not_picked":["PiercingWail","All Out Attack","Quick Slash"],"picked":"Blade Dance","floor":38},{"not_picked":["Flying Knee","Cloak And Dagger","Eviscerate"],"picked":"Blade Dance+1","floor":44},{"not_picked":["All Out Attack","Acrobatics","Flying Knee"],"picked":"Infinite Blades","floor":45},{"not_picked":["Quick Slash+1","Poisoned Stab+1","Phantasmal Killer","Sucker Punch"],"picked":"SKIP","floor":46}],"player_experience":602449,"relics_obtained":[{"floor":7,"key":"Question Card"},{"floor":9,"key":"Dodecahedron"},{"floor":26,"key":"Kunai"},{"floor":39,"key":"Pear"},{"floor":43,"key":"Gremlin Horn"},{"floor":44,"key":"StoneCalendar"}],"event_choices":[{"cards_removed":["Defend_G"],"damage_healed":0,"gold_gain":0,"player_choice":"Card Removal","damage_taken":0,"max_hp_gain":0,"max_hp_loss":0,"event_name":"The Cleric","floor":2,"gold_loss":75},{"damage_healed":0,"gold_gain":0,"player_choice":"Success","damage_taken":26,"relics_obtained":["Nunchaku"],"max_hp_gain":0,"max_hp_loss":0,"event_name":"Scrap Ooze","floor":3,"gold_loss":0},{"damage_healed":0,"gold_gain":30,"player_choice":"Searched \u00272\u0027 times","damage_taken":0,"relics_obtained":["Tiny Chest"],"max_hp_gain":0,"max_hp_loss":0,"event_name":"Dead Adventurer","floor":10,"gold_loss":0},{"damage_healed":0,"gold_gain":0,"player_choice":"Ignored","damage_taken":0,"max_hp_gain":0,"max_hp_loss":0,"event_name":"The Mausoleum","floor":20,"gold_loss":0},{"damage_healed":0,"gold_gain":0,"player_choice":"Ignored","damage_taken":0,"max_hp_gain":0,"max_hp_loss":0,"event_name":"Beggar","floor":29,"gold_loss":0},{"damage_healed":0,"gold_gain":0,"player_choice":"Ignored","damage_taken":0,"max_hp_gain":0,"max_hp_loss":0,"event_name":"SecretPortal","floor":36,"gold_loss":0},{"damage_healed":0,"gold_gain":0,"player_choice":"Fight","damage_taken":0,"max_hp_gain":0,"max_hp_loss":0,"event_name":"MindBloom","floor":44,"gold_loss":0}],"is_beta":false,"boss_relics":[{"not_picked":["WristBlade","Calling Bell"],"picked":"Fusion Hammer"},{"not_picked":["Tiny House","Astrolabe"],"picked":"Lizard Tail"}],"items_purged_floors":[],"is_endless":false,"potions_floor_spawned":[11,18,24,27,35,44,46],"killed_by":"Jaw Worm Horde","ascension_level":17}