{"gold_per_floor":[114,114,133,143,218,252,262,262,262,290,308,308,184,199,199,299,299],"floor_reached":17,"playtime":851,"items_purged":["Strike_R"],"score":157,"play_id":"6fd30c31-4a0e-431f-986a-d6684e02649d","local_time":"20190220191338","is_ascension_mode":false,"campfire_choices":[{"floor":8,"key":"REST"},{"data":"Carnage","floor":12,"key":"SMITH"},{"data":"Armaments","floor":15,"key":"SMITH"}],"neow_cost":"NONE","seed_source_timestamp":18351346786676,"circlet_count":0,"master_deck":["Strike_R","Strike_R","Strike_R+1","Strike_R+1","Defend_R","Defend_R","Defend_R","Defend_R","Bash","Pommel Strike","Power Through","Warcry","Carnage+1","Headbutt","Rampage","Combust","Armaments+1","Juggernaut"],"relics":["Burning Blood","NeowsBlessing","Whetstone","Mummified Hand","Odd Mushroom","Cursed Key"],"potions_floor_usage":[],"damage_taken":[{"damage":0,"enemies":"Cultist","floor":1,"turns":1},{"damage":0,"enemies":"2 Louse","floor":3,"turns":1},{"damage":0,"enemies":"Jaw Worm","floor":4,"turns":1},{"damage":42,"enemies":"3 Sentries","floor":6,"turns":12},{"damage":4,"enemies":"Blue Slaver","floor":7,"turns":5},{"damage":17,"enemies":"The Mushroom Lair","floor":10,"turns":4},{"damage":1,"enemies":"3 Louse","floor":11,"turns":3},{"damage":2,"enemies":"2 Fungi Beasts","floor":14,"turns":3},{"damage":23,"enemies":"Hexaghost","floor":16,"turns":9}],"seed_played":"-1504383730261072270","potions_obtained":[{"floor":7,"key":"FearPotion"},{"floor":10,"key":"Energy Potion"},{"floor":11,"key":"EntropicBrew"}],"is_trial":false,"path_per_floor":["M","?","M","M","?","E","M","R","T","?","M","R","$","M","R","B",null],"character_chosen":"IRONCLAD","items_purchased":["Armaments"],"campfire_rested":1,"item_purchase_floors":[13],"current_hp_per_floor":[80,80,80,80,69,33,35,59,59,48,53,53,53,57,57,40,80],"gold":299,"neow_bonus":"THREE_ENEMY_KILL","is_prod":false,"is_daily":false,"chose_seed":false,"campfire_upgraded":2,"win_rate":0,"timestamp":1550682818,"path_taken":["M","?","M","M","?","E","M","R","T","?","M","R","?","M","R","BOSS"],"build_version":"2019-01-23","purchased_purges":1,"victory":false,"max_hp_per_floor":[80,80,80,80,80,80,80,80,80,80,80,80,80,80,80,80,80],"card_choices":[{"not_picked":["Clash","Blood for Blood"],"picked":"Pommel Strike","floor":1},{"not_picked":["Body Slam","Whirlwind"],"picked":"Power Through","floor":3},{"not_picked":["Juggernaut","Flex"],"picked":"Warcry","floor":4},{"not_picked":["Heavy Blade","Evolve"],"picked":"Carnage","floor":6},{"not_picked":["Twin Strike","Perfected Strike"],"picked":"Headbutt","floor":7},{"not_picked":["Sword Boomerang","Flex"],"picked":"Rampage","floor":10},{"not_picked":["Corruption","Rupture"],"picked":"Combust","floor":11},{"not_picked":["Headbutt","Wild Strike","Pommel Strike"],"picked":"SKIP","floor":14},{"not_picked":["Fiend Fire","Limit Break"],"picked":"Juggernaut","floor":16}],"player_experience":456767,"relics_obtained":[{"floor":6,"key":"Whetstone"},{"floor":9,"key":"Mummified Hand"},{"floor":10,"key":"Odd Mushroom"}],"event_choices":[{"damage_healed":0,"gold_gain":0,"player_choice":"Ignored","damage_taken":0,"max_hp_gain":0,"max_hp_loss":0,"event_name":"Liars Game","floor":2,"gold_loss":0},{"damage_healed":0,"gold_gain":75,"player_choice":"Gather Gold","damage_taken":11,"max_hp_gain":0,"max_hp_loss":0,"event_name":"World of Goop","floor":5,"gold_loss":0},{"damage_healed":0,"gold_gain":0,"player_choice":"Fought Mushrooms","damage_taken":0,"max_hp_gain":0,"max_hp_loss":0,"event_name":"Mushrooms","floor":10,"gold_loss":0}],"is_beta":false,"boss_relics":[{"not_picked":["Ectoplasm","Black Star"],"picked":"Cursed Key"}],"items_purged_floors":[13],"is_endless":false,"potions_floor_spawned":[7,10,11],"ascension_level":0}