{"gold_per_floor":[111,61,61,86,86,86,121,147,173,186,225,250,250,26,26,26],"floor_reached":16,"playtime":849,"items_purged":["Regret"],"score":200,"play_id":"33d56031-dc01-49e0-8d2a-6f1a569ec57c","local_time":"20181117162015","is_ascension_mode":true,"campfire_choices":[{"data":"Zap","floor":6,"key":"SMITH"},{"floor":13,"key":"REST"},{"data":"Defragment","floor":15,"key":"SMITH"}],"neow_cost":"NONE","seed_source_timestamp":320203140564553,"circlet_count":0,"master_deck":["AscendersBane","Strike_B","Strike_B","Strike_B","Defend_B","Defend_B","Defend_B","Defend_B","Zap+1","Dualcast","Glacier","Gash","Defragment+1","Glacier","Gash","Biased Cognition"],"relics":["Cracked Core","NeowsBlessing","Golden Idol","Mummified Hand","Boot","Odd Mushroom","Juzu Bracelet","PreservedInsect"],"potions_floor_usage":[8,16,16],"damage_taken":[{"damage":0,"enemies":"Jaw Worm","floor":1,"turns":1},{"damage":0,"enemies":"2 Louse","floor":4,"turns":1},{"damage":0,"enemies":"Gremlin Nob","floor":7,"turns":1},{"damage":5,"enemies":"The Mushroom Lair","floor":8,"turns":3},{"damage":2,"enemies":"Small Slimes","floor":10,"turns":5},{"damage":14,"enemies":"3 Sentries","floor":11,"turns":11},{"damage":14,"enemies":"Looter","floor":12,"turns":3},{"damage":43,"enemies":"Slime Boss","floor":16,"turns":16}],"seed_played":"-5328046507009540524","potions_obtained":[{"floor":1,"key":"Explosive Potion"},{"floor":4,"key":"Dexterity Potion"},{"floor":11,"key":"EssenceOfSteel"}],"is_trial":false,"path_per_floor":["M","?","?","M","?","R","E","?","T","M","E","M","R","$","R","B"],"character_chosen":"DEFECT","items_purchased":["Biased Cognition"],"campfire_rested":1,"item_purchase_floors":[14],"current_hp_per_floor":[68,68,50,50,50,50,50,45,45,43,29,15,37,37,37,0],"gold":26,"neow_bonus":"THREE_ENEMY_KILL","is_prod":false,"is_daily":false,"chose_seed":false,"campfire_upgraded":2,"win_rate":0,"timestamp":1542493215,"path_taken":["M","?","?","M","?","R","E","?","T","M","E","M","R","$","R","BOSS"],"build_version":"2018-11-15","purchased_purges":1,"victory":false,"max_hp_per_floor":[75,75,75,75,75,75,75,75,75,75,75,75,75,75,75,75],"card_choices":[{"not_picked":["Chaos","Ball Lightning"],"picked":"Glacier","floor":1},{"not_picked":["Rebound","Force Field"],"picked":"Gash","floor":4},{"not_picked":["Storm","Beam Cell"],"picked":"Defragment","floor":7},{"not_picked":["Darkness","Turbo"],"picked":"Glacier","floor":8},{"not_picked":["Streamline","Ball Lightning"],"picked":"Gash","floor":10},{"not_picked":["Hologram","Chaos","Undo"],"picked":"SKIP","floor":11},{"not_picked":["Hologram","Stack","Beam Cell"],"picked":"SKIP","floor":12}],"player_experience":202613,"relics_obtained":[{"floor":7,"key":"Boot"},{"floor":8,"key":"Odd Mushroom"},{"floor":9,"key":"Juzu Bracelet"},{"floor":11,"key":"PreservedInsect"}],"event_choices":[{"cards_removed":["Strike_B"],"damage_healed":0,"gold_gain":0,"player_choice":"Card Removal","damage_taken":0,"max_hp_gain":0,"max_hp_loss":0,"event_name":"The Cleric","floor":2,"gold_loss":50},{"damage_healed":0,"gold_gain":0,"player_choice":"Take Damage","damage_taken":18,"relics_obtained":["Golden Idol"],"max_hp_gain":0,"max_hp_loss":0,"event_name":"Golden Idol","floor":3,"gold_loss":0},{"damage_healed":0,"gold_gain":0,"player_choice":"Box","damage_taken":0,"relics_obtained":["Mummified Hand"],"max_hp_gain":0,"max_hp_loss":0,"event_name":"Big Fish","floor":5,"gold_loss":0,"cards_obtained":["Regret"]},{"damage_healed":0,"gold_gain":0,"player_choice":"Fought Mushrooms","damage_taken":0,"max_hp_gain":0,"max_hp_loss":0,"event_name":"Mushrooms","floor":8,"gold_loss":0}],"is_beta":false,"boss_relics":[],"items_purged_floors":[14],"is_endless":false,"potions_floor_spawned":[1,4,11],"killed_by":"Slime Boss","ascension_level":10}