{"path_per_floor":["M","?","?","$","?","R","$","?","T","M","$","R","M","M","R","B",null,"M","M","?"],"character_chosen":"IRONCLAD","items_purchased":["Evolve"],"gold_per_floor":[109,109,109,34,209,209,109,109,109,119,47,47,58,68,68,173,173,187,206,206],"floor_reached":21,"campfire_rested":0,"playtime":1196,"current_hp_per_floor":[54,47,47,47,47,47,47,47,47,56,56,56,63,72,72,13,96,66,45,51],"items_purged":["Normality","Doubt"],"gold":206,"play_id":"13a8f726-88fd-485d-ab27-785fae1e39fc","is_prod":false,"is_daily":false,"campfire_rituals":0,"campfire_upgraded":3,"is_hardmode":false,"path_taken":["M","?","?","?","?","R","$","?","T","M","$","R","?","M","R","BOSS","M","M","?","M"],"build_version":"2018-01-18-PROD4","purchased_purges":2,"victory":false,"master_deck":["Strike_R","Strike_R","Strike_R","Strike_R","Strike_R","Defend_R","Defend_R","Defend_R","Defend_R","Bash","Clothesline","Evolve","Double Tap","Battle Trance","Demon Form","Armaments","Whirlwind","Writhe"],"max_hp_per_floor":[96,96,96,96,96,96,96,96,96,96,96,96,96,96,96,96,96,96,96,102],"relics":["Burning Blood","Letter Opener","Anchor","Magic Flower","Black Star","Darkstone Periapt"],"campfire_meditates":0,"card_choices":[{"not_picked":["Flex","Second Wind"],"picked":"Clothesline"},{"not_picked":["Flame Barrier","Shrug It Off"],"picked":"Double Tap"},{"not_picked":["Shrug It Off","Heavy Blade"],"picked":"Battle Trance"},{"not_picked":["Feed","Limit Break"],"picked":"Demon Form"},{"not_picked":["Twin Strike","Disarm"],"picked":"Armaments"},{"not_picked":["Havoc","Pommel Strike"],"picked":"Whirlwind"}],"player_experience":355706,"potions_floor_usage":[16,21],"damage_taken":[{"damage":0,"enemies":"2 Louse","floor":1,"turns":4},{"damage":0,"enemies":"Jaw Worm","floor":10,"turns":3},{"damage":2,"enemies":"Small Slimes","floor":13,"turns":4},{"damage":0,"enemies":"Red Slaver","floor":14,"turns":3},{"damage":68,"enemies":"The Guardian","floor":16,"turns":11},{"damage":39,"enemies":"Chosen","floor":18,"turns":5},{"damage":30,"enemies":"Spheric Guardian","floor":19,"turns":9},{"damage":49,"enemies":"3 Cultists","floor":21,"turns":5}],"event_choices":[{"event_name":"Scrap Ooze","player_choice":"success","floor":2,"damage_taken":7},{"event_name":"Accursed Blacksmith","player_choice":"Rummage","floor":3,"damage_taken":0},{"event_name":"Liars Game","player_choice":"agreed","floor":5,"damage_taken":0},{"event_name":"Upgrade Shrine","player_choice":"Upgraded","floor":8,"damage_taken":0},{"event_name":"The Mausoleum","player_choice":"Yes","floor":20,"damage_taken":0}],"boss_relics":[{"not_picked":["Snecko Eye","White Beast Statue"],"picked":"Black Star"}],"potions_floor_spawned":[14,18],"seed_played":"6165521879140873601","killed_by":"3 Cultists","is_trial":false}