{"gold_per_floor":[209,225,242,66,81,108,108,142,165,165,33,50,84,40,40,115,115,129,141,66,76,76,76,76],"floor_reached":24,"playtime":1076,"items_purged":[],"score":400,"play_id":"47e254f8-728b-4454-b042-5cb4ae11c41b","local_time":"20190309003515","is_ascension_mode":true,"campfire_choices":[{"data":"Reckless Charge","floor":10,"key":"SMITH"},{"data":"Feel No Pain","floor":15,"key":"SMITH"},{"floor":23,"key":"REST"}],"neow_cost":"NONE","seed_source_timestamp":434055816599308,"circlet_count":0,"master_deck":["AscendersBane","Strike_R","Strike_R+1","Strike_R","Strike_R+1","Defend_R","Defend_R","Defend_R","Defend_R+1","Bash","Uppercut","Iron Wave","Reckless Charge+1","Feel No Pain+1","Clothesline","Havoc+1","Battle Trance","Shockwave","Bloodletting","Feel No Pain","Corruption","Immolate","Power Through","Feel No Pain","Evolve","Necronomicurse"],"relics":["Burning Blood","Matryoshka","Smiling Mask","Art of War","Whetstone","War Paint","Sozu","Necronomicon"],"potions_floor_usage":[6,8,13,16],"damage_taken":[{"damage":1,"enemies":"Cultist","floor":1,"turns":3},{"damage":7,"enemies":"Small Slimes","floor":2,"turns":3},{"damage":7,"enemies":"Jaw Worm","floor":3,"turns":4},{"damage":15,"enemies":"Exordium Thugs","floor":5,"turns":5},{"damage":25,"enemies":"Lagavulin","floor":6,"turns":6},{"damage":19,"enemies":"Gremlin Nob","floor":8,"turns":5},{"damage":18,"enemies":"Exordium Wildlife","floor":12,"turns":3},{"damage":33,"enemies":"Lagavulin","floor":13,"turns":5},{"damage":23,"enemies":"The Guardian","floor":16,"turns":13},{"damage":11,"enemies":"Chosen","floor":18,"turns":4},{"damage":20,"enemies":"3 Byrds","floor":19,"turns":5},{"damage":14,"enemies":"Centurion and Healer","floor":21,"turns":6},{"damage":54,"enemies":"Gremlin Leader","floor":24,"turns":7}],"seed_played":"2124547391419665876","potions_obtained":[{"floor":1,"key":"PowerPotion"},{"floor":6,"key":"Block Potion"},{"floor":12,"key":"Weak Potion"}],"is_trial":false,"path_per_floor":["M","M","M","$","M","E","?","E","T","R","$","M","E","$","R","B",null,"M","M","?","M","?","R","E"],"character_chosen":"IRONCLAD","items_purchased":["Reckless Charge","Feel No Pain","Shockwave","Strength Potion","Corruption"],"campfire_rested":1,"item_purchase_floors":[4,4,11,11,14],"current_hp_per_floor":[73,72,71,71,62,43,85,72,72,72,72,60,33,33,33,16,68,63,49,49,41,20,45,0],"gold":76,"neow_bonus":"HUNDRED_GOLD","is_prod":false,"is_daily":false,"chose_seed":false,"campfire_upgraded":2,"win_rate":0,"timestamp":1552109715,"path_taken":["M","M","?","$","M","E","?","E","T","R","?","M","E","$","R","BOSS","M","M","?","M","?","R","E"],"build_version":"2019-01-23","purchased_purges":0,"victory":false,"max_hp_per_floor":[75,75,75,75,75,75,85,85,85,85,85,85,85,85,85,85,85,85,85,85,85,85,85,85],"card_choices":[{"not_picked":["Disarm","Body Slam"],"picked":"Uppercut","floor":1},{"not_picked":["Flex","Anger"],"picked":"Iron Wave","floor":2},{"not_picked":["Wild Strike","Iron Wave"],"picked":"Limit Break","floor":3},{"not_picked":["Sever Soul","Combust"],"picked":"Clothesline","floor":5},{"not_picked":["Armaments","Perfected Strike"],"picked":"Havoc","floor":6},{"not_picked":["Searing Blow","Flex"],"picked":"Battle Trance","floor":8},{"not_picked":["Brutality","Sword Boomerang"],"picked":"Bloodletting","floor":12},{"not_picked":["Seeing Red","Ghostly Armor"],"picked":"Feel No Pain","floor":13},{"not_picked":["Impervious","Berserk"],"picked":"Immolate","floor":16},{"not_picked":["Rage","Heavy Blade+1"],"picked":"Power Through","floor":18},{"not_picked":["Heavy Blade","Twin Strike+1"],"picked":"Feel No Pain","floor":19},{"not_picked":["Anger","Warcry"],"picked":"Evolve","floor":21}],"player_experience":886360,"relics_obtained":[{"floor":6,"key":"Matryoshka"},{"floor":8,"key":"Smiling Mask"},{"floor":9,"key":"Art of War"},{"floor":9,"key":"Whetstone"},{"floor":13,"key":"War Paint"},{"floor":22,"key":"Necronomicon"}],"event_choices":[{"cards_removed":["Limit Break"],"damage_healed":32,"gold_gain":0,"player_choice":"Offered Rare","damage_taken":0,"max_hp_gain":10,"max_hp_loss":0,"event_name":"Bonfire Elementals","floor":7,"gold_loss":0},{"cards_removed":["Strike_R"],"damage_healed":0,"gold_gain":0,"player_choice":"Gave Gold","damage_taken":0,"max_hp_gain":0,"max_hp_loss":0,"event_name":"Beggar","floor":20,"gold_loss":75},{"damage_healed":0,"gold_gain":0,"player_choice":"Obtained Book","damage_taken":21,"max_hp_gain":0,"max_hp_loss":0,"event_name":"Cursed Tome","floor":22,"gold_loss":0}],"is_beta":false,"boss_relics":[{"not_picked":["Lizard Tail","Philosopher\u0027s Stone"],"picked":"Sozu"}],"items_purged_floors":[],"is_endless":false,"potions_floor_spawned":[1,6,12,19],"killed_by":"Gremlin Leader","ascension_level":17}