{"path_per_floor":["M","M","M","M","M","R","E","M","T","R","M","R","?","$","R","B",null,"M","$","M","?","?","R","E","M","T","M","R","M","R","M","R","B",null,"M","M","$","M","?","R","?","R","T","M","E","M","?","?","R"],"character_chosen":"THE_SILENT","items_purchased":["Footwork","Sundial","Mind Blast","Footwork"],"gold_per_floor":[117,130,141,151,162,162,191,209,209,209,227,227,177,102,102,199,199,210,36,50,50,50,50,81,99,399,412,412,423,423,443,443,544,544,557,568,12,26,26,26,26,26,78,93,118,133,133,133,133,133],"floor_reached":50,"campfire_rested":3,"playtime":5049,"current_hp_per_floor":[62,62,62,60,56,56,36,35,35,35,31,31,31,31,31,15,51,35,35,18,18,39,39,39,34,34,34,34,32,53,53,53,16,57,49,46,46,28,28,49,49,49,49,49,33,26,26,26,47,0],"items_purged":["Strike_G","Strike_G","Strike_G"],"gold":133,"score":645,"play_id":"5c21c6ee-e22c-4160-abb2-0027344b964f","local_time":"20180504053649","is_prod":false,"is_daily":false,"chose_seed":false,"is_ascension_mode":true,"campfire_upgraded":8,"timestamp":1525426609,"path_taken":["M","M","M","M","M","R","E","M","T","R","M","R","?","$","R","BOSS","M","$","M","?","?","R","E","M","T","M","R","?","R","M","R","BOSS","M","M","$","M","?","R","?","R","T","M","E","M","?","?","R","BOSS"],"build_version":"2018-05-03","seed_source_timestamp":194370385186036,"purchased_purges":3,"victory":false,"master_deck":["Defend_G","Defend_G","Defend_G","Defend_G","Defend_G","Strike_G","Survivor+1","Neutralize+1","A Thousand Cuts+1","Cloak And Dagger+1","Dash+1","Dagger Throw","Poisoned Stab","Venomology","Leg Sweep+1","Footwork+1","Backflip+1","Outmaneuver+1","Calculated Gamble+1","Underhanded Strike","Dagger Throw+1","Underhanded Strike","Burst+1","Expertise+1","PiercingWail+1","Mind Blast","Footwork","Panache","Malaise","Panache","Noxious Fumes"],"max_hp_per_floor":[63,63,63,63,63,63,63,63,63,63,63,63,63,63,63,63,63,63,63,63,63,63,63,70,70,70,70,70,70,70,70,70,70,70,70,70,70,70,70,70,70,70,70,70,70,70,70,70,70,70],"relics":["Ring of the Snake","Snake Skull","Omamori","Philosopher\u0027s Stone","Strawberry","Old Coin","Cursed Key","Sundial","Prayer Wheel","Dream Catcher"],"card_choices":[{"not_picked":["Tools of the Trade","Bullet Time"],"picked":"A Thousand Cuts","floor":0},{"not_picked":["Acrobatics","Bane"],"picked":"Cloak And Dagger","floor":2},{"not_picked":["Dodge and Roll","Underhanded Strike"],"picked":"Dash","floor":3},{"not_picked":["Slice","PiercingWail"],"picked":"Dagger Throw","floor":4},{"not_picked":["Catalyst","Dagger Spray"],"picked":"Predator","floor":5},{"not_picked":["All Out Attack","Catalyst"],"picked":"Poisoned Stab","floor":8},{"not_picked":["Night Terror","Doppelganger"],"picked":"Venomology","floor":16},{"not_picked":["Dodge and Roll","Calculated Gamble"],"picked":"Leg Sweep","floor":18},{"not_picked":["Flying Knee","Underhanded Strike"],"picked":"Backflip","floor":20},{"not_picked":["Prepared","Bane"],"picked":"Outmaneuver","floor":24},{"not_picked":["Backflip","Doppelganger"],"picked":"Calculated Gamble","floor":25},{"not_picked":["Concentrate","Prepared"],"picked":"Underhanded Strike","floor":27},{"not_picked":["Prepared","Distraction"],"picked":"Dagger Throw","floor":29},{"not_picked":["Skewer","Predator"],"picked":"Underhanded Strike","floor":31},{"not_picked":["Unload","Bullet Time"],"picked":"Burst","floor":33},{"not_picked":["Concentrate","Flying Knee"],"picked":"Expertise","floor":35},{"not_picked":["Dagger Throw","Dash"],"picked":"PiercingWail","floor":36},{"not_picked":["Thinking Ahead","Master of Strategy"],"picked":"Panache","floor":41},{"not_picked":["Dash","Slice"],"picked":"Malaise","floor":44},{"not_picked":["Quick Slash","Escape Plan"],"picked":"Noxious Fumes","floor":49}],"player_experience":434248,"potions_floor_usage":[4,7,11,18,20,24,27,27,29,31,33,33,35,36,38,38,44,45,45,46,50,50,50],"damage_taken":[{"damage":1,"enemies":"2 Louse","floor":1,"turns":5},{"damage":0,"enemies":"Cultist","floor":2,"turns":5},{"damage":0,"enemies":"Small Slimes","floor":3,"turns":4},{"damage":2,"enemies":"Exordium Wildlife","floor":4,"turns":6},{"damage":4,"enemies":"Blue Slaver","floor":5,"turns":3},{"damage":20,"enemies":"Gremlin Nob","floor":7,"turns":5},{"damage":1,"enemies":"Red Slaver","floor":8,"turns":4},{"damage":4,"enemies":"Exordium Wildlife","floor":11,"turns":2},{"damage":16,"enemies":"Slime Boss","floor":16,"turns":9},{"damage":16,"enemies":"Chosen","floor":18,"turns":5},{"damage":17,"enemies":"3 Byrds","floor":20,"turns":5},{"damage":7,"enemies":"Book of Stabbing","floor":24,"turns":7},{"damage":5,"enemies":"Centurion and Healer","floor":25,"turns":8},{"damage":0,"enemies":"Slaver and Parasite","floor":27,"turns":6},{"damage":2,"enemies":"Snecko","floor":29,"turns":5},{"damage":0,"enemies":"Sentry and Sphere","floor":31,"turns":4},{"damage":37,"enemies":"Automaton","floor":33,"turns":11},{"damage":8,"enemies":"Orb Walker","floor":35,"turns":5},{"damage":3,"enemies":"3 Shapes","floor":36,"turns":55},{"damage":18,"enemies":"Sphere and 2 Shapes","floor":38,"turns":4},{"damage":0,"enemies":"3 Darklings","floor":44,"turns":3},{"damage":16,"enemies":"2 Orb Walkers","floor":45,"turns":6},{"damage":7,"enemies":"4 Shapes","floor":46,"turns":3},{"damage":50,"enemies":"Time Eater","floor":50,"turns":11}],"event_choices":[{"event_name":"The Cleric","player_choice":"Card Removal","floor":13,"damage_taken":0},{"event_name":"Accursed Blacksmith","player_choice":"Forge","floor":21,"damage_taken":0},{"event_name":"The Library","player_choice":"Heal","floor":22,"damage_taken":0},{"event_name":"Mysterious Sphere","player_choice":"Ignore","floor":39,"damage_taken":0},{"event_name":"SensoryStone","player_choice":"Memory 1","floor":41,"damage_taken":0},{"event_name":"Duplicator","player_choice":"One dupe","floor":48,"damage_taken":0}],"boss_relics":[{"not_picked":["White Beast Statue","Black Star"],"picked":"Philosopher\u0027s Stone"},{"not_picked":["Eternal Feather","Astrolabe"],"picked":"Cursed Key"}],"potions_floor_spawned":[3,4,5,18,24,29,36,45],"seed_played":"-5921120798949218774","killed_by":"Time Eater","ascension_level":6,"is_trial":false}