{"gold_per_floor":[116,116,135,59,77,103,103,114,114,114,114,114,114,149,149,278,278],"floor_reached":17,"playtime":1155,"items_purged":[],"score":187,"play_id":"619f6821-0653-4cd8-b66c-25e99f7fc0eb","local_time":"20190309213818","is_ascension_mode":true,"campfire_choices":[{"data":"Footwork","floor":7,"key":"SMITH"},{"data":"Well Laid Plans","floor":10,"key":"SMITH"},{"floor":13,"key":"REST"},{"data":"Dagger Spray","floor":15,"key":"SMITH"}],"neow_cost":"NONE","seed_source_timestamp":15863329638684,"circlet_count":0,"master_deck":["Survivor","Neutralize+1","Dagger Spray+1","Caltrops","Caltrops","Dagger Throw","Footwork+1","Well Laid Plans+1","Injury","Flying Knee","Tools of the Trade","Predator","Die Die Die","Night Terror","Masterful Stab","Endless Agony","Noxious Fumes","Endless Agony","Wraith Form v2","Accuracy"],"relics":["Ring of the Snake","War Paint","Oddly Smooth Stone","Golden Idol","Sundial","Pandora\u0027s Box"],"potions_floor_usage":[],"damage_taken":[{"damage":3,"enemies":"Small Slimes","floor":1,"turns":5},{"damage":0,"enemies":"2 Louse","floor":3,"turns":2},{"damage":0,"enemies":"Cultist","floor":5,"turns":4},{"damage":17,"enemies":"3 Sentries","floor":6,"turns":8},{"damage":13,"enemies":"Exordium Wildlife","floor":8,"turns":3},{"damage":24,"enemies":"Gremlin Nob","floor":14,"turns":4},{"damage":2,"enemies":"Hexaghost","floor":16,"turns":11}],"seed_played":"-1652026428671017845","potions_obtained":[{"floor":1,"key":"Strength Potion"},{"floor":5,"key":"PowerPotion"},{"floor":14,"key":"Ancient Potion"}],"is_trial":false,"path_per_floor":["M","?","M","$","M","E","R","M","T","R","?","?","R","E","R","B",null],"character_chosen":"THE_SILENT","items_purchased":["Caltrops"],"campfire_rested":1,"item_purchase_floors":[4],"current_hp_per_floor":[67,60,60,60,60,43,43,30,30,30,35,35,57,33,33,31,75],"gold":278,"neow_bonus":"UPGRADE_CARD","is_prod":false,"is_daily":false,"chose_seed":false,"campfire_upgraded":3,"win_rate":0,"timestamp":1552160298,"path_taken":["M","?","M","$","M","E","R","M","T","R","?","?","R","E","R","BOSS"],"build_version":"2019-01-23","purchased_purges":0,"victory":false,"max_hp_per_floor":[70,70,70,70,70,70,70,70,70,70,75,75,75,75,75,75,75],"card_choices":[{"not_picked":["Bane","Dodge and Roll"],"picked":"Dagger Spray","floor":1},{"not_picked":["Dash","Dagger Spray"],"picked":"Caltrops","floor":3},{"not_picked":["Backflip","Underhanded Strike"],"picked":"Dagger Throw","floor":5},{"not_picked":["Poisoned Stab","Choke"],"picked":"Footwork","floor":6},{"not_picked":["Sucker Punch","All Out Attack"],"picked":"Well Laid Plans","floor":8},{"not_picked":["Quick Slash","Slice"],"picked":"Flying Knee","floor":14},{"not_picked":["Venomology","Doppelganger"],"picked":"Tools of the Trade","floor":16}],"player_experience":723255,"relics_obtained":[{"floor":6,"key":"War Paint"},{"floor":9,"key":"Oddly Smooth Stone"},{"floor":14,"key":"Sundial"}],"event_choices":[{"cards_removed":["Strike_G"],"damage_healed":0,"gold_gain":0,"player_choice":"Card Removal","damage_taken":7,"max_hp_gain":0,"max_hp_loss":0,"event_name":"Golden Wing","floor":2,"gold_loss":0},{"damage_healed":0,"gold_gain":0,"player_choice":"Donut","damage_taken":0,"max_hp_gain":5,"max_hp_loss":0,"event_name":"Big Fish","floor":11,"gold_loss":0},{"damage_healed":0,"gold_gain":0,"player_choice":"Take Wound","damage_taken":0,"relics_obtained":["Golden Idol"],"max_hp_gain":0,"max_hp_loss":0,"event_name":"Golden Idol","floor":12,"gold_loss":0,"cards_obtained":["Injury"]}],"is_beta":false,"boss_relics":[{"not_picked":["Black Star","Busted Crown"],"picked":"Pandora\u0027s Box"}],"items_purged_floors":[],"is_endless":false,"potions_floor_spawned":[1,5,14],"ascension_level":3}