{"gold_per_floor":[210,7,7,24,41,75,75,100,100,4,18,18,28,56,56,134,134,148,8,8,0,0,0,14,49,49,74,74,106,206,81,81,159,159,175,185,185,199,49,49,75,75,75,92,40,40,90,101,101,101,101,101,101,20,48,48],"floor_reached":56,"playtime":3172,"items_purged":["Strike_B","Strike_B","Zap","Sweeping Beam"],"score":2198,"play_id":"86fcfb36-c88d-4cf0-b1d3-0f5069208c74","local_time":"20190310023932","is_ascension_mode":true,"campfire_choices":[{"floor":7.0,"key":"REST"},{"floor":12.0,"key":"REST"},{"floor":15.0,"key":"REST"},{"data":"Biased Cognition","floor":23.0,"key":"SMITH"},{"data":"Go for the Eyes","floor":28.0,"key":"SMITH"},{"data":"Dualcast","floor":32.0,"key":"SMITH"},{"floor":40.0,"key":"RECALL"},{"data":"Creative AI","floor":42.0,"key":"SMITH"},{"data":"Cold Snap","floor":49.0,"key":"SMITH"},{"data":"Defend_B","floor":53.0,"key":"SMITH"}],"neow_cost":"NONE","seed_source_timestamp":161478072647587,"circlet_count":0,"master_deck":["AscendersBane","Defend_B","Defend_B+1","Defend_B","Defend_B","Dualcast+1","Cold Snap+1","Darkness+1","Core Surge+1","Go for the Eyes+1","Cold Snap+1","Leap+1","Biased Cognition+1","Compile Driver+1","Recycle+1","Glacier+1","Conserve Battery+1","Seek+1","Creative AI+1","Redo+1","Coolheaded+1"],"special_seed":0,"relics":["Cracked Core","Lantern","Toxic Egg 2","Mummified Hand","Mercury Hourglass","Empty Cage","Enchiridion","DataDisk","Whetstone","Ancient Tea Set","Turnip","Ice Cream","Bottled Lightning","Busted Crown","Dream Catcher","Bag of Preparation"],"potions_floor_usage":[56],"damage_taken":[{"damage":8.0,"enemies":"2 Louse","floor":1.0,"turns":2.0},{"damage":5.0,"enemies":"Jaw Worm","floor":4.0,"turns":4.0},{"damage":0.0,"enemies":"Cultist","floor":5.0,"turns":4.0},{"damage":14.0,"enemies":"3 Sentries","floor":6.0,"turns":6.0},{"damage":12.0,"enemies":"Lagavulin","floor":8.0,"turns":7.0},{"damage":10.0,"enemies":"3 Louse","floor":11.0,"turns":4.0},{"damage":5.0,"enemies":"2 Fungi Beasts","floor":13.0,"turns":3.0},{"damage":44.0,"enemies":"Gremlin Nob","floor":14.0,"turns":5.0},{"damage":20.0,"enemies":"The Guardian","floor":16.0,"turns":9.0},{"damage":4.0,"enemies":"Shell Parasite","floor":18.0,"turns":4.0},{"damage":14.0,"enemies":"2 Thieves","floor":24.0,"turns":3.0},{"damage":1.0,"enemies":"Book of Stabbing","floor":25.0,"turns":4.0},{"damage":0.0,"enemies":"Gremlin Leader","floor":27.0,"turns":4.0},{"damage":0.0,"enemies":"Book of Stabbing","floor":29.0,"turns":5.0},{"damage":0.0,"enemies":"Colosseum Slavers","floor":30.0,"turns":3.0},{"damage":0.0,"enemies":"Colosseum Nobs","floor":30.0,"turns":5.0},{"damage":15.0,"enemies":"Automaton","floor":33.0,"turns":10.0},{"damage":0.0,"enemies":"3 Shapes","floor":35.0,"turns":5.0},{"damage":0.0,"enemies":"Orb Walker","floor":36.0,"turns":3.0},{"damage":0.0,"enemies":"Writhing Mass","floor":38.0,"turns":6.0},{"damage":4.0,"enemies":"Reptomancer","floor":41.0,"turns":9.0},{"damage":0.0,"enemies":"Spire Growth","floor":44.0,"turns":6.0},{"damage":0.0,"enemies":"3 Darklings","floor":48.0,"turns":6.0},{"damage":0.0,"enemies":"Awakened One","floor":50.0,"turns":20.0},{"damage":0.0,"enemies":"Donu and Deca","floor":51.0,"turns":9.0},{"damage":66.0,"enemies":"Shield and Spear","floor":55.0,"turns":9.0},{"damage":12,"enemies":"The Heart","floor":56,"turns":8}],"seed_played":"-8152595957321516411","potions_obtained":[{"floor":5.0,"key":"FearPotion"},{"floor":6.0,"key":"LiquidBronze"},{"floor":16.0,"key":"AttackPotion"},{"floor":25.0,"key":"PowerPotion"},{"floor":29.0,"key":"Block Potion"},{"floor":37.0,"key":"Regen Potion"},{"floor":41.0,"key":"Swift Potion"},{"floor":44.0,"key":"Regen Potion"}],"is_trial":false,"path_per_floor":["M","$","?","M","M","E","R","E","T","$","M","R","M","E","R","B",null,"M","$","?","?","?","R","M","E","T","E","R","E","?","$","R","B",null,"M","M","?","M","$","R","E","R","T","M","$","?","?","M","R","B","B",null,"R","$","E","B"],"character_chosen":"DEFECT","items_purchased":["Darkness","Sweeping Beam","Finesse+1","Recycle+1","Coolheaded+1","LiquidBronze"],"campfire_rested":3,"item_purchase_floors":[2,2,10,19,45,54],"current_hp_per_floor":[56,56,56,51,51,37,58,46,46,46,36,57,52,8,29,9,56,52,52,31,31,71,71,57,56,56,56,56,56,56,56,56,41,64,64,64,64,64,64,64,71,71,71,71,71,71,71,71,71,71,71,71,71,71,10,0],"gold":48,"neow_bonus":"HUNDRED_GOLD","is_prod":false,"is_daily":false,"chose_seed":false,"campfire_upgraded":6,"win_rate":0,"timestamp":1552153172,"path_taken":["M","$","?","M","M","E","R","E","T","?","M","R","M","E","R","BOSS","M","?","?","?","?","R","?","E","T","E","R","E","?","$","R","BOSS","M","M","?","M","$","R","E","R","T","?","?","?","?","M","R","BOSS","BOSS","R","$","E","BOSS"],"build_version":"2019-01-23","purchased_purges":4,"victory":false,"max_hp_per_floor":[71,71,71,71,71,71,71,71,71,71,71,71,71,71,71,71,71,71,71,71,71,71,71,71,71,71,71,71,71,71,71,71,71,71,71,71,71,71,71,71,71,71,71,71,71,71,71,71,71,71,71,71,71,71,71,71],"card_choices":[{"not_picked":["Compile Driver","Hologram"],"picked":"Cold Snap","floor":1.0},{"not_picked":["Sweeping Beam","Leap"],"picked":"Reprogram","floor":4.0},{"not_picked":["All For One","Doom and Gloom","Beam Cell"],"picked":"SKIP","floor":5.0},{"not_picked":["Beam Cell","Redo"],"picked":"Core Surge","floor":6.0},{"not_picked":["Thunder Strike","Gash"],"picked":"Go for the Eyes","floor":8.0},{"not_picked":["Melter","Rebound"],"picked":"Cold Snap","floor":11.0},{"not_picked":["Stack+1","Rip and Tear"],"picked":"Leap+1","floor":13.0},{"not_picked":["Rebound","Go for the Eyes","Sunder"],"picked":"SKIP","floor":14.0},{"not_picked":["Reboot+1","Rainbow+1"],"picked":"Biased Cognition","floor":16.0},{"not_picked":["Double Energy+1","Aggregate+1"],"picked":"Compile Driver+1","floor":18.0},{"not_picked":["Steam+1","Stack+1"],"picked":"Glacier+1","floor":24.0},{"not_picked":["Leap+1","Rebound","Streamline"],"picked":"SKIP","floor":25.0},{"not_picked":["Hologram+1","Chill+1"],"picked":"Conserve Battery+1","floor":27.0},{"not_picked":["Ball Lightning+1","Hologram+1"],"picked":"Seek+1","floor":29.0},{"not_picked":["Rainbow+1","Meteor Strike"],"picked":"Creative AI","floor":33.0},{"not_picked":["Stack+1"],"picked":"SKIP","floor":35.0},{"not_picked":["Redo+1"],"picked":"SKIP","floor":36.0},{"not_picked":[],"picked":"Redo+1","floor":36.0},{"not_picked":["Hologram+1"],"picked":"SKIP","floor":38.0},{"not_picked":["Gash"],"picked":"SKIP","floor":41.0},{"not_picked":["Redo+1"],"picked":"SKIP","floor":44.0},{"not_picked":["Hyperbeam"],"picked":"SKIP","floor":48.0},{"not_picked":["Ball Lightning"],"picked":"SKIP","floor":55.0}],"player_experience":827248,"relics_obtained":[{"floor":6.0,"key":"Lantern"},{"floor":8.0,"key":"Toxic Egg 2"},{"floor":9.0,"key":"Mummified Hand"},{"floor":14.0,"key":"Mercury Hourglass"},{"floor":20.0,"key":"Enchiridion"},{"floor":25.0,"key":"DataDisk"},{"floor":26.0,"key":"Whetstone"},{"floor":27.0,"key":"Ancient Tea Set"},{"floor":29.0,"key":"Turnip"},{"floor":30.0,"key":"Ice Cream"},{"floor":30.0,"key":"Bottled Lightning"},{"floor":41.0,"key":"Dream Catcher"},{"floor":55.0,"key":"Bag of Preparation"}],"event_choices":[{"damage_healed":0.0,"max_hp_gain":0.0,"max_hp_loss":0.0,"gold_gain":0.0,"event_name":"Living Wall","player_choice":"Grow","floor":3.0,"gold_loss":0.0,"damage_taken":0.0,"cards_upgraded":["Darkness"]},{"damage_healed":0.0,"max_hp_gain":0.0,"max_hp_loss":0.0,"gold_gain":0.0,"event_name":"Cursed Tome","player_choice":"Obtained Book","floor":20.0,"gold_loss":0.0,"damage_taken":21.0},{"damage_healed":0.0,"max_hp_gain":0.0,"max_hp_loss":0.0,"gold_gain":0.0,"event_name":"Masked Bandits","player_choice":"Paid Fearfully","floor":21.0,"gold_loss":8.0,"damage_taken":0.0},{"cards_removed":["Reprogram"],"damage_healed":40.0,"max_hp_gain":0.0,"max_hp_loss":0.0,"gold_gain":0.0,"event_name":"Bonfire Elementals","player_choice":"Offered Uncommon","floor":22.0,"gold_loss":0.0,"damage_taken":0.0},{"damage_healed":0.0,"max_hp_gain":0.0,"max_hp_loss":0.0,"gold_gain":0.0,"event_name":"Colosseum","player_choice":"Fight","floor":30.0,"gold_loss":0.0,"damage_taken":0.0},{"damage_healed":0.0,"max_hp_gain":0.0,"max_hp_loss":0.0,"gold_gain":0.0,"event_name":"Colosseum","player_choice":"Fought Nobs","floor":30.0,"gold_loss":0.0,"damage_taken":0.0},{"damage_healed":0.0,"max_hp_gain":0.0,"max_hp_loss":0.0,"gold_gain":0.0,"event_name":"Lab","player_choice":"Got Potions","floor":37.0,"gold_loss":0.0,"damage_taken":0.0},{"cards_removed":["Finesse"],"damage_healed":0.0,"max_hp_gain":0.0,"max_hp_loss":0.0,"gold_gain":0.0,"event_name":"Falling","player_choice":"Removed Skill","floor":46.0,"gold_loss":0.0,"damage_taken":0.0},{"damage_healed":0.0,"max_hp_gain":0.0,"max_hp_loss":0.0,"gold_gain":50.0,"event_name":"Golden Shrine","player_choice":"Pray","floor":47.0,"gold_loss":0.0,"damage_taken":0.0}],"is_beta":false,"boss_relics":[{"not_picked":["Calling Bell","White Beast Statue"],"picked":"Empty Cage"},{"not_picked":["Tiny House","Coffee Dripper"],"picked":"Busted Crown"}],"items_purged_floors":[2,19,31,39],"is_endless":false,"potions_floor_spawned":[5,6,14,16,25,29,30,38,41,44,48],"killed_by":"The Heart","ascension_level":20}