{"gold_per_floor":[113,188,202,202,222,222,257,268,322,322,349,360,378,23,23,94,94,106,125,125,125,50,50,50,50,50,63,94,16,69,69,69,143,143,158,169,169,169,80,80,114,153,178,254,326,336,336,51,51,51],"floor_reached":51,"playtime":3605,"items_purged":["Strike_G"],"score":1063,"play_id":"71ef1a6f-6185-4e4f-be70-a9da0a31399b","local_time":"20190302001532","is_ascension_mode":true,"campfire_choices":[{"data":"Predator","floor":6,"key":"SMITH"},{"floor":10,"key":"REST"},{"data":"Dagger Spray","floor":15,"key":"SMITH"},{"floor":23,"key":"REST"},{"floor":32,"key":"REST"},{"floor":40,"key":"REST"},{"floor":47,"key":"REST"},{"floor":49,"key":"REST"}],"neow_cost":"NONE","seed_source_timestamp":784242105665538,"circlet_count":0,"master_deck":["AscendersBane","Defend_G","Defend_G+1","Defend_G","Defend_G","Defend_G","Strike_G","Strike_G","Survivor+1","Neutralize","Predator+1","Backflip","Acrobatics","Well Laid Plans+1","Footwork+1","Blade Dance","Dagger Spray+1","Wraith Form v2+1","Escape Plan","Footwork+1","Blur","Bouncing Flask+1","Backflip","Malaise","Concentrate","Tools of the Trade+1","Leg Sweep+1","HandOfGreed","Flash of Steel","Panacea","Caltrops+1"],"relics":["Ring of the Snake","Bronze Scales","Frozen Egg 2","Orichalcum","Vajra","Oddly Smooth Stone","Fusion Hammer","MutagenicStrength","Bottled Flame","War Paint","Tiny Chest","Busted Crown","Pantograph","Boot","Snake Skull"],"potions_floor_usage":[3,11,13,16,16,19,28,33,44,50,50],"damage_taken":[{"damage":0,"enemies":"2 Louse","floor":1,"turns":3},{"damage":0,"enemies":"Jaw Worm","floor":3,"turns":4},{"damage":3,"enemies":"Small Slimes","floor":5,"turns":4},{"damage":22,"enemies":"3 Sentries","floor":7,"turns":9},{"damage":8,"enemies":"Blue Slaver","floor":8,"turns":3},{"damage":26,"enemies":"Lagavulin","floor":11,"turns":6},{"damage":0,"enemies":"Large Slime","floor":12,"turns":4},{"damage":0,"enemies":"Looter","floor":13,"turns":2},{"damage":12,"enemies":"Slime Boss","floor":16,"turns":6},{"damage":0,"enemies":"Shell Parasite","floor":18,"turns":6},{"damage":0,"enemies":"2 Thieves","floor":19,"turns":3},{"damage":12,"enemies":"Centurion and Healer","floor":27,"turns":9},{"damage":1,"enemies":"Gremlin Leader","floor":28,"turns":7},{"damage":30,"enemies":"Collector","floor":33,"turns":12},{"damage":1,"enemies":"Orb Walker","floor":35,"turns":4},{"damage":4,"enemies":"3 Shapes","floor":36,"turns":7},{"damage":0,"enemies":"3 Darklings","floor":41,"turns":5},{"damage":0,"enemies":"Maw","floor":42,"turns":9},{"damage":19,"enemies":"Jaw Worm Horde","floor":44,"turns":9},{"damage":18,"enemies":"2 Orb Walkers","floor":45,"turns":8},{"damage":14,"enemies":"Transient","floor":46,"turns":5},{"damage":11,"enemies":"Donu and Deca","floor":50,"turns":10}],"seed_played":"3961355329487623867","potions_obtained":[{"floor":1,"key":"EssenceOfSteel"},{"floor":8,"key":"Explosive Potion"},{"floor":11,"key":"PowerPotion"},{"floor":16,"key":"Swift Potion"},{"floor":18,"key":"PowerPotion"},{"floor":28,"key":"SpeedPotion"},{"floor":36,"key":"PowerPotion"},{"floor":44,"key":"GamblersBrew"}],"is_trial":false,"path_per_floor":["M","?","M","$","M","R","E","M","T","R","E","M","M","$","R","B",null,"M","M","?","?","?","R","?","$","T","M","E","$","T","?","R","B",null,"M","M","T","?","$","R","M","M","T","M","?","M","R","$","R","B",null],"character_chosen":"THE_SILENT","items_purchased":["Oddly Smooth Stone","Regen Potion","Strength Potion","Malaise","Panacea","Caltrops+1","Snake Skull","PowerPotion"],"campfire_rested":6,"item_purchase_floors":[14,14,14,29,39,48,48,48],"current_hp_per_floor":[59,48,48,48,45,45,23,15,15,34,8,8,8,8,8,11,52,52,52,52,52,52,66,66,66,66,54,53,53,53,53,66,36,59,58,54,54,49,49,66,66,66,66,47,29,15,34,34,53,55],"gold":51,"neow_bonus":"RANDOM_COMMON_RELIC","is_prod":false,"is_daily":false,"chose_seed":false,"campfire_upgraded":2,"win_rate":0,"timestamp":1551503732,"path_taken":["M","?","M","$","M","R","E","M","T","R","E","M","M","$","R","BOSS","M","M","?","?","?","R","?","?","T","M","E","$","?","?","R","BOSS","M","M","?","?","$","R","M","M","T","M","?","M","R","$","R","BOSS"],"build_version":"2019-01-23","purchased_purges":1,"victory":true,"max_hp_per_floor":[66,66,66,66,66,66,66,66,66,66,66,66,66,66,66,66,66,66,66,66,66,66,66,66,66,66,66,66,66,66,66,66,66,66,66,66,66,66,66,66,66,66,66,66,66,66,66,66,66,66],"card_choices":[{"not_picked":["Expertise","Quick Slash"],"picked":"Predator","floor":1},{"not_picked":["Dagger Throw","Deflect"],"picked":"Backflip","floor":3},{"not_picked":["Heel Hook","Dodge and Roll"],"picked":"Acrobatics","floor":5},{"not_picked":["Heel Hook","Cloak And Dagger"],"picked":"Well Laid Plans","floor":7},{"not_picked":["Slice","Flying Knee"],"picked":"Footwork+1","floor":8},{"not_picked":["Prepared","Doppelganger"],"picked":"Blade Dance","floor":11},{"not_picked":["Slice","Expertise"],"picked":"Dagger Spray","floor":12},{"not_picked":["Masterful Stab","Prepared","Riddle With Holes"],"picked":"SKIP","floor":13},{"not_picked":["Die Die Die","Malaise"],"picked":"Wraith Form v2+1","floor":16},{"not_picked":["Deadly Poison","Backflip"],"picked":"Escape Plan","floor":18},{"not_picked":["Heel Hook","Blade Dance+1"],"picked":"Footwork+1","floor":19},{"not_picked":["Poisoned Stab","Deflect"],"picked":"Bouncing Flask+1","floor":27},{"not_picked":["Masterful Stab+1","Sucker Punch"],"picked":"Backflip","floor":28},{"not_picked":["Storm of Steel","After Image+1"],"picked":"Tools of the Trade+1","floor":33},{"not_picked":[],"picked":"Leg Sweep+1","floor":35},{"not_picked":["Dagger Throw"],"picked":"SKIP","floor":36},{"not_picked":[],"picked":"HandOfGreed","floor":38},{"not_picked":[],"picked":"Flash of Steel","floor":38},{"not_picked":["Poisoned Stab"],"picked":"SKIP","floor":41},{"not_picked":["Dagger Spray"],"picked":"SKIP","floor":42},{"not_picked":["Sucker Punch"],"picked":"SKIP","floor":44},{"not_picked":["Poisoned Stab"],"picked":"SKIP","floor":46}],"player_experience":767965,"relics_obtained":[{"floor":7,"key":"Frozen Egg 2"},{"floor":9,"key":"Orichalcum"},{"floor":11,"key":"Vajra"},{"floor":26,"key":"Bottled Flame"},{"floor":28,"key":"War Paint"},{"floor":30,"key":"Tiny Chest"},{"floor":37,"key":"Pantograph"},{"floor":43,"key":"Boot"}],"event_choices":[{"damage_healed":0,"gold_gain":75,"player_choice":"Gather Gold","damage_taken":11,"max_hp_gain":0,"max_hp_loss":0,"event_name":"World of Goop","floor":2,"gold_loss":0},{"damage_healed":0,"gold_gain":0,"player_choice":"Read","damage_taken":0,"max_hp_gain":0,"max_hp_loss":0,"event_name":"The Library","floor":20,"gold_loss":0,"cards_obtained":["Blur"]},{"damage_healed":0,"gold_gain":0,"player_choice":"Ignored","damage_taken":0,"max_hp_gain":0,"max_hp_loss":0,"event_name":"Ghosts","floor":21,"gold_loss":0},{"cards_removed":["Strike_G"],"damage_healed":0,"gold_gain":0,"player_choice":"Gave Gold","damage_taken":0,"max_hp_gain":0,"max_hp_loss":0,"event_name":"Beggar","floor":22,"gold_loss":75},{"damage_healed":0,"gold_gain":0,"player_choice":"Inject Mutagens","damage_taken":0,"relics_obtained":["MutagenicStrength"],"max_hp_gain":0,"max_hp_loss":0,"event_name":"Drug Dealer","floor":24,"gold_loss":0},{"damage_healed":0,"gold_gain":0,"cards_transformed":["Strike_G"],"player_choice":"Transformed","damage_taken":0,"max_hp_gain":0,"max_hp_loss":0,"event_name":"Transmorgrifier","floor":31,"gold_loss":0,"cards_obtained":["Concentrate"]},{"damage_healed":0,"gold_gain":0,"player_choice":"Memory 2","damage_taken":5,"max_hp_gain":0,"max_hp_loss":0,"event_name":"SensoryStone","floor":38,"gold_loss":0},{"damage_healed":0,"gold_gain":0,"player_choice":"Fight","damage_taken":0,"max_hp_gain":0,"max_hp_loss":0,"event_name":"Mysterious Sphere","floor":45,"gold_loss":0}],"is_beta":false,"boss_relics":[{"not_picked":["Calling Bell","Runic Dome"],"picked":"Fusion Hammer"},{"not_picked":["Cursed Key","Empty Cage"],"picked":"Busted Crown"}],"items_purged_floors":[14],"is_endless":false,"potions_floor_spawned":[1,8,11,16,18,28,36,44],"ascension_level":14}