{"gold_per_floor":[110,23,23,23,39,39,101,101,124,136,165,196,237,260,272,363,375,397,409,421],"floor_reached":20,"playtime":695,"items_purged":[],"score":337,"play_id":"a00fa969-dc6f-44da-addf-88d2f7251a99","local_time":"20190308211040","is_ascension_mode":true,"campfire_choices":[{"data":"Clothesline","floor":6,"key":"SMITH"},{"floor":10,"key":"REST"},{"data":"Evolve","floor":15,"key":"SMITH"}],"neow_cost":"NONE","seed_source_timestamp":422161441585777,"circlet_count":0,"master_deck":["AscendersBane","Strike_R","Strike_R","Strike_R","Strike_R","Defend_R","Defend_R","Defend_R","Defend_R","Bash+1","Shockwave","Corruption","Clothesline+1","Sentinel","Rampage","Pommel Strike","Evolve+1","Offering","Inflame","Limit Break","Sentinel"],"relics":["White Beast Statue","Tiny Chest","MawBank","Bag of Marbles","Velvet Choker"],"potions_floor_usage":[7,7,12,13,13,16,16,18,20,20,20],"damage_taken":[{"damage":7,"enemies":"Cultist","floor":1,"turns":4},{"damage":11,"enemies":"Jaw Worm","floor":5,"turns":5},{"damage":30,"enemies":"Lagavulin","floor":7,"turns":6},{"damage":0,"enemies":"2 Louse","floor":11,"turns":5},{"damage":0,"enemies":"Red Slaver","floor":12,"turns":5},{"damage":12,"enemies":"Gremlin Nob","floor":13,"turns":3},{"damage":2,"enemies":"3 Louse","floor":14,"turns":3},{"damage":21,"enemies":"Slime Boss","floor":16,"turns":9},{"damage":35,"enemies":"2 Thieves","floor":18,"turns":3},{"damage":23,"enemies":"3 Byrds","floor":20,"turns":3}],"seed_played":"-5953845009509248993","potions_obtained":[{"floor":1,"key":"Weak Potion"},{"floor":5,"key":"Explosive Potion"},{"floor":7,"key":"EssenceOfSteel"},{"floor":11,"key":"Swift Potion"},{"floor":12,"key":"Fire Potion"},{"floor":13,"key":"Poison Potion"},{"floor":14,"key":"SkillPotion"},{"floor":16,"key":"SkillPotion"},{"floor":18,"key":"FearPotion"},{"floor":19,"key":"SkillPotion"},{"floor":19,"key":"EntropicBrew"}],"is_trial":false,"path_per_floor":["M","$","$","?","M","R","E","?","T","R","M","M","E","M","R","B",null,"M","?","M"],"character_chosen":"IRONCLAD","items_purchased":["Corruption"],"campfire_rested":1,"item_purchase_floors":[2],"current_hp_per_floor":[61,61,61,61,50,50,20,20,20,42,42,42,30,28,28,7,58,23,23,0],"gold":421,"neow_bonus":"BOSS_RELIC","is_prod":false,"is_daily":false,"chose_seed":false,"campfire_upgraded":2,"win_rate":0,"timestamp":1552097440,"path_taken":["M","?","$","?","M","R","E","?","T","R","M","M","E","?","R","BOSS","M","?","M"],"build_version":"2019-01-23","purchased_purges":0,"victory":false,"max_hp_per_floor":[75,75,75,75,75,75,75,75,75,75,75,75,75,75,75,75,75,75,75,75],"card_choices":[{"not_picked":["Thunderclap","Dual Wield"],"picked":"Shockwave","floor":1},{"not_picked":["True Grit","Havoc"],"picked":"Clothesline","floor":5},{"not_picked":["True Grit","Sword Boomerang"],"picked":"Sentinel","floor":7},{"not_picked":["Warcry","Body Slam"],"picked":"Pommel Strike","floor":11},{"not_picked":["Flex","True Grit"],"picked":"Evolve","floor":12},{"not_picked":["Impervious","Shrug It Off"],"picked":"Offering","floor":13},{"not_picked":["Clothesline","Twin Strike"],"picked":"Inflame","floor":14},{"not_picked":["Double Tap","Feed"],"picked":"Limit Break","floor":16},{"not_picked":["Sword Boomerang","Havoc"],"picked":"Sentinel","floor":18}],"player_experience":877075,"relics_obtained":[{"floor":7,"key":"Tiny Chest"},{"floor":9,"key":"MawBank"},{"floor":13,"key":"Bag of Marbles"}],"event_choices":[{"damage_healed":0,"gold_gain":0,"player_choice":"Grow","damage_taken":0,"max_hp_gain":0,"max_hp_loss":0,"event_name":"Living Wall","floor":4,"gold_loss":0,"cards_upgraded":["Bash"]},{"damage_healed":0,"gold_gain":0,"cards_transformed":["Strike_R"],"player_choice":"Transformed","damage_taken":0,"max_hp_gain":0,"max_hp_loss":0,"event_name":"Transmorgrifier","floor":8,"gold_loss":0,"cards_obtained":["Rampage"]},{"damage_healed":0,"gold_gain":0,"player_choice":"Got Potions","damage_taken":0,"max_hp_gain":0,"max_hp_loss":0,"event_name":"Lab","floor":19,"gold_loss":0}],"is_beta":false,"boss_relics":[{"not_picked":["Ectoplasm","Lizard Tail"],"picked":"Velvet Choker"}],"items_purged_floors":[],"is_endless":false,"potions_floor_spawned":[1,5,7,11,12,13,14,16,18],"killed_by":"3 Byrds","ascension_level":17}