{"gold_per_floor":[119,137,137,137,154,189,189,215,215,215,234,246,246,246,246,376,376,331,0,0,0,0,0,0,0,0,0,0,0,0,0],"floor_reached":31,"playtime":2120,"items_purged":[],"score":415,"play_id":"1fe45b4b-e4f7-44ce-b23f-61992d5963a2","local_time":"20190223234207","is_ascension_mode":true,"campfire_choices":[{"data":"Perfected Strike","floor":10,"key":"SMITH"},{"data":"Perfected Strike","floor":13,"key":"SMITH"},{"data":"Evolve","floor":15,"key":"SMITH"},{"floor":24,"key":"REST"}],"neow_cost":"NONE","seed_source_timestamp":730443242480115,"circlet_count":0,"master_deck":["Strike_R","Strike_R","Strike_R","Strike_R","Strike_R","Defend_R+1","Defend_R","Defend_R","Defend_R+1","Bash","Perfected Strike+1","Iron Wave","Dropkick","Perfected Strike+1","Evolve+1","Offering","Combust","Iron Wave","Anger","Searing Blow+2","Anger+1","Iron Wave","Disarm+1","Rupture","Iron Wave"],"relics":["Burning Blood","Art of War","Singing Bowl","Pantograph","Vajra","Golden Idol","Ectoplasm","Kunai","Meat on the Bone"],"potions_floor_usage":[6,6,8,16,31],"damage_taken":[{"damage":5,"enemies":"Small Slimes","floor":1,"turns":4},{"damage":6,"enemies":"2 Louse","floor":2,"turns":4},{"damage":7,"enemies":"Jaw Worm","floor":5,"turns":4},{"damage":15,"enemies":"Lagavulin","floor":6,"turns":5},{"damage":15,"enemies":"Gremlin Nob","floor":8,"turns":4},{"damage":0,"enemies":"2 Fungi Beasts","floor":11,"turns":2},{"damage":5,"enemies":"Blue Slaver","floor":12,"turns":3},{"damage":62,"enemies":"Slime Boss","floor":16,"turns":14},{"damage":20,"enemies":"2 Thieves","floor":18,"turns":3},{"damage":0,"enemies":"Spheric Guardian","floor":20,"turns":3},{"damage":15,"enemies":"Snake Plant","floor":22,"turns":2},{"damage":40,"enemies":"Slavers","floor":23,"turns":5},{"damage":17,"enemies":"3 Cultists","floor":25,"turns":5},{"damage":21,"enemies":"Shelled Parasite and Fungi","floor":27,"turns":5},{"damage":17,"enemies":"Centurion and Healer","floor":29,"turns":4},{"damage":17,"enemies":"Chosen and Byrds","floor":30,"turns":5},{"damage":41,"enemies":"Gremlin Leader","floor":31,"turns":6}],"seed_played":"-3259266290764112376","potions_obtained":[{"floor":0,"key":"SteroidPotion"},{"floor":0,"key":"Block Potion"},{"floor":0,"key":"Strength Potion"},{"floor":6,"key":"Block Potion"},{"floor":8,"key":"Dexterity Potion"},{"floor":20,"key":"LiquidBronze"},{"floor":25,"key":"AttackPotion"},{"floor":29,"key":"Strength Potion"}],"is_trial":false,"path_per_floor":["M","M","?","?","M","E","?","E","T","R","M","M","R","?","R","B",null,"M","$","M","?","M","E","R","M","T","M","?","M","M","E"],"character_chosen":"IRONCLAD","items_purchased":["Kunai","Iron Wave","Anger"],"campfire_rested":1,"item_purchase_floors":[19,19,19],"current_hp_per_floor":[73,73,78,71,70,61,44,37,37,37,43,46,46,46,46,15,65,51,51,57,57,48,14,38,39,39,38,38,39,40,0],"gold":0,"neow_bonus":"THREE_SMALL_POTIONS","is_prod":false,"is_daily":false,"chose_seed":false,"campfire_upgraded":3,"win_rate":0,"timestamp":1550983327,"path_taken":["M","M","?","?","M","E","?","E","T","R","?","M","R","?","R","BOSS","M","$","M","?","?","E","R","M","T","M","?","M","?","E"],"build_version":"2019-01-23","purchased_purges":0,"victory":false,"max_hp_per_floor":[80,80,85,85,85,85,85,87,87,87,87,89,89,82,82,82,82,82,82,82,82,82,82,82,82,82,84,84,84,84,84],"card_choices":[{"not_picked":["Twin Strike","Seeing Red"],"picked":"Perfected Strike","floor":1},{"not_picked":["Havoc","Wild Strike"],"picked":"Iron Wave","floor":2},{"not_picked":["Heavy Blade","Armaments"],"picked":"Dropkick","floor":5},{"not_picked":["Barricade","Anger"],"picked":"Perfected Strike","floor":6},{"not_picked":["Flex","Armaments","Body Slam"],"picked":"Singing Bowl","floor":8},{"not_picked":["Thunderclap","Rupture"],"picked":"Evolve","floor":11},{"not_picked":["Armaments","Havoc","Berserk"],"picked":"Singing Bowl","floor":12},{"not_picked":["Barricade","Brutality"],"picked":"Offering","floor":16},{"not_picked":["Clash+1","Warcry+1"],"picked":"Combust","floor":18},{"not_picked":["Sever Soul+1","Combust"],"picked":"Searing Blow+1","floor":20},{"not_picked":["Hemokinesis","Twin Strike"],"picked":"Anger+1","floor":22},{"not_picked":["Headbutt","Offering"],"picked":"Iron Wave","floor":23},{"not_picked":["Armaments","Anger+1"],"picked":"Disarm","floor":25},{"not_picked":["Clothesline+1","Pommel Strike","Headbutt+1"],"picked":"Singing Bowl","floor":27},{"not_picked":["Uppercut","Ghostly Armor"],"picked":"Rupture","floor":29},{"not_picked":["Clothesline","Metallicize"],"picked":"Iron Wave","floor":30}],"player_experience":1656743,"relics_obtained":[{"floor":6,"key":"Singing Bowl"},{"floor":8,"key":"Pantograph"},{"floor":9,"key":"Vajra"},{"floor":23,"key":"Meat on the Bone"}],"event_choices":[{"damage_healed":0,"gold_gain":0,"player_choice":"Donut","damage_taken":0,"max_hp_gain":5,"max_hp_loss":0,"event_name":"Big Fish","floor":3,"gold_loss":0},{"damage_healed":0,"gold_gain":0,"player_choice":"Success","damage_taken":7,"relics_obtained":["Art of War"],"max_hp_gain":0,"max_hp_loss":0,"event_name":"Scrap Ooze","floor":4,"gold_loss":0},{"damage_healed":0,"gold_gain":0,"player_choice":"Entered Light","damage_taken":17,"max_hp_gain":0,"max_hp_loss":0,"event_name":"Shining Light","floor":7,"gold_loss":0,"cards_upgraded":["Defend_R","Defend_R"]},{"damage_healed":0,"gold_gain":0,"player_choice":"Lose Max HP","damage_taken":0,"relics_obtained":["Golden Idol"],"max_hp_gain":0,"max_hp_loss":7,"event_name":"Golden Idol","floor":14,"gold_loss":0},{"damage_healed":0,"gold_gain":0,"player_choice":"Forge","damage_taken":0,"max_hp_gain":0,"max_hp_loss":0,"event_name":"Accursed Blacksmith","floor":21,"gold_loss":0,"cards_upgraded":["Searing Blow"]},{"damage_healed":0,"gold_gain":0,"player_choice":"Upgraded","damage_taken":0,"max_hp_gain":0,"max_hp_loss":0,"event_name":"Upgrade Shrine","floor":28,"gold_loss":0,"cards_upgraded":["Disarm"]}],"is_beta":false,"boss_relics":[{"not_picked":["Astrolabe","Eternal Feather"],"picked":"Ectoplasm"}],"items_purged_floors":[],"is_endless":false,"potions_floor_spawned":[2,6,8,20,25,29],"killed_by":"Gremlin Leader","ascension_level":9}