{"gold_per_floor":[113,188,188,202,35,62,62,112,112,131,164,179,193,204,204,281,281,295,345,330,4,154,28,28,40,40,15,34,84,10,22,22,95,95,109,159,159],"floor_reached":37,"playtime":9523,"items_purged":[],"score":794,"play_id":"8eba1cb2-fb3c-4469-bb8d-51405a702b53","local_time":"20190303194642","is_ascension_mode":true,"campfire_choices":[{"data":"Terror","floor":7,"key":"SMITH"},{"floor":15,"key":"REST"},{"floor":24,"key":"REST"},{"floor":32,"key":"REST"}],"neow_cost":"NONE","seed_source_timestamp":78989636251510,"circlet_count":0,"master_deck":["AscendersBane","Defend_G+1","Defend_G+1","Defend_G+1","Defend_G+1","Defend_G+1","Strike_G+1","Strike_G+1","Strike_G+1","Strike_G+1","Survivor","Neutralize","Deadly Poison","Terror+1","Escape Plan","Poisoned Stab","Dash","PiercingWail","After Image","Catalyst+1","Noxious Fumes","Acrobatics+1","Bouncing Flask","Footwork","Doppelganger","Backflip","Shame","Leg Sweep","Backflip","Predator","Envenom"],"relics":["Ring of the Snake","NeowsBlessing","SsserpentHead","Juzu Bracelet","Snake Skull","Ancient Tea Set","Bronze Scales","Snecko Eye","Lantern","Girya","Darkstone Periapt","Ninja Scroll","Tingsha","White Beast Statue"],"potions_floor_usage":[11,11,16,20,22,33],"damage_taken":[{"damage":0,"enemies":"Small Slimes","floor":1,"turns":1},{"damage":0,"enemies":"Jaw Worm","floor":4,"turns":1},{"damage":0,"enemies":"Lagavulin","floor":6,"turns":1},{"damage":0,"enemies":"Cultist","floor":10,"turns":3},{"damage":37,"enemies":"3 Sentries","floor":11,"turns":10},{"damage":10,"enemies":"2 Fungi Beasts","floor":13,"turns":3},{"damage":1,"enemies":"Looter","floor":14,"turns":3},{"damage":30,"enemies":"The Guardian","floor":16,"turns":10},{"damage":23,"enemies":"Chosen","floor":18,"turns":5},{"damage":2,"enemies":"2 Thieves","floor":20,"turns":4},{"damage":13,"enemies":"Colosseum Slavers","floor":22,"turns":4},{"damage":9,"enemies":"Colosseum Nobs","floor":22,"turns":5},{"damage":0,"enemies":"Cultist and Chosen","floor":25,"turns":4},{"damage":14,"enemies":"Snake Plant","floor":28,"turns":3},{"damage":0,"enemies":"Chosen and Byrds","floor":31,"turns":5},{"damage":25,"enemies":"Automaton","floor":33,"turns":10},{"damage":42,"enemies":"3 Darklings","floor":35,"turns":6},{"damage":22,"enemies":"3 Shapes","floor":37,"turns":5}],"seed_played":"-4291789559579673565","potions_obtained":[{"floor":1,"key":"Swift Potion"},{"floor":4,"key":"SteroidPotion"},{"floor":14,"key":"Poison Potion"},{"floor":18,"key":"Block Potion"},{"floor":22,"key":"Explosive Potion"},{"floor":28,"key":"FearPotion"},{"floor":35,"key":"LiquidBronze"}],"is_trial":false,"path_per_floor":["M","?","?","M","$","E","R","?","T","M","E","?","M","M","R","B",null,"M","?","M","$","?","$","R","M","T","?","M","?","$","M","R","B",null,"M","?","M"],"character_chosen":"THE_SILENT","items_purchased":["Juzu Bracelet","Noxious Fumes","Lantern","GhostInAJar","Bouncing Flask","Footwork","Leg Sweep","Backflip"],"campfire_rested":3,"item_purchase_floors":[5,21,21,21,23,23,30,30],"current_hp_per_floor":[59,48,48,48,48,48,48,48,48,48,11,27,17,16,35,5,51,28,28,26,26,4,4,23,23,23,23,9,15,15,15,36,11,57,15,15,0],"gold":159,"neow_bonus":"THREE_ENEMY_KILL","is_prod":false,"is_daily":false,"chose_seed":false,"campfire_upgraded":1,"win_rate":0,"timestamp":1551660402,"path_taken":["M","?","?","M","$","E","R","?","T","M","E","?","M","M","R","BOSS","M","?","M","$","?","$","R","M","T","?","M","?","?","M","R","BOSS","M","?","M"],"build_version":"2019-01-23","purchased_purges":0,"victory":false,"max_hp_per_floor":[66,66,66,66,66,66,66,66,66,66,66,66,66,66,66,66,66,66,66,66,66,66,66,66,66,66,66,66,72,72,72,72,72,72,72,72,72],"card_choices":[{"not_picked":["Setup","Dagger Spray"],"picked":"Deadly Poison","floor":1},{"not_picked":["Deflect","Bane"],"picked":"Terror","floor":4},{"not_picked":["Eviscerate","A Thousand Cuts"],"picked":"Dagger Throw","floor":6},{"not_picked":["Dagger Throw","Sucker Punch"],"picked":"Escape Plan","floor":10},{"not_picked":["Distraction","Flying Knee"],"picked":"Poisoned Stab","floor":11},{"not_picked":["Skewer","Dodge and Roll"],"picked":"Dash","floor":13},{"not_picked":["Outmaneuver","Quick Slash"],"picked":"PiercingWail","floor":14},{"not_picked":["Doppelganger","Storm of Steel"],"picked":"After Image","floor":16},{"not_picked":["Quick Slash","Slice","Masterful Stab+1"],"picked":"SKIP","floor":18},{"not_picked":["Bane","Distraction"],"picked":"Catalyst+1","floor":20},{"not_picked":["Dagger Throw","PiercingWail"],"picked":"Acrobatics+1","floor":22},{"not_picked":["PiercingWail","Accuracy"],"picked":"Doppelganger","floor":25},{"not_picked":["Endless Agony","Dodge and Roll"],"picked":"Backflip","floor":28},{"not_picked":["Backflip","Deflect"],"picked":"Predator","floor":31},{"not_picked":["A Thousand Cuts","Tools of the Trade"],"picked":"Envenom","floor":33},{"not_picked":["Choke","Sucker Punch","All Out Attack"],"picked":"SKIP","floor":35}],"player_experience":813690,"relics_obtained":[{"floor":6,"key":"Snake Skull"},{"floor":9,"key":"Ancient Tea Set"},{"floor":11,"key":"Bronze Scales"},{"floor":22,"key":"Girya"},{"floor":22,"key":"Darkstone Periapt"},{"floor":26,"key":"Ninja Scroll"}],"event_choices":[{"damage_healed":0,"gold_gain":75,"player_choice":"Gather Gold","damage_taken":11,"max_hp_gain":0,"max_hp_loss":0,"event_name":"World of Goop","floor":2,"gold_loss":0},{"damage_healed":0,"gold_gain":0,"player_choice":"Trade","damage_taken":0,"relics_obtained":["SsserpentHead"],"max_hp_gain":0,"max_hp_loss":0,"event_name":"FaceTrader","floor":3,"gold_loss":0},{"damage_healed":0,"gold_gain":0,"player_choice":"Ignored","damage_taken":0,"max_hp_gain":0,"max_hp_loss":0,"event_name":"Shining Light","floor":8,"gold_loss":0},{"damage_healed":16,"gold_gain":0,"player_choice":"Healed","damage_taken":0,"max_hp_gain":0,"max_hp_loss":0,"event_name":"The Cleric","floor":12,"gold_loss":35},{"damage_healed":0,"gold_gain":0,"player_choice":"Simplicity","damage_taken":0,"max_hp_gain":0,"max_hp_loss":0,"event_name":"Back to Basics","floor":19,"gold_loss":0,"cards_upgraded":["Defend_G","Defend_G","Defend_G","Defend_G","Defend_G","Strike_G","Strike_G","Strike_G","Strike_G","Strike_G"]},{"damage_healed":0,"gold_gain":0,"player_choice":"Fight","damage_taken":0,"max_hp_gain":0,"max_hp_loss":0,"event_name":"Colosseum","floor":22,"gold_loss":0},{"damage_healed":0,"gold_gain":0,"player_choice":"Fought Nobs","damage_taken":0,"max_hp_gain":0,"max_hp_loss":0,"event_name":"Colosseum","floor":22,"gold_loss":0},{"cards_removed":["Strike_G"],"damage_healed":0,"gold_gain":0,"player_choice":"Gave Gold","damage_taken":0,"max_hp_gain":0,"max_hp_loss":0,"event_name":"Beggar","floor":27,"gold_loss":75},{"damage_healed":0,"gold_gain":0,"player_choice":"Stole Relic","damage_taken":0,"relics_obtained":["Tingsha"],"max_hp_gain":0,"max_hp_loss":0,"event_name":"Addict","floor":29,"gold_loss":0,"cards_obtained":["Shame"]},{"cards_removed":["Dagger Throw"],"damage_healed":0,"gold_gain":0,"player_choice":"Removed Attack","damage_taken":0,"max_hp_gain":0,"max_hp_loss":0,"event_name":"Falling","floor":36,"gold_loss":0}],"is_beta":false,"boss_relics":[{"not_picked":["Lizard Tail","Busted Crown"],"picked":"Snecko Eye"},{"not_picked":["WristBlade","Pandora\u0027s Box"],"picked":"White Beast Statue"}],"items_purged_floors":[],"is_endless":false,"potions_floor_spawned":[1,4,14,18,22,22,28,31,35],"killed_by":"3 Shapes","ascension_level":16}