{"path_per_floor":["M","M","M","M","M","R","$","E","T","?","M","E","R","M","R","B",null,"M","M","$","?","M","R","E","?","T","R","M","R","?","E","R","B",null,"M","?","$","?","M","R","M","R","T","?","R","$","M","$","R","B"],"character_chosen":"IRONCLAD","items_purchased":["Uppercut","Deep Breath","Double Tap","Feel No Pain"],"gold_per_floor":[117,128,145,162,181,181,41,72,99,59,78,109,109,127,127,230,230,250,265,37,37,54,54,88,88,88,88,103,103,103,129,129,224,224,240,240,65,65,76,76,90,90,115,115,115,115,128,3,3,3],"floor_reached":51,"campfire_rested":2,"playtime":4304,"current_hp_per_floor":[44,49,54,59,37,37,37,49,49,49,55,44,44,50,50,40,80,72,76,76,76,70,70,75,59,59,59,56,56,56,49,80,22,80,80,80,80,80,67,67,68,80,80,80,80,80,80,80,80,54],"items_purged":["Strike_R","Writhe","Doubt"],"gold":3,"score":670,"play_id":"f2198361-738f-4b6d-a804-0009ce095137","local_time":"20180506041804","is_prod":false,"is_daily":false,"chose_seed":false,"is_ascension_mode":false,"campfire_upgraded":9,"timestamp":1525594684,"path_taken":["M","M","M","M","M","R","$","E","T","?","?","E","R","M","R","BOSS","M","M","$","?","M","R","E","?","T","R","M","R","?","E","R","BOSS","M","?","$","?","M","R","M","R","T","?","R","?","M","$","R","BOSS"],"build_version":"2018-05-03","seed_source_timestamp":363200733447980,"purchased_purges":3,"victory":true,"master_deck":["Strike_R","Strike_R","Strike_R","Strike_R","Defend_R","Defend_R","Defend_R+1","Defend_R+1","Bash","Barricade+1","Headbutt+1","True Grit+1","Metallicize+1","Armaments+1","Uppercut+1","Deep Breath+1","Fiend Fire+1","Body Slam","Seeing Red","Offering+1","Spot Weakness","Double Tap+1","Shrug It Off+1","Clothesline+1","Metallicize+1","Fiend Fire+1","Feel No Pain+1","Uppercut+1","True Grit+1","Battle Trance+1"],"max_hp_per_floor":[80,80,80,80,80,80,80,80,80,80,80,80,80,80,80,80,80,80,80,80,80,80,80,80,80,80,80,80,80,80,80,80,80,80,80,80,80,80,80,80,80,80,80,80,80,80,80,80,80,80],"relics":["Burning Blood","Matryoshka","Regal Pillow","Ancient Tea Set","Juzu Bracelet","Snecko Eye","Molten Egg 2","Enchiridion","Mummified Hand","Whetstone","War Paint","Cursed Key","Lantern"],"card_choices":[{"not_picked":["Fiend Fire","Exhume"],"picked":"Barricade","floor":0},{"not_picked":["Anger","Thunderclap"],"picked":"Headbutt","floor":1},{"not_picked":["Armaments","Anger"],"picked":"True Grit","floor":3},{"not_picked":["Searing Blow","Power Through"],"picked":"Metallicize","floor":4},{"not_picked":["True Grit","Thunderclap"],"picked":"Armaments","floor":5},{"not_picked":["Heavy Blade","Feel No Pain"],"picked":"Fiend Fire","floor":11},{"not_picked":["Combust","Havoc"],"picked":"Body Slam","floor":12},{"not_picked":["Clothesline","Havoc"],"picked":"Seeing Red","floor":14},{"not_picked":["Bludgeon","Limit Break"],"picked":"Offering","floor":16},{"not_picked":["Havoc","Rupture"],"picked":"Spot Weakness","floor":19},{"not_picked":["Heavy Blade","Corruption"],"picked":"Shrug It Off","floor":22},{"not_picked":["Seeing Red","Dropkick"],"picked":"Clothesline","floor":24},{"not_picked":["Hemokinesis","Iron Wave"],"picked":"Metallicize","floor":31},{"not_picked":["Immolate","Barricade"],"picked":"Fiend Fire","floor":33},{"not_picked":["Pummel","Rupture"],"picked":"Uppercut","floor":39},{"not_picked":["Pommel Strike","Body Slam"],"picked":"True Grit","floor":41},{"not_picked":["Body Slam","Ghostly Armor"],"picked":"Battle Trance","floor":47}],"player_experience":522322,"potions_floor_usage":[8,16,19,24,33,33],"damage_taken":[{"damage":2,"enemies":"Small Slimes","floor":1,"turns":4},{"damage":1,"enemies":"Cultist","floor":2,"turns":3},{"damage":1,"enemies":"Jaw Worm","floor":3,"turns":3},{"damage":1,"enemies":"Red Slaver","floor":4,"turns":5},{"damage":28,"enemies":"Exordium Thugs","floor":5,"turns":8},{"damage":9,"enemies":"3 Sentries","floor":8,"turns":12},{"damage":0,"enemies":"Large Slime","floor":11,"turns":10},{"damage":17,"enemies":"Lagavulin","floor":12,"turns":7},{"damage":0,"enemies":"Gremlin Gang","floor":14,"turns":5},{"damage":16,"enemies":"Slime Boss","floor":16,"turns":10},{"damage":14,"enemies":"Shell Parasite","floor":18,"turns":3},{"damage":2,"enemies":"Chosen","floor":19,"turns":5},{"damage":12,"enemies":"Snake Plant","floor":22,"turns":3},{"damage":4,"enemies":"Gremlin Leader","floor":24,"turns":2},{"damage":9,"enemies":"Chosen and Byrds","floor":28,"turns":4},{"damage":13,"enemies":"Slavers","floor":31,"turns":4},{"damage":76,"enemies":"Collector","floor":33,"turns":11},{"damage":0,"enemies":"Orb Walker","floor":35,"turns":3},{"damage":19,"enemies":"3 Shapes","floor":39,"turns":3},{"damage":5,"enemies":"3 Darklings","floor":41,"turns":5},{"damage":0,"enemies":"4 Shapes","floor":47,"turns":6},{"damage":32,"enemies":"Time Eater","floor":50,"turns":12}],"event_choices":[{"event_name":"The Woman in Blue","player_choice":"Bought 3 Potions","floor":10,"damage_taken":0},{"event_name":"Beggar","player_choice":"Ignored","floor":21,"damage_taken":0},{"event_name":"Cursed Tome","player_choice":"Obtained Book","floor":25,"damage_taken":0},{"event_name":"Drug Dealer","player_choice":"Ignored","floor":30,"damage_taken":0},{"event_name":"Winding Halls","player_choice":"Writhe","floor":36,"damage_taken":0},{"event_name":"Upgrade Shrine","player_choice":"Upgraded","floor":38,"damage_taken":0},{"event_name":"Tomb of Lord Red Mask","player_choice":"Ignored","floor":44,"damage_taken":0}],"boss_relics":[{"not_picked":["Ectoplasm","Lizard Tail"],"picked":"Snecko Eye"},{"not_picked":["Black Blood","Runic Dome"],"picked":"Cursed Key"}],"potions_floor_spawned":[2,11,16,18,19,22,33,39,47],"seed_played":"-6107796853191105875","ascension_level":0,"is_trial":false}