{"gold_per_floor":[115,132,145,12,28,359,369,430,453,453,469,486,486,35,35,130,130,145,162,162,36,54,66,93,93],"floor_reached":25,"playtime":2411,"items_purged":["Regret"],"score":299,"play_id":"b82f2be1-bdd6-4212-a32d-5ece7c5c616d","local_time":"20190129230331","is_ascension_mode":true,"campfire_choices":[{"data":"Prepared","floor":13,"key":"SMITH"},{"data":"Survivor","floor":15,"key":"SMITH"}],"neow_cost":"NONE","seed_source_timestamp":1426407179731022,"circlet_count":0,"master_deck":["Defend_G","Defend_G","Defend_G","Defend_G","Defend_G","Strike_G","Strike_G","Strike_G","Strike_G","Strike_G","Survivor+1","Neutralize","Poisoned Stab","Slice","Prepared+1","Bouncing Flask","Flash of Steel","Dash","Venomology","Deflect","Outmaneuver","Wraith Form v2","Outmaneuver","Poisoned Stab","All Out Attack","Prepared","Eviscerate","Bandage Up","Corpse Explosion","Prepared","Flying Knee","Decay","Acrobatics+1","Dramatic Entrance","Prepared+1","Skewer","Escape Plan+1"],"relics":["Ring of the Snake","NeowsBlessing","Old Coin","Tiny Chest","Strawberry","Sling","Cursed Key","Toxic Egg 2","Regal Pillow"],"potions_floor_usage":[8,8,8,16,16,16,19,22,23,24,25],"damage_taken":[{"damage":0,"enemies":"Jaw Worm","floor":1,"turns":1},{"damage":0,"enemies":"Cultist","floor":2,"turns":1},{"damage":0,"enemies":"Small Slimes","floor":3,"turns":1},{"damage":3,"enemies":"3 Louse","floor":5,"turns":4},{"damage":23,"enemies":"Lagavulin","floor":6,"turns":6},{"damage":5,"enemies":"Looter","floor":7,"turns":3},{"damage":5,"enemies":"3 Sentries","floor":8,"turns":4},{"damage":1,"enemies":"Exordium Wildlife","floor":11,"turns":3},{"damage":15,"enemies":"2 Fungi Beasts","floor":12,"turns":4},{"damage":27,"enemies":"The Guardian","floor":16,"turns":10},{"damage":12,"enemies":"Shell Parasite","floor":18,"turns":5},{"damage":0,"enemies":"Chosen","floor":19,"turns":4},{"damage":35,"enemies":"Centurion and Healer","floor":22,"turns":8},{"damage":22,"enemies":"Shelled Parasite and Fungi","floor":23,"turns":7},{"damage":22,"enemies":"Slavers","floor":24,"turns":5},{"damage":15,"enemies":"Chosen and Byrds","floor":25,"turns":5}],"seed_played":"5520061424188868530","potions_obtained":[{"floor":1,"key":"Explosive Potion"},{"floor":5,"key":"Strength Potion"},{"floor":6,"key":"Swift Potion"},{"floor":11,"key":"Explosive Potion"},{"floor":18,"key":"Explosive Potion"}],"is_trial":false,"path_per_floor":["M","M","M","$","M","E","M","E","T","?","M","M","R","$","R","B",null,"M","M","T","$","M","M","E","M"],"character_chosen":"THE_SILENT","items_purchased":["Bouncing Flask","Flash of Steel","Prepared","Eviscerate","Bandage Up","Sling","Acrobatics+1","Dramatic Entrance"],"campfire_rested":0,"item_purchase_floors":[4,4,14,14,14,14,21,21],"current_hp_per_floor":[70,70,70,70,67,44,39,34,41,41,40,25,25,25,25,14,77,69,69,69,69,38,20,2,0],"gold":93,"neow_bonus":"THREE_ENEMY_KILL","is_prod":false,"is_daily":false,"chose_seed":false,"campfire_upgraded":2,"win_rate":0,"timestamp":1548799411,"path_taken":["M","M","M","$","M","E","M","E","T","?","M","M","R","$","R","BOSS","M","M","?","$","M","M","E","M"],"build_version":"2019-01-23","purchased_purges":1,"victory":false,"max_hp_per_floor":[70,70,70,70,70,70,70,70,77,77,77,77,77,77,77,77,77,77,77,77,77,77,77,77,77],"card_choices":[{"not_picked":["Cloak And Dagger","Prepared"],"picked":"Poisoned Stab","floor":1},{"not_picked":["Finisher","Escape Plan"],"picked":"Slice","floor":2},{"not_picked":["Deflect","Cloak And Dagger"],"picked":"Prepared","floor":3},{"not_picked":["Dagger Spray","Eviscerate"],"picked":"Dash","floor":5},{"not_picked":["Underhanded Strike","Calculated Gamble"],"picked":"Venomology","floor":6},{"not_picked":["Terror","Leg Sweep"],"picked":"Deflect","floor":7},{"not_picked":["Dagger Throw","Quick Slash"],"picked":"Outmaneuver","floor":8},{"not_picked":["Backstab","Cloak And Dagger"],"picked":"Poisoned Stab","floor":11},{"not_picked":["Sucker Punch","Predator"],"picked":"All Out Attack","floor":12},{"not_picked":["Glass Knife","A Thousand Cuts"],"picked":"Corpse Explosion","floor":16},{"not_picked":["Deadly Poison","Dodge and Roll"],"picked":"Prepared","floor":18},{"not_picked":["Accuracy","Outmaneuver"],"picked":"Flying Knee","floor":19},{"not_picked":["Choke","Glass Knife"],"picked":"Prepared+1","floor":22},{"not_picked":["Well Laid Plans","Footwork"],"picked":"Skewer","floor":23},{"not_picked":["Dodge and Roll+1","Quick Slash+1"],"picked":"Escape Plan+1","floor":24}],"player_experience":89110,"relics_obtained":[{"floor":6,"key":"Old Coin"},{"floor":8,"key":"Tiny Chest"},{"floor":9,"key":"Strawberry"},{"floor":20,"key":"Toxic Egg 2"},{"floor":24,"key":"Regal Pillow"}],"event_choices":[{"damage_healed":0,"gold_gain":0,"player_choice":"3 cards matched","damage_taken":0,"max_hp_gain":0,"max_hp_loss":0,"event_name":"Match and Keep!","floor":10,"gold_loss":0,"cards_obtained":["Regret","Wraith Form v2","Outmaneuver"]},{"damage_healed":0,"gold_gain":0,"player_choice":"3 cards matched","damage_taken":0,"max_hp_gain":0,"max_hp_loss":0,"event_name":"Match and Keep!","floor":10,"gold_loss":0,"cards_obtained":["Regret","Wraith Form v2","Outmaneuver"]}],"is_beta":false,"boss_relics":[{"not_picked":["Tiny House","Calling Bell"],"picked":"Cursed Key"}],"items_purged_floors":[14],"is_endless":false,"potions_floor_spawned":[1,5,6,7,11,18],"killed_by":"Chosen and Byrds","ascension_level":1}