{"path_per_floor":["M","M","$","M","M","E","M","T","T","R","E","R","E","$","R","B",null,"M","M","$"],"character_chosen":"THE_SILENT","items_purchased":["Underhanded Strike","Adrenaline","Bandage Up"],"gold_per_floor":[114,132,34,45,59,85,97,97,124,124,185,185,213,50,50,147,147,159,171,70,70],"floor_reached":21,"campfire_rested":1,"playtime":2191,"current_hp_per_floor":[63,63,63,63,53,34,32,32,32,53,48,48,48,48,48,15,56,56,38,38,0],"items_purged":["Strike_G"],"gold":70,"score":314,"play_id":"999a7c67-f7b4-4b7b-a51b-a302c792fc71","local_time":"20180504170646","is_prod":false,"is_daily":false,"chose_seed":false,"is_ascension_mode":true,"campfire_upgraded":2,"timestamp":1525468006,"path_taken":["M","M","?","M","M","E","?","?","T","R","E","R","E","$","R","BOSS","M","?","$","M"],"build_version":"2018-05-03","seed_source_timestamp":238595519689307,"purchased_purges":2,"victory":false,"master_deck":["Defend_G","Defend_G","Defend_G","Defend_G","Defend_G","Strike_G+1","Strike_G","Strike_G","Strike_G","Survivor","Neutralize+1","Cloak And Dagger+1","PiercingWail","Underhanded Strike+1","Tools of the Trade","Malaise","Accuracy","Calculated Gamble","Adrenaline","Envenom","Terror+1","Bandage Up"],"max_hp_per_floor":[70,70,70,70,70,70,70,70,70,70,70,70,70,70,70,70,70,70,70,70,70],"relics":["Black Star","Sundial","Calipers","Centennial Puzzle","Whetstone","Ancient Tea Set","Tiny Chest","Paper Crane","Matryoshka","Philosopher\u0027s Stone"],"card_choices":[{"not_picked":["PiercingWail","Poisoned Stab"],"picked":"Cloak And Dagger","floor":1},{"not_picked":["Acrobatics","Skewer"],"picked":"PiercingWail","floor":2},{"not_picked":["Concentrate","PiercingWail"],"picked":"Tools of the Trade","floor":4},{"not_picked":["Bane","Acrobatics"],"picked":"Malaise","floor":6},{"not_picked":["Blade Dance","Deadly Poison"],"picked":"Accuracy","floor":11},{"not_picked":["Dagger Throw","Tools of the Trade"],"picked":"Calculated Gamble","floor":13},{"not_picked":["Doppelganger","Glass Knife"],"picked":"Envenom","floor":16},{"not_picked":["Outmaneuver","Skewer"],"picked":"Terror","floor":19}],"player_experience":462877,"potions_floor_usage":[5,6,6,11,16],"damage_taken":[{"damage":0,"enemies":"Cultist","floor":1,"turns":4},{"damage":0,"enemies":"Small Slimes","floor":2,"turns":4},{"damage":0,"enemies":"2 Louse","floor":4,"turns":3},{"damage":10,"enemies":"Large Slime","floor":5,"turns":10},{"damage":34,"enemies":"Lagavulin","floor":6,"turns":9},{"damage":2,"enemies":"Blue Slaver","floor":7,"turns":6},{"damage":5,"enemies":"3 Sentries","floor":11,"turns":7},{"damage":0,"enemies":"Lagavulin","floor":13,"turns":10},{"damage":33,"enemies":"Slime Boss","floor":16,"turns":15},{"damage":0,"enemies":"3 Byrds","floor":18,"turns":6},{"damage":18,"enemies":"2 Thieves","floor":19,"turns":5},{"damage":42,"enemies":"Cultist and Chosen","floor":21,"turns":5}],"event_choices":[],"boss_relics":[{"not_picked":["Orrery","Runic Pyramid"],"picked":"Philosopher\u0027s Stone"}],"potions_floor_spawned":[2,4,5,6,11],"seed_played":"138910442895019805","killed_by":"Cultist and Chosen","ascension_level":8,"is_trial":false}