{"gold_per_floor":[117,117,128,148,158,158,185,31,31,44,44,62,62,82,82,82],"floor_reached":16,"playtime":902,"items_purged":[],"score":130,"play_id":"8f071883-b264-4f4f-aeda-c5284dae62c9","local_time":"20180811021933","is_ascension_mode":true,"campfire_choices":[{"data":"Double Tap","floor":6,"key":"SMITH"},{"floor":13,"key":"REST"},{"data":"Armaments","floor":15,"key":"SMITH"}],"neow_cost":"NONE","seed_source_timestamp":288565940737074,"circlet_count":0,"master_deck":["Strike_R","Strike_R","Strike_R","Strike_R+1","Strike_R","Defend_R","Defend_R","Defend_R","Defend_R","Bash","Double Tap+1","Iron Wave","Clothesline","Feel No Pain","Offering","Rupture","Hemokinesis+1","Shrug It Off","Cleave","Armaments+1"],"relics":["Burning Blood","Darkstone Periapt","Ice Cream","Calipers"],"potions_floor_usage":[7,16],"damage_taken":[{"damage":8,"enemies":"Small Slimes","floor":1,"turns":4},{"damage":9,"enemies":"2 Louse","floor":3,"turns":5},{"damage":1,"enemies":"Cultist","floor":4,"turns":3},{"damage":8,"enemies":"Blue Slaver","floor":5,"turns":4},{"damage":10,"enemies":"Lagavulin","floor":7,"turns":4},{"damage":14,"enemies":"Looter","floor":10,"turns":3},{"damage":21,"enemies":"Exordium Thugs","floor":12,"turns":5},{"damage":12,"enemies":"Lots of Slimes","floor":14,"turns":4},{"damage":40,"enemies":"Hexaghost","floor":16,"turns":11}],"seed_played":"-2624196161803880334","potions_obtained":[{"floor":3,"key":"AttackPotion"},{"floor":10,"key":"SpeedPotion"}],"is_trial":false,"path_per_floor":["M","?","M","M","M","R","E","$","T","M","?","M","R","M","R"],"character_chosen":"IRONCLAD","items_purchased":["Rupture","Hemokinesis"],"campfire_rested":1,"item_purchase_floors":[8,8],"current_hp_per_floor":[78,60,57,62,60,60,56,56,56,48,32,17,41,35,35,0],"gold":82,"neow_bonus":"ONE_RANDOM_RARE_CARD","is_prod":false,"is_daily":false,"chose_seed":false,"campfire_upgraded":2,"win_rate":0,"timestamp":1533943173,"path_taken":["M","?","M","M","?","R","E","$","T","M","?","?","R","?","R","BOSS"],"build_version":"2018-08-09","purchased_purges":0,"victory":false,"max_hp_per_floor":[80,80,80,80,80,80,80,80,80,80,80,80,80,80,80,80],"card_choices":[{"not_picked":["Havoc","Thunderclap"],"picked":"Iron Wave","floor":1},{"not_picked":["Perfected Strike","Warcry","Twin Strike"],"picked":"SKIP","floor":3},{"not_picked":["Rage","Body Slam"],"picked":"Clothesline","floor":4},{"not_picked":["Corruption","Shrug It Off"],"picked":"Feel No Pain","floor":5},{"not_picked":["Sword Boomerang","Warcry"],"picked":"Offering","floor":7},{"not_picked":["Clash","Battle Trance"],"picked":"Shrug It Off","floor":10},{"not_picked":["Anger","Body Slam"],"picked":"Cleave","floor":12},{"not_picked":["Bloodletting","Power Through"],"picked":"Armaments","floor":14}],"player_experience":209999,"relics_obtained":[{"floor":7,"key":"Ice Cream"},{"floor":9,"key":"Calipers"}],"event_choices":[{"event_name":"Scrap Ooze","player_choice":"success","floor":2,"damage_taken":18},{"event_name":"Shining Light","player_choice":"Entered Light","floor":11,"damage_taken":0}],"is_beta":false,"boss_relics":[],"items_purged_floors":[],"is_endless":false,"potions_floor_spawned":[3,10],"killed_by":"Hexaghost","ascension_level":5}