{"gold_per_floor":[110,110,260,270,186,214,214,244,244,244,319,284,284,79,79,156,156,174,174,184,84,100,127,127,157,183,183,183,208,220,19,19,98,98,117,137,148,148,148,148,148,162,240,240,256,256],"floor_reached":46,"playtime":5087,"items_purged":["Doubt","Strike_G","Strike_G"],"score":873,"play_id":"36e040e2-7d01-40d3-8c4c-9d6c2114dad7","local_time":"20190303215648","is_ascension_mode":true,"campfire_choices":[{"data":"Footwork","floor":7,"key":"SMITH"},{"data":"Dash","floor":10,"key":"SMITH"},{"data":"Backflip","floor":13,"key":"SMITH"},{"data":"Unload","floor":15,"key":"SMITH"},{"floor":24,"key":"REST"},{"floor":27,"key":"REST"},{"data":"Cloak And Dagger","floor":30,"key":"SMITH"},{"data":"Leg Sweep","floor":32,"key":"SMITH"},{"data":"Accuracy","floor":40,"key":"SMITH"}],"neow_cost":"NONE","seed_source_timestamp":91257018226575,"circlet_count":0,"master_deck":["AscendersBane","Defend_G","Defend_G","Defend_G","Defend_G","Defend_G","Strike_G+1","Strike_G+1","Survivor","Neutralize+1","Dash+1","Footwork+1","Escape Plan","Backflip+1","Dagger Throw","Unload+1","Tools of the Trade","Deadly Poison+1","Cloak And Dagger+1","Burst","Escape Plan","Wraith Form v2","Leg Sweep+1","Corpse Explosion","Cloak And Dagger+1","Dodge and Roll+1","PiercingWail+1","Accuracy+1","Writhe","Deflect+1"],"relics":["Philosopher\u0027s Stone","Incense Burner","Matryoshka","Whetstone","Sozu","Unceasing Top","Red Mask","Molten Egg 2","Snake Skull","MutagenicStrength","MawBank","Orrery","The Courier"],"potions_floor_usage":[8,16],"damage_taken":[{"damage":0,"enemies":"2 Louse","floor":1,"turns":4},{"damage":0,"enemies":"Small Slimes","floor":4,"turns":5},{"damage":15,"enemies":"3 Sentries","floor":6,"turns":13},{"damage":26,"enemies":"Gremlin Nob","floor":8,"turns":9},{"damage":17,"enemies":"The Guardian","floor":16,"turns":14},{"damage":2,"enemies":"Shell Parasite","floor":18,"turns":4},{"damage":16,"enemies":"3 Byrds","floor":20,"turns":6},{"damage":0,"enemies":"3 Cultists","floor":22,"turns":7},{"damage":23,"enemies":"Slavers","floor":23,"turns":6},{"damage":15,"enemies":"Masked Bandits","floor":25,"turns":7},{"damage":0,"enemies":"Gremlin Leader","floor":29,"turns":7},{"damage":19,"enemies":"Collector","floor":33,"turns":14},{"damage":5,"enemies":"3 Darklings","floor":35,"turns":5},{"damage":3,"enemies":"3 Shapes","floor":36,"turns":6},{"damage":20,"enemies":"Maw","floor":37,"turns":9},{"damage":0,"enemies":"Jaw Worm Horde","floor":42,"turns":6},{"damage":1,"enemies":"4 Shapes","floor":45,"turns":6},{"damage":37,"enemies":"Spire Growth","floor":46,"turns":6}],"seed_played":"4854367932092930053","potions_obtained":[{"floor":1,"key":"Weak Potion"}],"is_trial":false,"path_per_floor":["M","?","?","M","$","E","R","E","T","R","?","?","R","$","R","B",null,"M","?","M","$","M","E","R","?","T","R","?","E","R","$","R","B",null,"M","M","M","?","?","R","$","M","T","?","M","M"],"character_chosen":"THE_SILENT","items_purchased":["Escape Plan","Dexterity Potion","Unload","Leg Sweep"],"campfire_rested":2,"item_purchase_floors":[5,14,14,31],"current_hp_per_floor":[59,59,59,59,59,44,44,18,18,18,7,23,23,23,23,6,51,49,49,33,33,33,10,29,14,14,33,33,33,33,33,33,14,53,48,45,25,38,38,38,38,38,38,38,37,0],"gold":256,"neow_bonus":"BOSS_RELIC","is_prod":false,"is_daily":false,"chose_seed":false,"campfire_upgraded":7,"win_rate":0,"timestamp":1551668208,"path_taken":["M","?","?","M","$","E","R","E","T","R","?","?","R","$","R","BOSS","M","?","?","?","M","E","R","?","T","R","?","E","R","$","R","BOSS","M","M","M","?","?","R","$","M","T","?","M","M"],"build_version":"2019-01-23","purchased_purges":3,"victory":false,"max_hp_per_floor":[66,66,66,66,66,66,66,66,66,66,66,66,66,66,66,66,66,66,66,66,66,66,66,66,66,66,66,66,66,66,66,66,66,66,66,66,66,66,66,66,66,66,66,66,66,66],"card_choices":[{"not_picked":["Slice","Riddle With Holes"],"picked":"Dash","floor":1},{"not_picked":["Flying Knee","Backflip"],"picked":"Footwork","floor":4},{"not_picked":["Sucker Punch","Poisoned Stab"],"picked":"Backflip","floor":6},{"not_picked":["Tactician","Setup"],"picked":"Dagger Throw","floor":8},{"not_picked":["Venomology","Phantasmal Killer"],"picked":"Tools of the Trade","floor":16},{"not_picked":["Heel Hook","Accuracy"],"picked":"Deadly Poison+1","floor":18},{"not_picked":["Blur","Endless Agony+1"],"picked":"Cloak And Dagger","floor":20},{"not_picked":["Flying Knee+1","Dodge and Roll"],"picked":"Skewer","floor":22},{"not_picked":["Deadly Poison","Endless Agony"],"picked":"Burst","floor":23},{"not_picked":["Slice","Dagger Throw"],"picked":"Escape Plan","floor":25},{"not_picked":["Concentrate","Cloak And Dagger"],"picked":"Wraith Form v2","floor":29},{"not_picked":["Doppelganger","Storm of Steel"],"picked":"Corpse Explosion","floor":33},{"not_picked":["Flechettes+1","Deadly Poison"],"picked":"Cloak And Dagger+1","floor":34},{"not_picked":["Deflect","Quick Slash+1"],"picked":"Dodge and Roll+1","floor":34},{"not_picked":["Setup","All Out Attack+1"],"picked":"PiercingWail+1","floor":34},{"not_picked":["Flying Knee+1","Endless Agony+1","Dodge and Roll"],"picked":"SKIP","floor":35},{"not_picked":["PiercingWail","Endless Agony+1"],"picked":"Accuracy","floor":36},{"not_picked":["Dagger Spray+1","Deadly Poison","Slice+1"],"picked":"SKIP","floor":37},{"not_picked":["PiercingWail","Die Die Die+1","Endless Agony+1"],"picked":"SKIP","floor":42},{"not_picked":["PiercingWail+1","Accuracy"],"picked":"Deflect+1","floor":45}],"player_experience":825899,"relics_obtained":[{"floor":6,"key":"Incense Burner"},{"floor":8,"key":"Matryoshka"},{"floor":9,"key":"Whetstone"},{"floor":23,"key":"Unceasing Top"},{"floor":25,"key":"Red Mask"},{"floor":26,"key":"Molten Egg 2"},{"floor":26,"key":"Snake Skull"},{"floor":29,"key":"MawBank"},{"floor":43,"key":"The Courier"}],"event_choices":[{"damage_healed":0,"gold_gain":0,"player_choice":"Grow","damage_taken":0,"max_hp_gain":0,"max_hp_loss":0,"event_name":"Living Wall","floor":2,"gold_loss":0,"cards_upgraded":["Neutralize"]},{"damage_healed":0,"gold_gain":150,"player_choice":"AGREE","damage_taken":0,"max_hp_gain":0,"max_hp_loss":0,"event_name":"Liars Game","floor":3,"gold_loss":0,"cards_obtained":["Doubt"]},{"damage_healed":0,"gold_gain":75,"player_choice":"Gather Gold","damage_taken":11,"max_hp_gain":0,"max_hp_loss":0,"event_name":"World of Goop","floor":11,"gold_loss":0},{"damage_healed":16,"gold_gain":0,"player_choice":"Healed","damage_taken":0,"max_hp_gain":0,"max_hp_loss":0,"event_name":"The Cleric","floor":12,"gold_loss":35},{"cards_removed":["Strike_G"],"damage_healed":0,"gold_gain":0,"player_choice":"Purged","damage_taken":0,"max_hp_gain":0,"max_hp_loss":0,"event_name":"Purifier","floor":19,"gold_loss":0},{"damage_healed":0,"gold_gain":0,"player_choice":"Fought Bandits","damage_taken":0,"max_hp_gain":0,"max_hp_loss":0,"event_name":"Masked Bandits","floor":25,"gold_loss":0},{"damage_healed":0,"gold_gain":0,"player_choice":"Inject Mutagens","damage_taken":0,"relics_obtained":["MutagenicStrength"],"max_hp_gain":0,"max_hp_loss":0,"event_name":"Drug Dealer","floor":28,"gold_loss":0},{"damage_healed":13,"gold_gain":0,"player_choice":"Writhe","damage_taken":0,"max_hp_gain":0,"max_hp_loss":0,"event_name":"Winding Halls","floor":38,"gold_loss":0,"cards_obtained":["Writhe"]},{"damage_healed":0,"gold_gain":0,"player_choice":"Ignored","damage_taken":0,"max_hp_gain":0,"max_hp_loss":0,"event_name":"Mysterious Sphere","floor":39,"gold_loss":0},{"cards_removed":["Skewer"],"damage_healed":0,"gold_gain":0,"player_choice":"Removed Attack","damage_taken":0,"max_hp_gain":0,"max_hp_loss":0,"event_name":"Falling","floor":44,"gold_loss":0}],"is_beta":false,"boss_relics":[{"not_picked":["Fusion Hammer","Empty Cage"],"picked":"Sozu"},{"not_picked":["Coffee Dripper","Pandora\u0027s Box"],"picked":"Orrery"}],"items_purged_floors":[14,21,31],"is_endless":false,"potions_floor_spawned":[1,22,29,33,37,45],"killed_by":"Spire Growth","ascension_level":16}