{"gold_per_floor":[366,376,388,407,175,175,185,195,195,229,229,129,159,179,179,278,278,295,285,285,285,299,299,333,333,633,649,849,849],"floor_reached":29,"playtime":3738,"items_purged":["Strike_R","Decay"],"score":307,"play_id":"e717a16f-52f7-41e2-9f75-4d6e64db7100","local_time":"20190223051305","is_ascension_mode":false,"campfire_choices":[{"data":"Uppercut","floor":6,"key":"SMITH"},{"data":"Feed","floor":15,"key":"SMITH"},{"data":"Combust","floor":23,"key":"SMITH"},{"floor":25,"key":"REST"}],"neow_cost":"PERCENT_DAMAGE","seed_source_timestamp":39836170684334,"circlet_count":0,"master_deck":["Strike_R","Strike_R","Defend_R","Defend_R","Defend_R","Defend_R","Bash","Combust+1","Iron Wave","Pommel Strike","Uppercut+1","Inflame","Metallicize","Feed+1","Ghostly Armor","Offering","Rupture","Warcry+1","Anger","Rampage","Shockwave","Shockwave+1","Havoc+1"],"relics":["Burning Blood","Centennial Puzzle","Self Forming Clay","Juzu Bracelet","Black Star","Question Card","Bottled Tornado","Old Coin"],"potions_floor_usage":[3,7,14,29],"damage_taken":[{"damage":1,"enemies":"Cultist","floor":1,"turns":4},{"damage":0,"enemies":"Small Slimes","floor":2,"turns":4},{"damage":3,"enemies":"2 Louse","floor":3,"turns":2},{"damage":3,"enemies":"Looter","floor":4,"turns":4},{"damage":8,"enemies":"Lots of Slimes","floor":7,"turns":4},{"damage":2,"enemies":"Blue Slaver","floor":8,"turns":4},{"damage":7,"enemies":"Gremlin Nob","floor":10,"turns":4},{"damage":11,"enemies":"Lagavulin","floor":13,"turns":6},{"damage":13,"enemies":"Large Slime","floor":14,"turns":6},{"damage":37,"enemies":"Slime Boss","floor":16,"turns":9},{"damage":22,"enemies":"3 Byrds","floor":18,"turns":6},{"damage":16,"enemies":"2 Thieves","floor":19,"turns":4},{"damage":24,"enemies":"Centurion and Healer","floor":22,"turns":7},{"damage":43,"enemies":"Gremlin Leader","floor":24,"turns":7},{"damage":26,"enemies":"Cultist and Chosen","floor":27,"turns":7},{"damage":29,"enemies":"Book of Stabbing","floor":29,"turns":4}],"seed_played":"5585911353811856850","potions_obtained":[{"floor":1,"key":"Fire Potion"},{"floor":4,"key":"Ancient Potion"},{"floor":7,"key":"Fruit Juice"},{"floor":13,"key":"AttackPotion"},{"floor":16,"key":"Fire Potion"},{"floor":22,"key":"Ancient Potion"}],"is_trial":false,"path_per_floor":["M","M","M","M","$","R","M","M","T","E","?","$","E","M","R","B",null,"M","M","?","?","M","R","E","R","T","M","?","E"],"character_chosen":"IRONCLAD","items_purchased":["Uppercut","Inflame"],"campfire_rested":1,"item_purchase_floors":[5,5],"current_hp_per_floor":[61,67,70,73,73,73,76,80,80,79,79,79,74,70,70,43,92,76,66,66,66,52,52,15,43,43,27,27,0],"gold":849,"neow_bonus":"TWO_FIFTY_GOLD","is_prod":false,"is_daily":false,"chose_seed":false,"campfire_upgraded":3,"win_rate":0,"timestamp":1550891585,"path_taken":["M","M","M","?","$","R","M","M","T","E","?","$","E","M","R","BOSS","M","M","?","?","M","R","E","R","T","M","?","E"],"build_version":"2019-01-23","purchased_purges":2,"victory":false,"max_hp_per_floor":[80,80,80,80,80,80,85,85,85,85,85,85,85,88,88,92,92,92,92,92,92,96,96,96,96,96,100,100,100],"card_choices":[{"not_picked":["Twin Strike","Perfected Strike"],"picked":"Combust","floor":1},{"not_picked":["Feel No Pain","Flex","Cleave"],"picked":"SKIP","floor":2},{"not_picked":["Sever Soul","Perfected Strike"],"picked":"Iron Wave","floor":3},{"not_picked":["Twin Strike","Fire Breathing"],"picked":"Pommel Strike","floor":4},{"not_picked":["Combust","Iron Wave"],"picked":"Metallicize","floor":7},{"not_picked":["Warcry","Perfected Strike","Flex"],"picked":"SKIP","floor":8},{"not_picked":["Flex","Intimidate"],"picked":"Feed","floor":10},{"not_picked":["Clash","Wild Strike","Sword Boomerang"],"picked":"SKIP","floor":13},{"not_picked":["Twin Strike","Flex"],"picked":"Ghostly Armor","floor":14},{"not_picked":["Juggernaut","Immolate"],"picked":"Offering","floor":16},{"not_picked":["Clothesline","Twin Strike"],"picked":"Rupture","floor":18},{"not_picked":["Headbutt+1","Wild Strike"],"picked":"Warcry+1","floor":19},{"not_picked":["Clash","Wild Strike"],"picked":"Shockwave","floor":22},{"not_picked":["Body Slam","Brutality"],"picked":"Shockwave+1","floor":24},{"not_picked":["Blood for Blood","Wild Strike","Rupture"],"picked":"Havoc+1","floor":27}],"player_experience":492677,"relics_obtained":[{"floor":9,"key":"Centennial Puzzle"},{"floor":10,"key":"Self Forming Clay"},{"floor":13,"key":"Juzu Bracelet"},{"floor":24,"key":"Question Card"},{"floor":24,"key":"Bottled Tornado"},{"floor":26,"key":"Old Coin"}],"event_choices":[{"damage_healed":0,"gold_gain":0,"player_choice":"Cursed","damage_taken":0,"max_hp_gain":0,"max_hp_loss":0,"event_name":"Wheel of Change","floor":11,"gold_loss":0,"cards_obtained":["Decay"]},{"damage_healed":0,"gold_gain":0,"cards_transformed":["Strike_R","Strike_R"],"player_choice":"Became Test Subject","damage_taken":0,"max_hp_gain":0,"max_hp_loss":0,"event_name":"Drug Dealer","floor":20,"gold_loss":0,"cards_obtained":["Anger","Rampage"]},{"damage_healed":0,"gold_gain":0,"player_choice":"Ignored","damage_taken":0,"max_hp_gain":0,"max_hp_loss":0,"event_name":"The Mausoleum","floor":21,"gold_loss":0},{"damage_healed":0,"gold_gain":200,"player_choice":"Gold","damage_taken":0,"max_hp_gain":0,"max_hp_loss":0,"event_name":"Wheel of Change","floor":28,"gold_loss":0}],"is_beta":false,"boss_relics":[{"not_picked":["White Beast Statue","Runic Dome"],"picked":"Black Star"}],"items_purged_floors":[5,12],"is_endless":false,"potions_floor_spawned":[1,4,7,13,16,22,27],"killed_by":"Book of Stabbing","ascension_level":0}