{"gold_per_floor":[117,127,127,142,159,159,185,205,232,232,245,245,257,222,222,297,297,310,360,39,56,74,74,89,89,113,125,152,152,164,190,190,269,269,288,288,299,314,314,314],"floor_reached":40,"playtime":2644,"items_purged":[],"score":803,"play_id":"0e947821-1562-4e61-a974-0dde6566171a","local_time":"20190303153834","is_ascension_mode":true,"campfire_choices":[{"data":"Footwork","floor":6,"key":"SMITH"},{"floor":10,"key":"REST"},{"data":"Footwork","floor":12,"key":"SMITH"},{"data":"Footwork","floor":15,"key":"SMITH"},{"data":"Caltrops","floor":23,"key":"SMITH"},{"data":"Corpse Explosion","floor":25,"key":"SMITH"},{"floor":29,"key":"REST"},{"data":"Deadly Poison","floor":32,"key":"SMITH"}],"neow_cost":"PERCENT_DAMAGE","seed_source_timestamp":71004263981931,"circlet_count":0,"master_deck":["AscendersBane","Defend_G","Defend_G","Defend_G","Defend_G","Defend_G","Strike_G","Strike_G","Strike_G","Strike_G","Strike_G","Survivor","Neutralize","After Image","Footwork+1","Sucker Punch","Poisoned Stab","Dodge and Roll","Footwork+1","Footwork+1","Flying Knee","Dagger Spray","After Image","Caltrops+1","Well Laid Plans","Backflip","Dagger Spray+1","PiercingWail","Corpse Explosion+1","Dodge and Roll+1","Acrobatics","Deadly Poison+1","Cloak And Dagger","Glass Knife","Bouncing Flask","Madness","Madness","Catalyst"],"relics":["Ring of the Snake","Ninja Scroll","Centennial Puzzle","Sozu","Frozen Eye","Regal Pillow","Ancient Tea Set","Black Star"],"potions_floor_usage":[5,11,16,18,28],"damage_taken":[{"damage":0,"enemies":"Jaw Worm","floor":1,"turns":6},{"damage":0,"enemies":"Small Slimes","floor":2,"turns":5},{"damage":0,"enemies":"2 Louse","floor":4,"turns":5},{"damage":6,"enemies":"Exordium Wildlife","floor":5,"turns":6},{"damage":25,"enemies":"Gremlin Nob","floor":7,"turns":6},{"damage":4,"enemies":"3 Louse","floor":8,"turns":5},{"damage":1,"enemies":"Lots of Slimes","floor":11,"turns":6},{"damage":0,"enemies":"2 Fungi Beasts","floor":13,"turns":4},{"damage":1,"enemies":"The Guardian","floor":16,"turns":18},{"damage":0,"enemies":"Chosen","floor":18,"turns":5},{"damage":1,"enemies":"Spheric Guardian","floor":21,"turns":6},{"damage":1,"enemies":"Centurion and Healer","floor":22,"turns":11},{"damage":8,"enemies":"Snecko","floor":24,"turns":7},{"damage":14,"enemies":"Sentry and Sphere","floor":27,"turns":7},{"damage":10,"enemies":"Slavers","floor":28,"turns":4},{"damage":9,"enemies":"Shelled Parasite and Fungi","floor":30,"turns":6},{"damage":4,"enemies":"Book of Stabbing","floor":31,"turns":6},{"damage":20,"enemies":"Collector","floor":33,"turns":13},{"damage":28,"enemies":"3 Darklings","floor":35,"turns":3},{"damage":1,"enemies":"Orb Walker","floor":37,"turns":6},{"damage":13,"enemies":"Writhing Mass","floor":38,"turns":9},{"damage":6,"enemies":"Reptomancer","floor":40,"turns":2}],"seed_played":"2175435984185416608","potions_obtained":[{"floor":2,"key":"SkillPotion"},{"floor":7,"key":"Energy Potion"},{"floor":11,"key":"Fire Potion"},{"floor":13,"key":"Swift Potion"},{"floor":16,"key":"SkillPotion"}],"is_trial":false,"path_per_floor":["M","M","?","M","M","R","E","M","T","R","M","R","M","?","R","B",null,"M","?","$","M","M","R","M","R","T","M","E","R","M","E","R","B",null,"M","?","M","M","?","E"],"character_chosen":"THE_SILENT","items_purchased":["Well Laid Plans","Frozen Eye","Backflip"],"campfire_rested":2,"item_purchase_floors":[20,20,20],"current_hp_per_floor":[44,44,44,44,38,38,13,9,9,28,27,27,27,43,43,42,60,60,60,60,59,58,58,50,50,50,36,26,60,51,47,47,27,56,28,16,15,2,2,0],"gold":314,"neow_bonus":"THREE_RARE_CARDS","is_prod":false,"is_daily":false,"chose_seed":false,"campfire_upgraded":6,"win_rate":0,"timestamp":1551645514,"path_taken":["M","M","?","M","M","R","E","M","T","R","M","R","M","?","R","BOSS","M","?","$","M","M","R","M","R","T","M","E","R","M","E","R","BOSS","M","?","M","M","?","E"],"build_version":"2019-01-23","purchased_purges":0,"victory":false,"max_hp_per_floor":[66,66,66,66,66,66,66,66,66,66,66,66,66,66,66,66,66,66,66,66,66,66,66,66,66,66,66,66,66,66,66,66,66,66,66,66,66,66,66,66],"card_choices":[{"not_picked":["Storm of Steel","Malaise"],"picked":"After Image","floor":0},{"not_picked":["Dodge and Roll","Quick Slash"],"picked":"Footwork","floor":1},{"not_picked":["Footwork","Masterful Stab"],"picked":"Sucker Punch","floor":2},{"not_picked":["Bane","Slice"],"picked":"Poisoned Stab","floor":4},{"not_picked":["Slice","Flying Knee"],"picked":"Dodge and Roll","floor":5},{"not_picked":["Underhanded Strike","Outmaneuver"],"picked":"Footwork","floor":7},{"not_picked":["Flying Knee","Eviscerate"],"picked":"Footwork","floor":8},{"not_picked":["Acrobatics","Riddle With Holes"],"picked":"Flying Knee","floor":11},{"not_picked":["Dagger Throw","Underhanded Strike"],"picked":"Dagger Spray","floor":13},{"not_picked":["Doppelganger","A Thousand Cuts"],"picked":"After Image","floor":16},{"not_picked":["Acrobatics","Deadly Poison"],"picked":"Caltrops","floor":18},{"not_picked":["Blade Dance","Heel Hook"],"picked":"Dagger Spray+1","floor":21},{"not_picked":["Quick Slash","Outmaneuver"],"picked":"PiercingWail","floor":22},{"not_picked":["Deadly Poison","Poisoned Stab"],"picked":"Corpse Explosion","floor":24},{"not_picked":["Backstab","Dagger Throw"],"picked":"Dodge and Roll+1","floor":27},{"not_picked":["Slice+1","Grand Finale"],"picked":"Acrobatics","floor":28},{"not_picked":["Prepared","Acrobatics"],"picked":"Deadly Poison","floor":30},{"not_picked":["Endless Agony","Slice"],"picked":"Cloak And Dagger","floor":31},{"not_picked":["Adrenaline","Corpse Explosion"],"picked":"Glass Knife","floor":33},{"not_picked":["Distraction","Dash"],"picked":"Bouncing Flask","floor":35},{"not_picked":["Eviscerate","Dagger Throw","Underhanded Strike"],"picked":"SKIP","floor":37},{"not_picked":["Slice","Prepared"],"picked":"Catalyst","floor":38}],"player_experience":805783,"relics_obtained":[{"floor":7,"key":"Ninja Scroll"},{"floor":9,"key":"Centennial Puzzle"},{"floor":28,"key":"Regal Pillow"},{"floor":31,"key":"Ancient Tea Set"}],"event_choices":[{"damage_healed":0,"gold_gain":0,"player_choice":"Ignored","damage_taken":0,"max_hp_gain":0,"max_hp_loss":0,"event_name":"Golden Wing","floor":3,"gold_loss":0},{"damage_healed":16,"gold_gain":0,"player_choice":"Healed","damage_taken":0,"max_hp_gain":0,"max_hp_loss":0,"event_name":"The Cleric","floor":14,"gold_loss":35},{"damage_healed":0,"gold_gain":50,"player_choice":"Stole From Cult","damage_taken":0,"max_hp_gain":0,"max_hp_loss":0,"event_name":"Nest","floor":19,"gold_loss":0},{"damage_healed":0,"gold_gain":0,"player_choice":"Embrace Madness","damage_taken":12,"max_hp_gain":0,"max_hp_loss":0,"event_name":"Winding Halls","floor":36,"gold_loss":0,"cards_obtained":["Madness","Madness"]},{"damage_healed":0,"gold_gain":0,"player_choice":"Ignored","damage_taken":0,"max_hp_gain":0,"max_hp_loss":0,"event_name":"Mysterious Sphere","floor":39,"gold_loss":0}],"is_beta":false,"boss_relics":[{"not_picked":["WristBlade","Pandora\u0027s Box"],"picked":"Sozu"},{"not_picked":["HoveringKite","Orrery"],"picked":"Black Star"}],"items_purged_floors":[],"is_endless":false,"potions_floor_spawned":[2,7,11,13,16,22,27,30,31,33,37,38],"killed_by":"Reptomancer","ascension_level":16}