{"path_per_floor":["M","M","M","M","M","R","M","R","T","M","$","M","M","M","R","B",null,"M","?","$","M","M","E","R","M","T","R","E","?","M","E","R"],"character_chosen":"IRONCLAD","items_purchased":["Ice Cream","Block Potion"],"gold_per_floor":[218,232,245,264,276,276,289,289,289,307,15,35,55,74,74,173,173,190,190,64,81,95,121,121,137,137,137,162,162,172,201,201],"floor_reached":33,"campfire_rested":2,"playtime":9561,"current_hp_per_floor":[80,80,80,77,72,72,73,73,73,70,70,68,74,80,80,62,80,80,64,64,50,37,19,19,21,21,45,37,63,46,19,43],"items_purged":["Strike_R"],"gold":201,"play_id":"a0376913-7a49-4037-bebb-2082880e14fc","is_prod":false,"is_daily":false,"campfire_rituals":0,"campfire_upgraded":4,"is_hardmode":false,"path_taken":["M","M","M","M","M","R","M","R","T","M","$","M","M","M","R","BOSS","M","?","$","?","M","E","R","M","T","R","E","?","M","E","R","BOSS"],"build_version":"2018-01-18-PROD4","purchased_purges":1,"victory":false,"master_deck":["Strike_R","Strike_R","Strike_R","Strike_R","Defend_R","Defend_R","Defend_R","Defend_R","Bash","Evolve","Spot Weakness","Wild Strike","Pommel Strike","Headbutt","True Grit","Fiend Fire","Demon Form","Power Through","Clothesline","Armaments","Disarm","Necronomicurse","Offering","Flame Barrier","Havoc","Feel No Pain","Battle Trance"],"max_hp_per_floor":[80,80,80,80,80,80,80,80,80,80,80,80,80,80,80,80,80,80,80,80,80,80,80,80,80,80,80,80,80,80,80,80],"relics":["Burning Blood","Vajra","Ice Cream","Orrery","Necronomicon","Unceasing Top","Peace Pipe","Bottled Lightning","Toolbox"],"campfire_meditates":0,"card_choices":[{"not_picked":["Thunderclap","Havoc"],"picked":"Evolve"},{"not_picked":["Corruption","Entrench"],"picked":"Spot Weakness"},{"not_picked":["Heavy Blade","Cleave"],"picked":"Wild Strike"},{"not_picked":["Rupture","Iron Wave"],"picked":"Pommel Strike"},{"not_picked":["Sword Boomerang","Perfected Strike"],"picked":"Headbutt"},{"not_picked":["Flex","Iron Wave"],"picked":"True Grit"},{"not_picked":["Clash","Sentinel"],"picked":"Fiend Fire"},{"not_picked":["Bludgeon","Feed"],"picked":"Demon Form"},{"not_picked":["Reckless Charge","Cleave"],"picked":"Power Through"},{"not_picked":["Thunderclap","Iron Wave"],"picked":"Clothesline"},{"not_picked":["Perfected Strike","Fire Breathing"],"picked":"Armaments"},{"not_picked":["Pommel Strike","Thunderclap"],"picked":"Disarm"},{"not_picked":["Hemokinesis","Twin Strike"],"picked":"Offering"},{"not_picked":["Twin Strike","Flex"],"picked":"Flame Barrier"},{"not_picked":["Shrug It Off","Anger"],"picked":"Havoc"},{"not_picked":["Shrug It Off","Limit Break"],"picked":"Feel No Pain"},{"not_picked":["Wild Strike","Perfected Strike"],"picked":"Battle Trance"}],"player_experience":190548,"potions_floor_usage":[12,18,23,23,31,31,31],"damage_taken":[{"damage":3,"enemies":"Jaw Worm","floor":1,"turns":4},{"damage":5,"enemies":"2 Louse","floor":2,"turns":2},{"damage":0,"enemies":"Small Slimes","floor":3,"turns":3},{"damage":9,"enemies":"Red Slaver","floor":4,"turns":5},{"damage":11,"enemies":"2 Fungi Beasts","floor":5,"turns":4},{"damage":5,"enemies":"Looter","floor":7,"turns":3},{"damage":9,"enemies":"Gremlin Gang","floor":10,"turns":5},{"damage":8,"enemies":"Exordium Wildlife","floor":12,"turns":4},{"damage":0,"enemies":"Large Slime","floor":13,"turns":6},{"damage":0,"enemies":"2 Fungi Beasts","floor":14,"turns":2},{"damage":24,"enemies":"The Guardian","floor":16,"turns":6},{"damage":0,"enemies":"Chosen","floor":18,"turns":3},{"damage":20,"enemies":"Spheric Guardian","floor":21,"turns":4},{"damage":19,"enemies":"Snake Plant","floor":22,"turns":4},{"damage":24,"enemies":"Slavers","floor":23,"turns":4},{"damage":4,"enemies":"Centurion and Healer","floor":25,"turns":5},{"damage":14,"enemies":"Book of Stabbing","floor":28,"turns":5},{"damage":23,"enemies":"Snecko","floor":30,"turns":4},{"damage":33,"enemies":"Gremlin Leader","floor":31,"turns":4},{"damage":47,"enemies":"Champ","floor":33,"turns":9}],"event_choices":[{"event_name":"Cursed Tome","player_choice":"Obtained Book","floor":19,"damage_taken":0},{"event_name":"The Library","player_choice":"Heal","floor":29,"damage_taken":0}],"boss_relics":[{"not_picked":["Runic Dome","Eternal Feather"],"picked":"Orrery"}],"potions_floor_spawned":[1,10,13,16,23,28,31],"seed_played":"-5805934059074574851","killed_by":"Champ","is_trial":false}