{"gold_per_floor":[111,130,80,99,99,99,139,159,184,224,224,244,244,2,2,123,186,179,179,192,216,7,7,7,7,7,47,47,47,60,94,94,220,220,241,166,191,191,211,250,250,250,250,269,269,283,307,331,331,331],"floor_reached":51,"playtime":4547,"items_purged":["Strike_B"],"score":702,"play_id":"90c5359f-90ba-4a66-bcc1-9de66519fb42","local_time":"20190301225619","is_ascension_mode":false,"campfire_choices":[{"data":"Zap","floor":6,"key":"SMITH"},{"data":"Steam","floor":11,"key":"SMITH"},{"data":"Reprogram","floor":15,"key":"SMITH"},{"data":"Fission","floor":23,"key":"SMITH"},{"data":"Go for the Eyes","floor":25,"key":"SMITH"},{"data":"Defragment","floor":28,"key":"SMITH"},{"data":"Loop","floor":32,"key":"SMITH"},{"data":"Apotheosis","floor":42,"key":"SMITH"},{"data":"Hologram","floor":45,"key":"SMITH"},{"floor":49,"key":"REST"}],"neow_cost":"NONE","seed_source_timestamp":122984532599387,"circlet_count":0,"master_deck":["Strike_B","Strike_B","Defend_B","Defend_B","Defend_B","Defend_B","Zap+1","Dualcast","Conserve Battery+1","Rebound","Steam+1","Reprogram+1","Ball Lightning","Genetic Algorithm","Core Surge","Fission+1","Coolheaded","Defragment+1","Go for the Eyes+1","Leap","Auto Shields+1","Coolheaded","Loop+1","Sweeping Beam+1","Apotheosis+1","BootSequence","Hologram+1","Capacitor","Beam Cell+1"],"relics":["Cracked Core","Golden Idol","DataDisk","Blood Vial","Pen Nib","Meat on the Bone","Tiny House","MutagenicStrength","ClockworkSouvenir","PreservedInsect","Happy Flower","Darkstone Periapt","Cursed Key","Vajra"],"potions_floor_usage":[10,39,50,50,50],"damage_taken":[{"damage":1,"enemies":"Jaw Worm","floor":1,"turns":4},{"damage":0,"enemies":"2 Louse","floor":2,"turns":2},{"damage":0,"enemies":"Cultist","floor":4,"turns":3},{"damage":9,"enemies":"3 Sentries","floor":7,"turns":7},{"damage":2,"enemies":"Blue Slaver","floor":8,"turns":3},{"damage":14,"enemies":"Lagavulin","floor":10,"turns":5},{"damage":7,"enemies":"Exordium Thugs","floor":12,"turns":4},{"damage":21,"enemies":"Slime Boss","floor":16,"turns":8},{"damage":14,"enemies":"2 Thieves","floor":18,"turns":4},{"damage":5,"enemies":"Spheric Guardian","floor":20,"turns":4},{"damage":16,"enemies":"Snake Plant","floor":21,"turns":4},{"damage":3,"enemies":"Book of Stabbing","floor":27,"turns":4},{"damage":3,"enemies":"Centurion and Healer","floor":30,"turns":6},{"damage":16,"enemies":"Slavers","floor":31,"turns":5},{"damage":56,"enemies":"Automaton","floor":33,"turns":13},{"damage":5,"enemies":"Orb Walker","floor":35,"turns":3},{"damage":16,"enemies":"3 Shapes","floor":37,"turns":4},{"damage":24,"enemies":"Writhing Mass","floor":39,"turns":6},{"damage":0,"enemies":"Nemesis","floor":40,"turns":9},{"damage":0,"enemies":"Maw","floor":44,"turns":8},{"damage":0,"enemies":"Transient","floor":46,"turns":5},{"damage":0,"enemies":"Sphere and 2 Shapes","floor":47,"turns":6},{"damage":1,"enemies":"Spire Growth","floor":48,"turns":6},{"damage":22,"enemies":"Time Eater","floor":50,"turns":14}],"seed_played":"6751347697829381581","potions_obtained":[{"floor":2,"key":"SkillPotion"},{"floor":7,"key":"AttackPotion"},{"floor":10,"key":"Explosive Potion"},{"floor":16,"key":"SpeedPotion"},{"floor":17,"key":"EssenceOfSteel"},{"floor":20,"key":"FairyPotion"},{"floor":33,"key":"Swift Potion"},{"floor":35,"key":"Ancient Potion"},{"floor":39,"key":"FocusPotion"}],"is_trial":false,"path_per_floor":["M","M","?","M","?","R","E","M","T","E","R","M","?","$","R","B",null,"M","?","M","M","$","R","?","R","T","E","R","?","M","E","R","B",null,"M","$","M","?","M","E","?","R","T","M","R","M","M","M","R","B",null],"character_chosen":"DEFECT","items_purchased":["Meat on the Bone","ClockworkSouvenir"],"campfire_rested":1,"item_purchase_floors":[14,22],"current_hp_per_floor":[81,81,81,81,81,81,72,70,70,58,58,53,46,46,46,39,87,73,73,70,56,56,56,56,56,56,55,55,55,54,52,52,20,87,82,82,68,68,46,48,48,48,48,50,50,52,54,55,81,61],"gold":331,"neow_bonus":"TEN_PERCENT_HP_BONUS","is_prod":false,"is_daily":false,"chose_seed":false,"campfire_upgraded":9,"win_rate":0,"timestamp":1551473779,"path_taken":["M","M","?","M","?","R","E","M","T","E","R","M","?","$","R","BOSS","M","?","M","M","$","R","?","R","T","E","R","?","M","E","R","BOSS","M","$","M","?","M","E","?","R","T","M","R","M","M","M","R","BOSS"],"build_version":"2019-01-23","purchased_purges":1,"victory":true,"max_hp_per_floor":[82,82,82,82,82,82,82,82,82,82,82,82,82,82,82,82,87,87,87,87,87,87,87,87,87,87,87,87,87,87,87,87,87,87,87,87,87,87,87,87,87,87,87,87,87,87,87,87,87,87],"card_choices":[{"not_picked":["Coolheaded","Beam Cell"],"picked":"Conserve Battery","floor":1},{"not_picked":["Fission","Stack"],"picked":"Rebound","floor":2},{"not_picked":["Rebound","Turbo"],"picked":"Steam","floor":4},{"not_picked":["Aggregate","Meteor Strike"],"picked":"Reprogram","floor":7},{"not_picked":["Conserve Battery","Undo"],"picked":"Ball Lightning","floor":8},{"not_picked":["Ball Lightning","Rebound"],"picked":"Genetic Algorithm","floor":10},{"not_picked":["Steam Power","Leap"],"picked":"Core Surge","floor":12},{"not_picked":["Reboot","Seek"],"picked":"Fission","floor":16},{"not_picked":["Steam Power","Barrage"],"picked":"Coolheaded","floor":17},{"not_picked":["Double Energy","Sweeping Beam+1"],"picked":"Defragment","floor":18},{"not_picked":["Hologram","Turbo"],"picked":"Go for the Eyes","floor":20},{"not_picked":["Steam","Beam Cell"],"picked":"Leap","floor":21},{"not_picked":["Sunder","Redo"],"picked":"Auto Shields+1","floor":27},{"not_picked":["Rip and Tear","Leap"],"picked":"Coolheaded","floor":30},{"not_picked":["Darkness","White Noise"],"picked":"Loop","floor":31},{"not_picked":["Streamline","Melter","Go for the Eyes"],"picked":"SKIP","floor":35},{"not_picked":["Streamline","Lockon+1"],"picked":"Sweeping Beam+1","floor":37},{"not_picked":["HandOfGreed","Sadistic Nature"],"picked":"Apotheosis","floor":38},{"not_picked":["Leap","Barrage"],"picked":"BootSequence","floor":39},{"not_picked":["Storm","Streamline"],"picked":"Hologram","floor":40},{"not_picked":["Fusion","Sunder+1","Go for the Eyes+1"],"picked":"SKIP","floor":44},{"not_picked":["Hello World","Cold Snap","Doom and Gloom+1"],"picked":"SKIP","floor":46},{"not_picked":["Sweeping Beam+1","Ball Lightning+1"],"picked":"Capacitor","floor":47},{"not_picked":["White Noise","Turbo"],"picked":"Beam Cell+1","floor":48}],"player_experience":554270,"relics_obtained":[{"floor":7,"key":"DataDisk"},{"floor":9,"key":"Blood Vial"},{"floor":10,"key":"Pen Nib"},{"floor":26,"key":"PreservedInsect"},{"floor":27,"key":"Happy Flower"},{"floor":31,"key":"Darkstone Periapt"},{"floor":40,"key":"Vajra"}],"event_choices":[{"cards_removed":["Strike_B"],"damage_healed":0,"gold_gain":0,"player_choice":"Card Removal","damage_taken":0,"max_hp_gain":0,"max_hp_loss":0,"event_name":"The Cleric","floor":3,"gold_loss":50},{"damage_healed":0,"gold_gain":0,"player_choice":"Take Wound","damage_taken":0,"relics_obtained":["Golden Idol"],"max_hp_gain":0,"max_hp_loss":0,"event_name":"Golden Idol","floor":5,"gold_loss":0,"cards_obtained":["Injury"]},{"cards_removed":["Injury"],"damage_healed":0,"gold_gain":0,"player_choice":"Card Removal","damage_taken":7,"max_hp_gain":0,"max_hp_loss":0,"event_name":"Golden Wing","floor":13,"gold_loss":0},{"damage_healed":0,"gold_gain":0,"player_choice":"Inject Mutagens","damage_taken":0,"relics_obtained":["MutagenicStrength"],"max_hp_gain":0,"max_hp_loss":0,"event_name":"Drug Dealer","floor":19,"gold_loss":0},{"damage_healed":0,"gold_gain":0,"player_choice":"Ignored","damage_taken":0,"max_hp_gain":0,"max_hp_loss":0,"event_name":"Beggar","floor":24,"gold_loss":0},{"damage_healed":0,"gold_gain":0,"player_choice":"Ignored","damage_taken":0,"max_hp_gain":0,"max_hp_loss":0,"event_name":"The Mausoleum","floor":29,"gold_loss":0},{"damage_healed":0,"gold_gain":0,"player_choice":"Memory 1","damage_taken":0,"max_hp_gain":0,"max_hp_loss":0,"event_name":"SensoryStone","floor":38,"gold_loss":0},{"damage_healed":0,"gold_gain":0,"player_choice":"Ignored","damage_taken":0,"max_hp_gain":0,"max_hp_loss":0,"event_name":"SecretPortal","floor":41,"gold_loss":0}],"is_beta":false,"boss_relics":[{"not_picked":["Velvet Choker","Runic Dome"],"picked":"Tiny House"},{"not_picked":["Inserter","Busted Crown"],"picked":"Cursed Key"}],"items_purged_floors":[36],"is_endless":false,"potions_floor_spawned":[2,7,10,16,18,20,33,35,39,47],"ascension_level":0}