{"gold_per_floor":[116,116,131,143,156,188,188,213,238,266,278,309,321,353,365,476,488,517,529,541,571,98,124,137,137,187,187,202,202,212,230,230,331,331,342,342,68,79,79,79,79,91,91,91,28,28,40,60,60,60],"floor_reached":51,"playtime":3107,"items_purged":["Strike_B","Strike_B","Strike_B"],"score":783,"play_id":"9eea92f1-0579-47aa-844e-dddcb71f2cf4","local_time":"20180923230252","is_ascension_mode":true,"campfire_choices":[{"data":"Hologram","floor":7,"key":"SMITH"},{"floor":11,"key":"REST"},{"data":"Ball Lightning","floor":13,"key":"SMITH"},{"floor":15,"key":"REST"},{"floor":25,"key":"REST"},{"data":"Apotheosis","floor":27,"key":"SMITH"},{"floor":32,"key":"REST"},{"data":"Reinforced Body","floor":40,"key":"SMITH"},{"data":"Echo Form","floor":44,"key":"SMITH"},{"data":"Seek","floor":49,"key":"SMITH"}],"neow_cost":"NONE","seed_source_timestamp":21026009788835,"circlet_count":0,"master_deck":["Defend_B","Defend_B","Defend_B","Defend_B","Zap","Dualcast","Echo Form+1","Reinforced Body+1","Auto Shields","Ball Lightning+1","Hologram+1","White Noise","Compile Driver","Buffer","Electrodynamics","Genetic Algorithm","Apotheosis+1","Steam","BootSequence","Gash","Buffer","Gash+1","Gash","Conserve Battery","Seek+1"],"relics":["Cracked Core","Calipers","Regal Pillow","PreservedInsect","MawBank","Sozu","Nilry\u0027s Codex","Membership Card","Bottled Tornado","WingedGreaves","Art of War","MutagenicStrength","Eternal Feather","Kunai","Frozen Eye","Du-Vu Doll","Molten Egg 2"],"potions_floor_usage":[6,6,10,16,23],"damage_taken":[{"damage":10,"enemies":"Small Slimes","floor":1,"turns":4},{"damage":3,"enemies":"Jaw Worm","floor":3,"turns":5},{"damage":0,"enemies":"Cultist","floor":4,"turns":3},{"damage":0,"enemies":"Large Slime","floor":5,"turns":4},{"damage":11,"enemies":"Lagavulin","floor":6,"turns":6},{"damage":50,"enemies":"Gremlin Nob","floor":8,"turns":6},{"damage":10,"enemies":"3 Sentries","floor":10,"turns":6},{"damage":14,"enemies":"3 Louse","floor":12,"turns":4},{"damage":16,"enemies":"Exordium Thugs","floor":14,"turns":6},{"damage":20,"enemies":"The Guardian","floor":16,"turns":13},{"damage":12,"enemies":"3 Byrds","floor":18,"turns":4},{"damage":7,"enemies":"Chosen","floor":21,"turns":5},{"damage":15,"enemies":"Gremlin Leader","floor":23,"turns":5},{"damage":0,"enemies":"3 Cultists","floor":24,"turns":3},{"damage":14,"enemies":"Snake Plant","floor":28,"turns":4},{"damage":10,"enemies":"Centurion and Healer","floor":30,"turns":5},{"damage":2,"enemies":"Sentry and Sphere","floor":31,"turns":4},{"damage":0,"enemies":"Automaton","floor":33,"turns":6},{"damage":4,"enemies":"3 Shapes","floor":35,"turns":4},{"damage":0,"enemies":"Orb Walker","floor":38,"turns":6},{"damage":6,"enemies":"Mind Bloom Boss Battle","floor":41,"turns":7},{"damage":0,"enemies":"3 Darklings","floor":42,"turns":6},{"damage":28,"enemies":"Sphere and 2 Shapes","floor":47,"turns":6},{"damage":10,"enemies":"4 Shapes","floor":48,"turns":9},{"damage":15,"enemies":"Awakened One","floor":50,"turns":15}],"seed_played":"471157646313810878","potions_obtained":[{"floor":4,"key":"Energy Potion"},{"floor":5,"key":"PowerPotion"},{"floor":6,"key":"Regen Potion"},{"floor":14,"key":"SkillPotion"},{"floor":16,"key":"Explosive Potion"}],"is_trial":false,"path_per_floor":["M","?","M","M","M","E","R","E","T","E","R","M","R","M","R","B",null,"M","?","$","M","$","E","M","R","T","R","M","?","M","M","R","B",null,"M","?","$","M","?","R","?","M","T","R","$","?","M","M","R","B"],"character_chosen":"DEFECT","items_purchased":["Membership Card","Bottled Tornado","Apotheosis","Steam","Kunai","Frozen Eye"],"campfire_rested":4,"item_purchase_floors":[22,22,22,22,37,37],"current_hp_per_floor":[65,65,62,62,62,51,51,1,1,6,43,29,29,13,50,30,75,63,47,47,40,40,25,25,62,62,62,48,48,38,36,73,73,75,71,71,71,71,71,71,65,65,65,71,71,71,43,53,68,53],"gold":60,"neow_bonus":"ONE_RANDOM_RARE_CARD","is_prod":false,"is_daily":false,"chose_seed":false,"campfire_upgraded":6,"win_rate":0,"timestamp":1537758172,"path_taken":["M","?","M","M","M","E","R","E","T","E","R","?","R","M","R","BOSS","M","?","$","M","$","E","M","R","T","R","M","?","M","M","R","BOSS","M","?","$","?","?","R","?","M","T","R","$","?","M","M","R","BOSS"],"build_version":"2018-09-20","purchased_purges":3,"victory":true,"max_hp_per_floor":[75,75,75,75,75,75,75,75,75,75,75,75,75,75,75,75,75,75,75,75,75,75,75,75,75,75,75,75,75,75,75,75,75,75,75,75,75,75,71,71,71,71,71,71,71,71,71,71,71,71],"card_choices":[{"not_picked":["Leap","Undo"],"picked":"Reinforced Body","floor":1},{"not_picked":["Double Energy","Sweeping Beam"],"picked":"Auto Shields","floor":3},{"not_picked":["Beam Cell","Streamline"],"picked":"Ball Lightning","floor":4},{"not_picked":["Cold Snap","Heatsinks"],"picked":"Hologram","floor":5},{"not_picked":["Recycle","Barrage"],"picked":"White Noise","floor":6},{"not_picked":["Reprogram","Fusion"],"picked":"Compile Driver","floor":8},{"not_picked":["Redo","Chaos","Rip and Tear"],"picked":"SKIP","floor":10},{"not_picked":["Stack","Hologram"],"picked":"Buffer","floor":12},{"not_picked":["Sweeping Beam","Doom and Gloom"],"picked":"Go for the Eyes","floor":14},{"not_picked":["Machine Learning","Echo Form"],"picked":"Electrodynamics","floor":16},{"not_picked":["Cold Snap+1","Scrape+1"],"picked":"Genetic Algorithm","floor":18},{"not_picked":["Streamline","Compile Driver","Turbo"],"picked":"SKIP","floor":21},{"not_picked":["Ball Lightning","Stack"],"picked":"BootSequence","floor":23},{"not_picked":["Steam+1","Leap"],"picked":"Gash","floor":24},{"not_picked":["Ball Lightning","Conserve Battery","Coolheaded"],"picked":"SKIP","floor":28},{"not_picked":["Stack+1","Biased Cognition","Beam Cell"],"picked":"SKIP","floor":30},{"not_picked":["Streamline","Beam Cell","Sweeping Beam+1"],"picked":"SKIP","floor":31},{"not_picked":["Hyperbeam","Creative AI"],"picked":"Buffer","floor":33},{"not_picked":["Hologram+1","Turbo+1","Ball Lightning+1"],"picked":"SKIP","floor":35},{"not_picked":["Steam+1","Stack"],"picked":"Gash+1","floor":38},{"not_picked":["Fusion+1","FTL"],"picked":"Gash","floor":41},{"not_picked":["Melter","Turbo","Rebound+1"],"picked":"SKIP","floor":42},{"not_picked":["Sweeping Beam+1","Darkness","Conserve Battery+1"],"picked":"SKIP","floor":47},{"not_picked":["Rebound+1","Conserve Battery+1"],"picked":"Seek","floor":48}],"player_experience":596296,"relics_obtained":[{"floor":6,"key":"Calipers"},{"floor":8,"key":"Regal Pillow"},{"floor":9,"key":"PreservedInsect"},{"floor":10,"key":"MawBank"},{"floor":19,"key":"Nilry\u0027s Codex"},{"floor":23,"key":"WingedGreaves"},{"floor":26,"key":"Art of War"},{"floor":41,"key":"Du-Vu Doll"},{"floor":43,"key":"Molten Egg 2"}],"event_choices":[{"event_name":"Liars Game","player_choice":"disagreed","floor":2,"damage_taken":0},{"event_name":"Cursed Tome","player_choice":"Obtained Book","floor":19,"damage_taken":0},{"event_name":"Drug Dealer","player_choice":"Inject Mutagens","floor":29,"damage_taken":0},{"event_name":"Falling","player_choice":"Removed Attack","floor":36,"damage_taken":0},{"event_name":"Winding Halls","player_choice":"Max HP","floor":39,"damage_taken":0},{"event_name":"MindBloom","player_choice":"Fight","floor":41,"damage_taken":0},{"event_name":"Transmorgrifier","player_choice":"Transform","floor":46,"damage_taken":0}],"is_beta":false,"boss_relics":[{"not_picked":["Fusion Hammer","Busted Crown"],"picked":"Sozu"},{"not_picked":["Runic Pyramid","Coffee Dripper"],"picked":"Eternal Feather"}],"items_purged_floors":[22,37,45],"is_endless":false,"potions_floor_spawned":[4,5,6,14,16,21,30,38,41,48],"ascension_level":2}