{"gold_per_floor":[112,122,122,132,142,168,168,168,250,273,423,423,59,75,75,75],"floor_reached":16,"playtime":536,"items_purged":[],"score":189,"play_id":"5750b589-7df5-4464-9c18-c7eba6ba8c78","local_time":"20190308223555","is_ascension_mode":true,"campfire_choices":[{"data":"Carnage","floor":8,"key":"SMITH"},{"data":"Power Through","floor":12,"key":"SMITH"},{"data":"Bloodletting","floor":15,"key":"SMITH"}],"neow_cost":"NONE","seed_source_timestamp":427435723667753,"circlet_count":0,"master_deck":["AscendersBane","Strike_R","Strike_R","Strike_R","Strike_R","Strike_R","Defend_R","Defend_R","Defend_R","Defend_R","Bash","Bloodletting+1","Metallicize","Wild Strike","Carnage+1","Power Through+1","Rupture","Doubt","Disarm","Metallicize","Iron Wave"],"relics":["Burning Blood","NeowsBlessing","Pocketwatch","Red Skull","Golden Idol","Self Forming Clay","Medical Kit"],"potions_floor_usage":[6,16,16],"damage_taken":[{"damage":0,"enemies":"Jaw Worm","floor":1,"turns":1},{"damage":0,"enemies":"Small Slimes","floor":2,"turns":1},{"damage":0,"enemies":"Cultist","floor":4,"turns":1},{"damage":17,"enemies":"3 Louse","floor":5,"turns":4},{"damage":27,"enemies":"3 Sentries","floor":6,"turns":6},{"damage":3,"enemies":"2 Fungi Beasts","floor":10,"turns":3},{"damage":4,"enemies":"Red Slaver","floor":14,"turns":4},{"damage":42,"enemies":"Slime Boss","floor":16,"turns":7}],"seed_played":"-1420520160843276555","potions_obtained":[{"floor":1,"key":"GamblersBrew"},{"floor":6,"key":"Explosive Potion"},{"floor":10,"key":"GamblersBrew"}],"is_trial":false,"path_per_floor":["M","M","?","M","M","E","?","R","T","M","?","R","$","M","R","B"],"character_chosen":"IRONCLAD","items_purchased":["Medical Kit","Disarm","Metallicize"],"campfire_rested":0,"item_purchase_floors":[13,13,13],"current_hp_per_floor":[74,75,57,63,52,31,31,31,31,34,34,34,34,36,36,0],"gold":75,"neow_bonus":"THREE_ENEMY_KILL","is_prod":false,"is_daily":false,"chose_seed":false,"campfire_upgraded":3,"win_rate":0,"timestamp":1552102555,"path_taken":["M","M","?","M","M","E","?","R","T","M","?","R","$","M","R","BOSS"],"build_version":"2019-01-23","purchased_purges":0,"victory":false,"max_hp_per_floor":[75,75,75,75,75,75,68,68,68,68,68,68,68,68,68,68],"card_choices":[{"not_picked":["Flex","Body Slam"],"picked":"Bloodletting","floor":1},{"not_picked":["Armaments","Dropkick"],"picked":"Metallicize","floor":2},{"not_picked":["Shrug It Off","Warcry"],"picked":"Wild Strike","floor":4},{"not_picked":["Shrug It Off","Flex"],"picked":"Carnage","floor":5},{"not_picked":["Clash","Warcry"],"picked":"Power Through","floor":6},{"not_picked":["Blood for Blood","Fire Breathing"],"picked":"Rupture","floor":10},{"not_picked":["Clash","Anger"],"picked":"Iron Wave","floor":14}],"player_experience":882256,"relics_obtained":[{"floor":6,"key":"Red Skull"},{"floor":9,"key":"Self Forming Clay"}],"event_choices":[{"damage_healed":0,"gold_gain":0,"player_choice":"Success","damage_taken":18,"relics_obtained":["Pocketwatch"],"max_hp_gain":0,"max_hp_loss":0,"event_name":"Scrap Ooze","floor":3,"gold_loss":0},{"damage_healed":0,"gold_gain":0,"player_choice":"Lose Max HP","damage_taken":0,"relics_obtained":["Golden Idol"],"max_hp_gain":0,"max_hp_loss":7,"event_name":"Golden Idol","floor":7,"gold_loss":0},{"damage_healed":0,"gold_gain":150,"player_choice":"AGREE","damage_taken":0,"max_hp_gain":0,"max_hp_loss":0,"event_name":"Liars Game","floor":11,"gold_loss":0,"cards_obtained":["Doubt"]}],"is_beta":false,"boss_relics":[],"items_purged_floors":[],"is_endless":false,"potions_floor_spawned":[1,6,10],"killed_by":"Slime Boss","ascension_level":17}