{"gold_per_floor":[119,119,138,29,41,69,69,82,82,82,100,126,140,153,153,228,228,248,173,273,290,336,363,375,375,429,463,388,418,435,450,450,527,527,547,563,615,629,442,475,492,522,522,556,6,32,32,66,66,66],"floor_reached":51,"playtime":2916,"items_purged":["Strike_R","Defend_R","Defend_R"],"score":1771,"play_id":"793015aa-85f2-4524-abcb-55858a040151","local_time":"20190309110223","is_ascension_mode":true,"campfire_choices":[{"data":"Bash","floor":7,"key":"SMITH"},{"data":"Inflame","floor":10,"key":"SMITH"},{"data":"Heavy Blade","floor":15,"key":"SMITH"},{"floor":25,"key":"REST"},{"floor":32,"key":"REST"},{"data":"Pommel Strike","floor":49,"key":"SMITH"}],"neow_cost":"PERCENT_DAMAGE","seed_source_timestamp":524607439411769,"circlet_count":0,"master_deck":["AscendersBane","Strike_R+1","Strike_R+1","Bash+1","Inflame+1","Pommel Strike+1","Headbutt","True Grit+1","Sentinel+1","Ghostly Armor+1","Burning Pact+1","Inflame","Heavy Blade+1","Limit Break+1","Pommel Strike+1","Shrug It Off+1","Impervious+1","Metallicize+1","Battle Trance+1","Dropkick","Fiend Fire","Flash of Steel","Secret Technique+1"],"relics":["Burning Blood","Toxic Egg 2","Mummified Hand","Boot","Mark of Pain","Calipers","Singing Bowl","PreservedInsect","Regal Pillow","Orichalcum","Strawberry","Shuriken","Busted Crown","Du-Vu Doll","Whetstone","Bronze Scales","Dodecahedron","Anchor","Pantograph","Centennial Puzzle"],"potions_floor_usage":[6,20,20,23,30,42,48,50],"damage_taken":[{"damage":9,"enemies":"2 Louse","floor":1,"turns":3},{"damage":1,"enemies":"Cultist","floor":3,"turns":3},{"damage":0,"enemies":"Small Slimes","floor":5,"turns":3},{"damage":20,"enemies":"3 Sentries","floor":6,"turns":5},{"damage":4,"enemies":"Blue Slaver","floor":8,"turns":4},{"damage":3,"enemies":"3 Louse","floor":11,"turns":2},{"damage":2,"enemies":"Lagavulin","floor":12,"turns":6},{"damage":3,"enemies":"Looter","floor":13,"turns":4},{"damage":0,"enemies":"Large Slime","floor":14,"turns":3},{"damage":0,"enemies":"Slime Boss","floor":16,"turns":4},{"damage":13,"enemies":"Shell Parasite","floor":18,"turns":5},{"damage":21,"enemies":"Colosseum Slavers","floor":20,"turns":3},{"damage":7,"enemies":"Colosseum Nobs","floor":20,"turns":4},{"damage":25,"enemies":"3 Byrds","floor":21,"turns":5},{"damage":26,"enemies":"Slavers","floor":23,"turns":4},{"damage":20,"enemies":"Centurion and Healer","floor":24,"turns":5},{"damage":23,"enemies":"Book of Stabbing","floor":27,"turns":4},{"damage":0,"enemies":"Gremlin Leader","floor":29,"turns":4},{"damage":18,"enemies":"Sentry and Sphere","floor":30,"turns":5},{"damage":16,"enemies":"Cultist and Chosen","floor":31,"turns":6},{"damage":29,"enemies":"Champ","floor":33,"turns":8},{"damage":3,"enemies":"3 Darklings","floor":35,"turns":6},{"damage":17,"enemies":"3 Shapes","floor":36,"turns":5},{"damage":25,"enemies":"2 Orb Walkers","floor":37,"turns":5},{"damage":5,"enemies":"3 Darklings","floor":38,"turns":5},{"damage":9,"enemies":"Reptomancer","floor":40,"turns":4},{"damage":0,"enemies":"Jaw Worm Horde","floor":41,"turns":3},{"damage":12,"enemies":"Nemesis","floor":42,"turns":5},{"damage":7,"enemies":"Giant Head","floor":44,"turns":4},{"damage":27,"enemies":"Reptomancer","floor":46,"turns":4},{"damage":0,"enemies":"Giant Head","floor":48,"turns":3},{"damage":26,"enemies":"Donu and Deca","floor":50,"turns":6}],"seed_played":"-2476769205345098239","potions_obtained":[{"floor":1,"key":"Regen Potion"},{"floor":8,"key":"Regen Potion"},{"floor":20,"key":"LiquidBronze"},{"floor":24,"key":"Block Potion"},{"floor":29,"key":"Fruit Juice"},{"floor":30,"key":"SpeedPotion"},{"floor":36,"key":"Ancient Potion"},{"floor":40,"key":"FearPotion"},{"floor":42,"key":"Block Potion"},{"floor":46,"key":"Fruit Juice"},{"floor":48,"key":"Weak Potion"}],"is_trial":false,"path_per_floor":["M","?","M","$","M","E","R","M","T","R","M","E","M","M","R","B",null,"M","$","?","M","T","E","M","R","T","E","?","E","M","M","R","B",null,"M","M","?","M","$","E","M","E","T","E","$","E","?","E","R","B",null],"character_chosen":"IRONCLAD","items_purchased":["AttackPotion","Pommel Strike","Dropkick","PowerPotion","Fiend Fire","Flash of Steel","Secret Technique+1"],"campfire_rested":2,"item_purchase_floors":[4,4,39,45,45,45,45],"current_hp_per_floor":[47,47,52,52,58,44,44,46,46,46,49,53,56,62,62,68,73,66,66,77,60,60,42,30,69,69,61,61,69,62,54,99,76,95,100,89,70,73,73,72,80,76,76,77,77,58,60,73,73,78],"gold":66,"neow_bonus":"REMOVE_TWO","is_prod":false,"is_daily":false,"chose_seed":false,"campfire_upgraded":4,"win_rate":0,"timestamp":1552125743,"path_taken":["M","?","M","$","M","E","R","M","T","R","M","E","M","M","R","BOSS","M","?","?","M","?","E","M","R","T","E","?","E","M","?","R","BOSS","M","M","?","M","$","E","M","E","T","E","$","E","?","E","R","BOSS"],"build_version":"2019-01-23","purchased_purges":3,"victory":true,"max_hp_per_floor":[75,75,75,75,75,75,75,75,75,75,75,75,75,75,75,75,75,75,75,77,79,79,81,83,83,83,92,92,94,99,101,101,101,101,103,103,103,105,105,107,109,111,111,113,113,115,117,124,124,124],"card_choices":[{"not_picked":["Sword Boomerang","Havoc"],"picked":"Inflame","floor":1},{"not_picked":["Perfected Strike","Sentinel","Havoc"],"picked":"SKIP","floor":3},{"not_picked":["Combust","Thunderclap"],"picked":"Headbutt","floor":5},{"not_picked":["Exhume","Corruption"],"picked":"True Grit","floor":6},{"not_picked":["Pommel Strike","Inflame"],"picked":"Sentinel+1","floor":8},{"not_picked":["Perfected Strike","Cleave"],"picked":"Ghostly Armor+1","floor":11},{"not_picked":["Metallicize","Cleave"],"picked":"Burning Pact+1","floor":12},{"not_picked":["Power Through+1","Anger"],"picked":"Inflame","floor":13},{"not_picked":["Battle Trance+1","Anger"],"picked":"Heavy Blade","floor":14},{"not_picked":["Exhume+1","Reaper"],"picked":"Limit Break+1","floor":16},{"not_picked":["Heavy Blade","Shockwave+1"],"picked":"Pommel Strike+1","floor":18},{"not_picked":["Rupture+1","Flame Barrier+1","Twin Strike"],"picked":"Singing Bowl","floor":20},{"not_picked":["Headbutt","Reckless Charge","Evolve+1"],"picked":"Singing Bowl","floor":21},{"not_picked":["Havoc+1","Armaments+1","Intimidate+1"],"picked":"Singing Bowl","floor":23},{"not_picked":["Twin Strike","Body Slam","Cleave"],"picked":"Singing Bowl","floor":24},{"not_picked":["Infernal Blade+1","Corruption","Headbutt+1"],"picked":"Singing Bowl","floor":27},{"not_picked":["Thunderclap","Warcry+1","Ghostly Armor+1"],"picked":"Singing Bowl","floor":29},{"not_picked":["Carnage","Havoc+1"],"picked":"Shrug It Off+1","floor":30},{"not_picked":["Havoc+1","Armaments+1","Exhume+1"],"picked":"Singing Bowl","floor":31},{"not_picked":["Dark Embrace","Demon Form"],"picked":"Impervious+1","floor":33},{"not_picked":["Anger"],"picked":"Singing Bowl","floor":35},{"not_picked":[],"picked":"Metallicize+1","floor":36},{"not_picked":[],"picked":"Battle Trance+1","floor":37},{"not_picked":["True Grit+1"],"picked":"Singing Bowl","floor":38},{"not_picked":["Corruption+1"],"picked":"Singing Bowl","floor":40},{"not_picked":["Corruption"],"picked":"Singing Bowl","floor":41},{"not_picked":["Corruption"],"picked":"Singing Bowl","floor":42},{"not_picked":["Dual Wield+1"],"picked":"Singing Bowl","floor":44},{"not_picked":["True Grit+1"],"picked":"Singing Bowl","floor":46},{"not_picked":["Mind Blast"],"picked":"Singing Bowl","floor":47},{"not_picked":["Sword Boomerang"],"picked":"Singing Bowl","floor":48}],"player_experience":1097350,"relics_obtained":[{"floor":6,"key":"Toxic Egg 2"},{"floor":9,"key":"Mummified Hand"},{"floor":12,"key":"Boot"},{"floor":20,"key":"Calipers"},{"floor":20,"key":"Singing Bowl"},{"floor":22,"key":"PreservedInsect"},{"floor":23,"key":"Regal Pillow"},{"floor":26,"key":"Orichalcum"},{"floor":27,"key":"Strawberry"},{"floor":29,"key":"Shuriken"},{"floor":37,"key":"Du-Vu Doll"},{"floor":40,"key":"Whetstone"},{"floor":42,"key":"Bronze Scales"},{"floor":43,"key":"Dodecahedron"},{"floor":44,"key":"Anchor"},{"floor":46,"key":"Pantograph"},{"floor":48,"key":"Centennial Puzzle"}],"event_choices":[{"cards_removed":["Strike_R"],"damage_healed":0,"gold_gain":0,"player_choice":"Purged","damage_taken":0,"max_hp_gain":0,"max_hp_loss":0,"event_name":"Purifier","floor":2,"gold_loss":0},{"damage_healed":0,"gold_gain":0,"player_choice":"Fight","damage_taken":0,"max_hp_gain":0,"max_hp_loss":0,"event_name":"Colosseum","floor":20,"gold_loss":0},{"damage_healed":0,"gold_gain":0,"player_choice":"Fought Nobs","damage_taken":0,"max_hp_gain":0,"max_hp_loss":0,"event_name":"Colosseum","floor":20,"gold_loss":0},{"cards_removed":["Defend_R"],"damage_healed":0,"gold_gain":0,"player_choice":"Gave Gold","damage_taken":0,"max_hp_gain":0,"max_hp_loss":0,"event_name":"Beggar","floor":28,"gold_loss":75},{"damage_healed":0,"gold_gain":0,"player_choice":"Fight","damage_taken":0,"max_hp_gain":0,"max_hp_loss":0,"event_name":"Mysterious Sphere","floor":37,"gold_loss":0},{"damage_healed":0,"gold_gain":0,"player_choice":"Memory 1","damage_taken":0,"max_hp_gain":0,"max_hp_loss":0,"event_name":"SensoryStone","floor":47,"gold_loss":0}],"is_beta":false,"boss_relics":[{"not_picked":["Sozu","Snecko Eye"],"picked":"Mark of Pain"},{"not_picked":["Philosopher\u0027s Stone","White Beast Statue"],"picked":"Busted Crown"}],"items_purged_floors":[19,39,45],"is_endless":false,"potions_floor_spawned":[1,5,8,11,12,16,20,20,24,29,30,36,40,42,46,48],"ascension_level":16}