{"path_per_floor":["M","?","M","M","M","R","E","T","T","$","?","M","R","E","R","B",null,"M","M","?","M","M","R"],"character_chosen":"THE_SILENT","items_purchased":["Ice Cream"],"gold_per_floor":[117,117,130,149,168,168,198,249,318,14,14,28,28,53,53,129,129,147,165,88,98,113,113,113],"floor_reached":24,"campfire_rested":1,"playtime":1661,"current_hp_per_floor":[63,63,63,63,62,62,52,52,52,52,52,52,52,41,41,6,54,42,42,42,34,8,29,0],"items_purged":[],"gold":113,"score":343,"play_id":"df1739d7-b301-4b40-a3bd-9644e192d624","local_time":"20180421112610","is_prod":false,"is_daily":false,"chose_seed":false,"is_ascension_mode":true,"campfire_upgraded":3,"timestamp":1524302770,"path_taken":["M","?","M","M","M","R","E","?","T","$","?","M","R","E","R","BOSS","M","M","?","?","M","R","E"],"build_version":"2018-04-19","seed_source_timestamp":320383303150733,"purchased_purges":0,"victory":false,"master_deck":["Defend_G","Defend_G","Defend_G","Defend_G","Defend_G","Strike_G","Strike_G","Strike_G","Strike_G","Survivor","Neutralize","AscendersBane","Quick Slash","Sucker Punch+1","Footwork+1","Cloak And Dagger+1","Dodge and Roll","Catalyst+1","Sucker Punch","Endless Agony","Night Terror+1","Deflect+1","Cloak And Dagger+1","J.A.X.+1","Noxious Fumes+1","Cloak And Dagger+1"],"max_hp_per_floor":[70,70,70,70,70,70,70,70,70,70,70,70,70,70,70,70,70,70,70,70,70,70,70,70],"relics":["Ring of the Snake","Oddly Smooth Stone","Toxic Egg 2","Vajra","Question Card","Ice Cream","Dream Catcher","Cursed Key"],"card_choices":[{"not_picked":["Backflip","Setup"],"picked":"Quick Slash","floor":1},{"not_picked":["Calculated Gamble","Deadly Poison"],"picked":"Footwork","floor":3},{"not_picked":["All Out Attack","Quick Slash"],"picked":"Cloak And Dagger","floor":4},{"not_picked":["Corpse Explosion","Deflect"],"picked":"Dodge and Roll","floor":5},{"not_picked":["Skewer","Underhanded Strike"],"picked":"Catalyst","floor":7},{"not_picked":["Predator","Quick Slash","Prepared"],"picked":"Sucker Punch","floor":12},{"not_picked":["Dagger Spray","Flying Knee","Quick Slash"],"picked":"Endless Agony","floor":14},{"not_picked":["Tools of the Trade","Tactician","Venomology"],"picked":"Night Terror","floor":16},{"not_picked":["Eviscerate","Skewer","Choke"],"picked":"Deflect","floor":18},{"not_picked":["Bane","Dagger Spray","Endless Agony"],"picked":"Cloak And Dagger","floor":19},{"not_picked":["Catalyst","Bouncing Flask","Backflip"],"picked":"Noxious Fumes","floor":21},{"not_picked":["All Out Attack","Acrobatics","Storm of Steel"],"picked":"Cloak And Dagger","floor":23}],"player_experience":389809,"potions_floor_usage":[7,16,16,24],"damage_taken":[{"damage":0,"enemies":"2 Louse","floor":1,"turns":4},{"damage":0,"enemies":"Small Slimes","floor":3,"turns":3},{"damage":0,"enemies":"Jaw Worm","floor":4,"turns":5},{"damage":1,"enemies":"Looter","floor":5,"turns":3},{"damage":10,"enemies":"Lagavulin","floor":7,"turns":8},{"damage":0,"enemies":"3 Louse","floor":12,"turns":4},{"damage":11,"enemies":"3 Sentries","floor":14,"turns":12},{"damage":35,"enemies":"Slime Boss","floor":16,"turns":16},{"damage":12,"enemies":"Spheric Guardian","floor":18,"turns":8},{"damage":0,"enemies":"3 Byrds","floor":19,"turns":7},{"damage":8,"enemies":"Centurion and Healer","floor":21,"turns":9},{"damage":26,"enemies":"Snecko","floor":22,"turns":5},{"damage":38,"enemies":"Gremlin Leader","floor":24,"turns":5}],"event_choices":[{"event_name":"Living Wall","player_choice":"Change","floor":2,"damage_taken":0},{"event_name":"Liars Game","player_choice":"disagreed","floor":11,"damage_taken":0},{"event_name":"Drug Dealer","player_choice":"Got JAXXED","floor":20,"damage_taken":0}],"boss_relics":[{"not_picked":["Runic Pyramid","Calling Bell"],"picked":"Cursed Key"}],"potions_floor_spawned":[1,3,7,12,21],"seed_played":"-7729688539525601988","killed_by":"Gremlin Leader","ascension_level":13,"is_trial":false}