{"gold_per_floor":[111,128,143,22,35,63,80,114,139,139,139,139,153,186,186,288,288,298,310,310,326,338,371,271,297,297,309,309,309,30,60,60,165,165,179,179,102,102,122,122,149,168,168,187,220,220,70,87,87,87],"floor_reached":51,"playtime":3692,"items_purged":["Strike_B","Strike_B","Zap","Darkness"],"score":1028,"play_id":"02ad8315-8b2c-4b54-a043-d446ab00bbe4","local_time":"20181103103316","is_ascension_mode":true,"campfire_choices":[{"data":"Streamline","floor":10,"key":"SMITH"},{"data":"Chill","floor":12,"key":"SMITH"},{"data":"Genetic Algorithm","floor":15,"key":"SMITH"},{"data":"Creative AI","floor":29,"key":"SMITH"},{"data":"All For One","floor":32,"key":"SMITH"},{"data":"Scrape","floor":40,"key":"SMITH"},{"floor":49,"key":"REST"}],"neow_cost":"NONE","seed_source_timestamp":1287456502752480,"circlet_count":0,"master_deck":["Defend_B","Defend_B+1","Dualcast","Gash+1","Gash","Cold Snap","Chill+1","Streamline+1","Gash","Genetic Algorithm+1","Cold Snap","Blizzard","Cold Snap+1","Creative AI+1","Coolheaded+1","Cold Snap","All For One","Bite","Bite","Bite","Bite","Bite","All For One+1","Echo Form","Gash","Cold Snap+1","FTL+1","Glacier","Scrape+1","Parasite"],"relics":["Cracked Core","NeowsBlessing","Thread and Needle","Anchor","Centennial Puzzle","Sozu","War Paint","Pen Nib","Sundial","Whetstone","Orrery","Ancient Tea Set","Gremlin Horn","WingedGreaves","Regal Pillow"],"potions_floor_usage":[8,16,16,33],"damage_taken":[{"damage":0,"enemies":"Small Slimes","floor":1,"turns":1},{"damage":0,"enemies":"Cultist","floor":2,"turns":1},{"damage":0,"enemies":"Jaw Worm","floor":3,"turns":1},{"damage":10,"enemies":"Large Slime","floor":5,"turns":4},{"damage":9,"enemies":"3 Sentries","floor":6,"turns":8},{"damage":4,"enemies":"Exordium Wildlife","floor":7,"turns":2},{"damage":15,"enemies":"Lagavulin","floor":8,"turns":6},{"damage":0,"enemies":"Exordium Thugs","floor":13,"turns":3},{"damage":10,"enemies":"3 Sentries","floor":14,"turns":6},{"damage":1,"enemies":"Slime Boss","floor":16,"turns":10},{"damage":11,"enemies":"Chosen","floor":18,"turns":5},{"damage":10,"enemies":"Shell Parasite","floor":19,"turns":5},{"damage":6,"enemies":"Snake Plant","floor":21,"turns":4},{"damage":2,"enemies":"Cultist and Chosen","floor":22,"turns":6},{"damage":3,"enemies":"Slavers","floor":23,"turns":6},{"damage":10,"enemies":"Book of Stabbing","floor":25,"turns":5},{"damage":0,"enemies":"3 Cultists","floor":27,"turns":6},{"damage":0,"enemies":"Gremlin Leader","floor":31,"turns":6},{"damage":40,"enemies":"Automaton","floor":33,"turns":8},{"damage":13,"enemies":"Orb Walker","floor":35,"turns":4},{"damage":1,"enemies":"3 Darklings","floor":39,"turns":4},{"damage":4,"enemies":"Giant Head","floor":41,"turns":10},{"damage":9,"enemies":"Maw","floor":42,"turns":5},{"damage":0,"enemies":"Writhing Mass","floor":44,"turns":3},{"damage":43,"enemies":"Nemesis","floor":45,"turns":7},{"damage":0,"enemies":"Jaw Worm Horde","floor":48,"turns":4},{"damage":71,"enemies":"Donu and Deca","floor":50,"turns":11}],"seed_played":"-3923097387917322368","potions_obtained":[{"floor":6,"key":"FocusPotion"},{"floor":8,"key":"Energy Potion"},{"floor":13,"key":"Dexterity Potion"},{"floor":16,"key":"Fire Potion"}],"is_trial":false,"path_per_floor":["M","M","M","$","M","E","M","E","T","R","?","R","M","E","R","B",null,"M","M","?","M","M","E","$","E","T","M","?","R","$","E","R","B",null,"M","?","$","?","M","R","E","M","T","M","E","T","$","M","R","B",null],"character_chosen":"DEFECT","items_purchased":["Cold Snap","All For One","Glacier"],"campfire_rested":1,"item_purchase_floors":[4,30,37],"current_hp_per_floor":[75,75,75,75,65,56,54,41,41,41,41,41,43,35,35,36,65,56,48,34,30,30,29,29,21,21,23,23,23,23,33,33,7,62,57,57,57,57,62,62,68,61,61,63,30,30,30,36,75,18],"gold":87,"neow_bonus":"THREE_ENEMY_KILL","is_prod":false,"is_daily":false,"chose_seed":false,"campfire_upgraded":6,"win_rate":0,"timestamp":1541259196,"path_taken":["M","M","M","$","M","E","M","E","T","R","?","R","?","E","R","BOSS","M","M","?","M","M","E","$","E","T","M","?","R","$","E","R","BOSS","M","?","?","?","M","R","E","?","T","M","E","?","$","M","R","BOSS"],"build_version":"2018-11-01","purchased_purges":4,"victory":true,"max_hp_per_floor":[75,75,75,75,75,75,75,75,75,75,75,75,75,75,75,75,75,75,75,80,80,80,80,80,80,80,80,80,80,80,80,80,80,80,80,80,80,80,80,80,80,80,80,80,80,80,80,80,80,80],"card_choices":[{"not_picked":["Compile Driver","Hologram","Darkness"],"picked":"SKIP","floor":1},{"not_picked":["Rip and Tear","Go for the Eyes"],"picked":"Gash","floor":2},{"not_picked":["Turbo","Heatsinks"],"picked":"Gash","floor":3},{"not_picked":["Undo","Streamline"],"picked":"Chill","floor":5},{"not_picked":["Multi-Cast","Aggregate","Darkness"],"picked":"SKIP","floor":6},{"not_picked":["Barrage","Darkness"],"picked":"Streamline","floor":7},{"not_picked":["Stack","Thunder Strike"],"picked":"Gash","floor":8},{"not_picked":["Streamline","Compile Driver"],"picked":"Genetic Algorithm","floor":13},{"not_picked":["Streamline","Melter"],"picked":"Cold Snap","floor":14},{"not_picked":["Sweeping Beam+1","Ball Lightning"],"picked":"Blizzard","floor":18},{"not_picked":["Turbo+1","Ball Lightning"],"picked":"Cold Snap","floor":19},{"not_picked":["Lockon","Leap"],"picked":"Creative AI","floor":21},{"not_picked":["Cold Snap","Redo"],"picked":"Coolheaded","floor":22},{"not_picked":["Darkness","Barrage"],"picked":"Cold Snap","floor":23},{"not_picked":["Steam","Stack"],"picked":"All For One","floor":25},{"not_picked":["Rebound","Redo","Compile Driver"],"picked":"SKIP","floor":27},{"not_picked":["Conserve Battery","Chill","Barrage"],"picked":"SKIP","floor":31},{"not_picked":["Fission","Seek"],"picked":"Echo Form","floor":33},{"not_picked":["Rebound","Ball Lightning+1"],"picked":"Gash","floor":34},{"not_picked":["Conserve Battery","Streamline"],"picked":"Cold Snap+1","floor":34},{"not_picked":["Leap+1","Steam"],"picked":"FTL+1","floor":35},{"not_picked":["Conserve Battery","Machine Learning"],"picked":"Scrape","floor":39},{"not_picked":["Go for the Eyes+1","Hologram","Skim+1"],"picked":"SKIP","floor":41},{"not_picked":["Rip and Tear+1","Streamline+1","Sunder+1"],"picked":"SKIP","floor":42},{"not_picked":["White Noise+1","Coolheaded+1","Glacier"],"picked":"SKIP","floor":44},{"not_picked":["Go for the Eyes","Compile Driver+1","Heatsinks"],"picked":"SKIP","floor":45},{"not_picked":["Coolheaded","Conserve Battery+1","Barrage"],"picked":"SKIP","floor":48}],"player_experience":166550,"relics_obtained":[{"floor":6,"key":"Blood Vial"},{"floor":8,"key":"Thread and Needle"},{"floor":9,"key":"Anchor"},{"floor":14,"key":"Centennial Puzzle"},{"floor":23,"key":"War Paint"},{"floor":25,"key":"Pen Nib"},{"floor":26,"key":"Sundial"},{"floor":31,"key":"Whetstone"},{"floor":41,"key":"Ancient Tea Set"},{"floor":43,"key":"Gremlin Horn"},{"floor":45,"key":"WingedGreaves"},{"floor":46,"key":"Regal Pillow"}],"event_choices":[{"cards_removed":["Strike_B"],"damage_healed":0,"gold_gain":0,"player_choice":"Offered Basic","damage_taken":0,"max_hp_gain":0,"max_hp_loss":0,"event_name":"Bonfire Elementals","floor":11,"gold_loss":0},{"damage_healed":0,"gold_gain":0,"player_choice":"Shed Blood","damage_taken":19,"max_hp_gain":5,"max_hp_loss":0,"event_name":"Forgotten Altar","floor":20,"gold_loss":0},{"damage_healed":0,"gold_gain":0,"player_choice":"Became a vampire (Vial)","damage_taken":0,"max_hp_gain":0,"max_hp_loss":0,"event_name":"Vampires","floor":28,"relics_lost":["Blood Vial"],"gold_loss":0,"cards_obtained":["Bite","Bite","Bite","Bite","Bite"]},{"cards_removed":["Defend_B"],"damage_healed":0,"gold_gain":0,"player_choice":"Purged","damage_taken":0,"max_hp_gain":0,"max_hp_loss":0,"event_name":"Purifier","floor":36,"gold_loss":0},{"damage_healed":0,"gold_gain":0,"cards_transformed":["Defend_B"],"player_choice":"Transformed","damage_taken":0,"max_hp_gain":0,"max_hp_loss":0,"event_name":"Transmorgrifier","floor":38,"gold_loss":0,"cards_obtained":["Darkness"]}],"is_beta":false,"boss_relics":[{"not_picked":["Astrolabe","Eternal Feather"],"picked":"Sozu"},{"not_picked":["Velvet Choker","Lizard Tail"],"picked":"Orrery"}],"items_purged_floors":[4,24,30,47],"is_endless":false,"potions_floor_spawned":[6,8,13,16,19,23,27,31,33,35,39,42,44,48],"ascension_level":5}