{"gold_per_floor":[116,129,146,160,160,160,194,204,204,222,222,241,251,269,269,372,372,388,313,326,345,345,345,364,364,364,23,51,51,51,83,83,179,179,189,64,82,82,82,115,115,144,144,144,144,144,174,185,185,185],"floor_reached":51,"playtime":3103,"items_purged":["Regret","Strike_R","Strike_R"],"score":1059,"play_id":"b72e860c-aad7-4fba-a410-c83e0a085403","local_time":"20190218004851","is_ascension_mode":true,"campfire_choices":[{"data":"Whirlwind","floor":6,"key":"SMITH"},{"floor":11,"key":"REST"},{"floor":15,"key":"REST"},{"data":"Flame Barrier","floor":23,"key":"SMITH"},{"data":"Battle Trance","floor":25,"key":"SMITH"},{"data":"Pommel Strike","floor":30,"key":"SMITH"},{"floor":32,"key":"REST"},{"floor":41,"key":"REST"},{"data":"Disarm","floor":44,"key":"SMITH"},{"data":"Bludgeon","floor":49,"key":"SMITH"}],"neow_cost":"TEN_PERCENT_HP_LOSS","seed_source_timestamp":2543614402235972,"circlet_count":0,"master_deck":["Strike_R","Strike_R","Strike_R","Defend_R","Defend_R","Defend_R","Defend_R","Bash","Disarm+1","Battle Trance+1","Whirlwind+1","Metallicize","Shrug It Off","Cleave","Barricade+1","Flame Barrier+1","Carnage","Juggernaut+1","Entrench","Ghostly Armor","True Grit+1","Metallicize+1","Inflame+1","Pommel Strike+1","Shrug It Off","Offering","Warcry+1","Madness","Madness","Havoc","Bludgeon+1","Finesse","Shrug It Off+1"],"relics":["Burning Blood","Incense Burner","Potion Belt","Bottled Lightning","Frozen Egg 2","Snecko Eye","PreservedInsect","Juzu Bracelet","Paper Frog","Charon\u0027s Ashes","Runic Dome","Strawberry","Bronze Scales","Kunai","Letter Opener","Question Card","Toxic Egg 2"],"potions_floor_usage":[7,16,16,20,24,31,50,50,50,50,50],"damage_taken":[{"damage":6,"enemies":"Cultist","floor":1,"turns":3},{"damage":6,"enemies":"Jaw Worm","floor":2,"turns":4},{"damage":1,"enemies":"2 Louse","floor":3,"turns":3},{"damage":6,"enemies":"Gremlin Gang","floor":4,"turns":7},{"damage":43,"enemies":"Lagavulin","floor":7,"turns":6},{"damage":11,"enemies":"Looter","floor":8,"turns":3},{"damage":13,"enemies":"Blue Slaver","floor":10,"turns":5},{"damage":26,"enemies":"Large Slime","floor":12,"turns":10},{"damage":10,"enemies":"Exordium Wildlife","floor":13,"turns":6},{"damage":0,"enemies":"2 Fungi Beasts","floor":14,"turns":2},{"damage":35,"enemies":"Hexaghost","floor":16,"turns":16},{"damage":6,"enemies":"3 Byrds","floor":18,"turns":2},{"damage":9,"enemies":"Spheric Guardian","floor":20,"turns":5},{"damage":1,"enemies":"Centurion and Healer","floor":21,"turns":8},{"damage":0,"enemies":"3 Cultists","floor":24,"turns":6},{"damage":34,"enemies":"Gremlin Leader","floor":28,"turns":8},{"damage":5,"enemies":"Slavers","floor":31,"turns":4},{"damage":0,"enemies":"Automaton","floor":33,"turns":13},{"damage":6,"enemies":"3 Darklings","floor":35,"turns":6},{"damage":11,"enemies":"Orb Walker","floor":37,"turns":3},{"damage":30,"enemies":"Reptomancer","floor":40,"turns":7},{"damage":0,"enemies":"Giant Head","floor":42,"turns":9},{"damage":0,"enemies":"Reptomancer","floor":47,"turns":4},{"damage":6,"enemies":"Spire Growth","floor":48,"turns":3},{"damage":24,"enemies":"Awakened One","floor":50,"turns":13}],"seed_played":"4924447056311106005","potions_obtained":[{"floor":3,"key":"BloodPotion"},{"floor":4,"key":"GamblersBrew"},{"floor":7,"key":"BloodPotion"},{"floor":10,"key":"SpeedPotion"},{"floor":12,"key":"PowerPotion"},{"floor":18,"key":"EssenceOfSteel"},{"floor":20,"key":"Fruit Juice"},{"floor":28,"key":"Dexterity Potion"},{"floor":31,"key":"SpeedPotion"},{"floor":37,"key":"SpeedPotion"},{"floor":47,"key":"AttackPotion"}],"is_trial":false,"path_per_floor":["M","M","M","M","?","R","E","M","T","M","R","M","M","M","R","B",null,"M","$","M","M","?","R","M","R","T","$","E","?","R","E","R","B",null,"M","$","M","?","?","E","R","E","T","R","?","T","E","M","R","B",null],"character_chosen":"IRONCLAD","items_purchased":["Juzu Bracelet","Inflame+1","Pommel Strike"],"campfire_rested":4,"item_purchase_floors":[27,27,27],"current_hp_per_floor":[72,72,72,72,72,72,35,30,30,23,44,24,20,26,47,18,59,59,59,61,66,66,66,72,72,72,72,44,44,44,45,68,74,76,76,76,71,61,68,44,69,75,75,75,75,75,81,81,81,79],"gold":185,"neow_bonus":"ONE_RARE_RELIC","is_prod":false,"is_daily":false,"chose_seed":false,"campfire_upgraded":6,"win_rate":0,"timestamp":1550468931,"path_taken":["M","M","M","M","?","R","E","M","T","M","R","M","M","M","R","BOSS","M","$","M","M","?","R","M","R","T","$","E","?","R","E","R","BOSS","M","$","M","?","?","E","R","E","T","R","?","?","E","M","R","BOSS"],"build_version":"2019-01-23","purchased_purges":3,"victory":true,"max_hp_per_floor":[72,72,72,72,72,72,72,72,72,72,72,72,72,72,72,72,72,72,72,77,77,77,77,77,77,77,77,77,77,77,77,77,77,77,77,77,77,77,84,84,84,84,84,84,84,84,84,84,84,84],"card_choices":[{"not_picked":["Warcry","Bloodletting"],"picked":"Disarm","floor":1},{"not_picked":["Sever Soul","Cleave"],"picked":"Battle Trance","floor":2},{"not_picked":["Evolve","Combust"],"picked":"Whirlwind","floor":3},{"not_picked":["Warcry","Body Slam"],"picked":"Headbutt","floor":4},{"not_picked":["Intimidate","Juggernaut"],"picked":"Metallicize","floor":7},{"not_picked":["Dual Wield","Cleave"],"picked":"Shrug It Off","floor":8},{"not_picked":["Second Wind","Warcry"],"picked":"Cleave","floor":10},{"not_picked":["Heavy Blade","Rupture+1"],"picked":"Barricade+1","floor":12},{"not_picked":["Body Slam","Clothesline"],"picked":"Flame Barrier","floor":13},{"not_picked":["Power Through","Ghostly Armor"],"picked":"Carnage","floor":14},{"not_picked":["Barricade+1","Limit Break"],"picked":"Juggernaut+1","floor":16},{"not_picked":["Feel No Pain+1","Seeing Red"],"picked":"Entrench","floor":18},{"not_picked":["Warcry","Perfected Strike+1"],"picked":"Ghostly Armor","floor":20},{"not_picked":["Shockwave","Perfected Strike"],"picked":"True Grit+1","floor":21},{"not_picked":["Havoc","Wild Strike+1"],"picked":"Metallicize+1","floor":24},{"not_picked":["Havoc","Immolate","Evolve+1"],"picked":"SKIP","floor":28},{"not_picked":["Bloodletting","Twin Strike","Reckless Charge+1"],"picked":"SKIP","floor":31},{"not_picked":["Berserk+1","Brutality+1"],"picked":"Offering","floor":33},{"not_picked":["Clash+1","Perfected Strike+1","Flex"],"picked":"SKIP","floor":35},{"not_picked":["Rupture+1","Wild Strike+1"],"picked":"Warcry+1","floor":37},{"not_picked":["Power Through+1","Inflame+1"],"picked":"Havoc","floor":40},{"not_picked":["Corruption+1","Searing Blow"],"picked":"Bludgeon","floor":42},{"not_picked":["Madness","Mayhem+1"],"picked":"Finesse","floor":45},{"not_picked":["Warcry","Pummel","Battle Trance","Headbutt"],"picked":"SKIP","floor":47},{"not_picked":["Flex+1","Iron Wave","Twin Strike+1"],"picked":"Shrug It Off+1","floor":48}],"player_experience":661241,"relics_obtained":[{"floor":7,"key":"Bottled Lightning"},{"floor":9,"key":"Frozen Egg 2"},{"floor":26,"key":"PreservedInsect"},{"floor":28,"key":"Paper Frog"},{"floor":31,"key":"Charon\u0027s Ashes"},{"floor":40,"key":"Bronze Scales"},{"floor":42,"key":"Kunai"},{"floor":43,"key":"Letter Opener"},{"floor":46,"key":"Question Card"},{"floor":47,"key":"Toxic Egg 2"}],"event_choices":[{"damage_healed":0,"gold_gain":0,"player_choice":"Box","damage_taken":0,"relics_obtained":["Potion Belt"],"max_hp_gain":0,"max_hp_loss":0,"event_name":"Big Fish","floor":5,"gold_loss":0,"cards_obtained":["Regret"]},{"damage_healed":0,"gold_gain":0,"player_choice":"Ignored","damage_taken":0,"max_hp_gain":0,"max_hp_loss":0,"event_name":"Ghosts","floor":22,"gold_loss":0},{"damage_healed":0,"gold_gain":0,"player_choice":"1 cards matched","damage_taken":0,"max_hp_gain":0,"max_hp_loss":0,"event_name":"Match and Keep!","floor":29,"gold_loss":0,"cards_obtained":["Shrug It Off"]},{"damage_healed":0,"gold_gain":0,"player_choice":"Embrace Madness","damage_taken":10,"max_hp_gain":0,"max_hp_loss":0,"event_name":"Winding Halls","floor":38,"gold_loss":0,"cards_obtained":["Madness","Madness"]},{"cards_removed":["Headbutt"],"damage_healed":0,"gold_gain":0,"player_choice":"Gave Card","damage_taken":0,"relics_obtained":["Strawberry"],"max_hp_gain":0,"max_hp_loss":0,"event_name":"WeMeetAgain","floor":39,"gold_loss":0},{"damage_healed":0,"gold_gain":0,"player_choice":"Memory 1","damage_taken":0,"max_hp_gain":0,"max_hp_loss":0,"event_name":"SensoryStone","floor":45,"gold_loss":0}],"is_beta":false,"boss_relics":[{"not_picked":["Pandora\u0027s Box","White Beast Statue"],"picked":"Snecko Eye"},{"not_picked":["Runic Cube","Calling Bell"],"picked":"Runic Dome"}],"items_purged_floors":[19,27,36],"is_endless":false,"potions_floor_spawned":[3,4,7,10,12,18,20,28,31,37,47],"ascension_level":5}