{"path_per_floor":["M","M","?","?","M","E","R","M","T","R","M","E","M","$","R","B",null,"M","$","?","M","M","R","?","?","T","?","M","M","R","$","R","B",null,"M","?","$","M","M","R","M","M","T","M","R","?","?","$","R","B"],"character_chosen":"THE_SILENT","items_purchased":["Noxious Fumes","Whetstone","Footwork","Predator","Acrobatics","Pen Nib"],"gold_per_floor":[111,128,128,128,144,177,177,188,188,188,201,233,246,53,53,151,151,167,56,56,66,81,81,181,181,207,122,136,150,150,50,50,150,150,160,160,33,48,62,62,75,87,141,161,161,161,161,16,16,16],"floor_reached":51,"campfire_rested":1,"playtime":3807,"current_hp_per_floor":[70,70,70,67,67,55,55,55,55,55,55,47,47,47,47,24,70,67,67,51,51,49,49,49,40,40,40,35,35,35,35,35,34,75,50,50,50,46,48,48,42,39,39,37,74,74,74,74,74,70],"items_purged":["Strike_G","Strike_G"],"gold":16,"play_id":"b1c060be-d6c3-4b05-b6f7-a092148489ae","is_prod":false,"is_daily":false,"is_ascension_mode":false,"campfire_upgraded":8,"path_taken":["M","?","?","?","?","E","R","?","T","R","M","E","M","$","R","BOSS","M","$","?","M","M","R","?","?","T","?","?","M","R","?","R","BOSS","M","?","$","M","M","R","M","M","T","M","R","?","?","?","R","BOSS"],"build_version":"2018-01-25-PROD3","purchased_purges":2,"victory":true,"master_deck":["Defend_G","Defend_G","Defend_G","Defend_G","Defend_G","Strike_G+1","Survivor","Neutralize","Predator+1","Cloak And Dagger+1","Leg Sweep","Envenom+1","Leg Sweep","Backflip","Bullet Time+1","Quick Slash+1","Noxious Fumes+1","Phantasmal Killer","Outmaneuver","Footwork+1","Deadly Poison+1","Dagger Throw+1","Terror","Choke+1","Burst+1","Parasite","Writhe","Injury","Predator+1","Acrobatics","Die Die Die","Flying Knee+1","Malaise","After Image"],"max_hp_per_floor":[70,70,70,70,70,70,70,70,70,70,70,70,70,70,70,70,70,70,70,70,70,70,70,70,75,75,75,75,75,75,75,75,75,75,75,75,75,75,75,75,75,75,75,75,75,75,75,75,75,75],"relics":["Ring of the Snake","NeowsBlessing","Orichalcum","Regal Pillow","Ancient Tea Set","Anchor","Whetstone","Sozu","Enchiridion","Frozen Egg","Paper Crane","Calling Bell","Blood Vial","Vajra","Mummified Hand","Tiny Chest","Pen Nib"],"card_choices":[{"not_picked":["Sucker Punch","Finisher"],"picked":"Predator"},{"not_picked":["Distraction","Dagger Spray"],"picked":"Cloak And Dagger"},{"not_picked":["Prepared","Concentrate"],"picked":"Leg Sweep"},{"not_picked":["Deadly Poison","Reflex"],"picked":"Envenom"},{"not_picked":["Deflect","Underhanded Strike"],"picked":"Leg Sweep"},{"not_picked":["Acrobatics","Cloak And Dagger"],"picked":"Backflip"},{"not_picked":["Caltrops","Underhanded Strike"],"picked":"Bullet Time"},{"not_picked":["Dodge and Roll","Heel Hook"],"picked":"Quick Slash"},{"not_picked":["Wraith Form","Unload"],"picked":"Phantasmal Killer"},{"not_picked":["Backflip","Reflex"],"picked":"Outmaneuver"},{"not_picked":["Prepared","Leg Sweep"],"picked":"Deadly Poison"},{"not_picked":["Underhanded Strike","Dagger Spray"],"picked":"Dagger Throw"},{"not_picked":["Eviscerate","Riddle With Holes"],"picked":"Terror"},{"not_picked":["PiercingWail","Flying Knee"],"picked":"Choke"},{"not_picked":["Venomology","Corpse Explosion"],"picked":"Burst"},{"not_picked":["Dagger Spray","Slice"],"picked":"Die Die Die"},{"not_picked":["Dagger Throw","PiercingWail"],"picked":"Flying Knee"},{"not_picked":["Calculated Gamble","Acrobatics"],"picked":"Malaise"}],"player_experience":269085,"potions_floor_usage":[6,12],"damage_taken":[{"damage":0,"enemies":"Blue Slaver","floor":1,"turns":1},{"damage":0,"enemies":"Jaw Worm","floor":2,"turns":1},{"damage":0,"enemies":"Small Slimes","floor":5,"turns":1},{"damage":12,"enemies":"Gremlin Nob","floor":6,"turns":6},{"damage":0,"enemies":"2 Fungi Beasts","floor":8,"turns":4},{"damage":0,"enemies":"3 Louse","floor":11,"turns":4},{"damage":8,"enemies":"3 Sentries","floor":12,"turns":11},{"damage":0,"enemies":"Lots of Slimes","floor":13,"turns":5},{"damage":23,"enemies":"Hexaghost","floor":16,"turns":10},{"damage":3,"enemies":"3 Byrds","floor":18,"turns":6},{"damage":0,"enemies":"Chosen","floor":21,"turns":5},{"damage":2,"enemies":"Centurion and Healer","floor":22,"turns":6},{"damage":5,"enemies":"3 Cultists","floor":28,"turns":6},{"damage":0,"enemies":"Sentry and Sphere","floor":29,"turns":4},{"damage":1,"enemies":"Champ","floor":33,"turns":11},{"damage":25,"enemies":"3 Darklings","floor":35,"turns":5},{"damage":6,"enemies":"Orb Walker","floor":38,"turns":3},{"damage":0,"enemies":"Maw","floor":39,"turns":7},{"damage":8,"enemies":"3 Darklings","floor":41,"turns":5},{"damage":5,"enemies":"4 Shapes","floor":42,"turns":5},{"damage":4,"enemies":"Sphere and 2 Shapes","floor":44,"turns":7},{"damage":5,"enemies":"Time Eater","floor":50,"turns":15}],"event_choices":[{"event_name":"Living Wall","player_choice":"Forget","floor":3,"damage_taken":0},{"event_name":"Scrap Ooze","player_choice":"success","floor":4,"damage_taken":3},{"event_name":"Cursed Tome","player_choice":"Obtained Book","floor":20,"damage_taken":0},{"event_name":"Golden Shrine","player_choice":"Pray","floor":24,"damage_taken":0},{"event_name":"Forgotten Altar","player_choice":"Shed Blood","floor":25,"damage_taken":0},{"event_name":"Addict","player_choice":"Obtained Relic","floor":27,"damage_taken":0},{"event_name":"The Lab","player_choice":"Got Potions","floor":36,"damage_taken":0},{"event_name":"Match and Keep!","player_choice":"1 cards matched","floor":47,"damage_taken":0}],"boss_relics":[{"not_picked":["Eternal Feather","Black Star"],"picked":"Sozu"},{"not_picked":["Question Card","Runic Pyramid"],"picked":"Calling Bell"}],"potions_floor_spawned":[5,6,11,12,16,21,29,33,38,42],"seed_played":"7081884689696630782","ascension_level":0,"is_trial":false}