{"gold_per_floor":[115,115,190,6,25,25,64,77,101,101,179,354,374,398,398,523,523,546,571,42,56,331,374,394,435,510,0,0,16,39,53,53,53],"floor_reached":33,"playtime":3004,"items_purged":["Doubt","Defend_B"],"score":314,"play_id":"4a9ce0bc-2cf9-42bf-9190-b2570f4c5074","local_time":"20181117140557","is_ascension_mode":false,"campfire_choices":[{"data":"Zap","floor":6,"key":"SMITH"},{"data":"Sunder","floor":10,"key":"SMITH"},{"floor":15,"key":"REST"},{"data":"Go for the Eyes","floor":28,"key":"SMITH"},{"data":"Fission","floor":32,"key":"SMITH"}],"neow_cost":"NONE","seed_source_timestamp":216054049516020,"circlet_count":0,"master_deck":["Strike_B","Strike_B","Strike_B","Strike_B","Defend_B","Defend_B","Defend_B","Zap+1","Dualcast","Cold Snap","Capacitor","Steam","Sunder+1","Go for the Eyes+1","Conserve Battery","Cold Snap","Cold Snap","Compile Driver","Capacitor","Creative AI","Coolheaded","Electrodynamics","Go for the Eyes","Turbo","Glacier","Regret","Ball Lightning","Aggregate+1","Echo Form","Self Repair","Fission+1"],"relics":["Cracked Core","Blood Vial","Golden Idol","Orichalcum","Centennial Puzzle","Art of War","Inserter","Medical Kit","Bottled Tornado","Symbiotic Virus","Molten Egg 2","Gremlin Horn"],"potions_floor_usage":[7,24,33,33,33,33,33,33],"damage_taken":[{"damage":0,"enemies":"2 Louse","floor":1,"turns":2},{"damage":0,"enemies":"Small Slimes","floor":5,"turns":2},{"damage":23,"enemies":"Gremlin Nob","floor":7,"turns":5},{"damage":0,"enemies":"Cultist","floor":8,"turns":3},{"damage":9,"enemies":"3 Sentries","floor":11,"turns":6},{"damage":4,"enemies":"3 Louse","floor":13,"turns":2},{"damage":0,"enemies":"Large Slime","floor":14,"turns":3},{"damage":21,"enemies":"Hexaghost","floor":16,"turns":16},{"damage":9,"enemies":"3 Byrds","floor":18,"turns":7},{"damage":3,"enemies":"Chosen","floor":19,"turns":5},{"damage":2,"enemies":"Snecko","floor":21,"turns":4},{"damage":23,"enemies":"Slavers","floor":23,"turns":4},{"damage":10,"enemies":"Shelled Parasite and Fungi","floor":24,"turns":7},{"damage":8,"enemies":"Gremlin Leader","floor":25,"turns":9},{"damage":2,"enemies":"Cultist and Chosen","floor":29,"turns":5},{"damage":5,"enemies":"3 Cultists","floor":30,"turns":3},{"damage":8,"enemies":"Snecko","floor":31,"turns":7},{"damage":55,"enemies":"Automaton","floor":33,"turns":6}],"seed_played":"-1741146464935682331","potions_obtained":[{"floor":5,"key":"SkillPotion"},{"floor":8,"key":"Weak Potion"},{"floor":11,"key":"AttackPotion"},{"floor":16,"key":"Dexterity Potion"},{"floor":21,"key":"Poison Potion"},{"floor":23,"key":"EssenceOfSteel"},{"floor":29,"key":"EntropicBrew"}],"is_trial":false,"path_per_floor":["M","?","?","$","M","R","E","M","T","R","?","?","M","M","R","B",null,"M","M","$","M","?","E","M","E","T","$","R","M","M","M","R","B"],"character_chosen":"DEFECT","items_purchased":["Capacitor","Steam","Sunder","Electrodynamics","Go for the Eyes","Medical Kit","Turbo","Echo Form","Gremlin Horn"],"campfire_rested":1,"item_purchase_floors":[4,4,4,20,20,20,20,27,27],"current_hp_per_floor":[75,57,50,50,52,52,31,33,33,33,26,26,24,26,48,29,75,66,65,65,65,65,44,36,30,30,30,30,30,34,42,42,0],"gold":53,"neow_bonus":"RANDOM_COMMON_RELIC","is_prod":false,"is_daily":false,"chose_seed":false,"campfire_upgraded":4,"win_rate":0,"timestamp":1542481557,"path_taken":["M","?","?","$","M","R","E","?","T","R","?","?","M","M","R","BOSS","M","M","$","M","?","E","M","E","T","?","R","M","M","M","R","BOSS"],"build_version":"2018-11-15","purchased_purges":2,"victory":false,"max_hp_per_floor":[75,75,75,75,75,75,75,75,75,75,75,75,75,75,75,75,75,75,75,75,75,75,75,75,75,75,75,75,75,75,75,75,75],"card_choices":[{"not_picked":["Go for the Eyes","Turbo"],"picked":"Cold Snap","floor":1},{"not_picked":["Streamline","Compile Driver"],"picked":"Go for the Eyes","floor":5},{"not_picked":["Hello World","Reprogram"],"picked":"Conserve Battery","floor":7},{"not_picked":["Turbo","Hello World"],"picked":"Cold Snap","floor":8},{"not_picked":["Coolheaded","Barrage"],"picked":"Cold Snap","floor":11},{"not_picked":["Sweeping Beam","Streamline"],"picked":"Compile Driver","floor":13},{"not_picked":["Storm","Streamline"],"picked":"Capacitor","floor":14},{"not_picked":["Seek","All For One"],"picked":"Creative AI","floor":16},{"not_picked":["Redo","Stack"],"picked":"Coolheaded","floor":18},{"not_picked":["Leap","Rebound","Redo+1"],"picked":"SKIP","floor":19},{"not_picked":["Sweeping Beam","Compile Driver"],"picked":"Glacier","floor":21},{"not_picked":["Gash","Fusion","Capacitor"],"picked":"SKIP","floor":23},{"not_picked":["Capacitor+1","Skim"],"picked":"Ball Lightning","floor":24},{"not_picked":["Leap","Compile Driver"],"picked":"Aggregate+1","floor":25},{"not_picked":["Compile Driver+1","Hologram+1"],"picked":"Self Repair","floor":29},{"not_picked":["Turbo","Compile Driver+1"],"picked":"Fission","floor":30},{"not_picked":["Steam+1","Rebound+1","Melter+1"],"picked":"SKIP","floor":31}],"player_experience":1163029,"relics_obtained":[{"floor":7,"key":"Orichalcum"},{"floor":9,"key":"Centennial Puzzle"},{"floor":11,"key":"Art of War"},{"floor":23,"key":"Bottled Tornado"},{"floor":25,"key":"Symbiotic Virus"},{"floor":26,"key":"Molten Egg 2"}],"event_choices":[{"damage_healed":0,"gold_gain":0,"player_choice":"Take Damage","damage_taken":18,"relics_obtained":["Golden Idol"],"max_hp_gain":0,"max_hp_loss":0,"event_name":"Golden Idol","floor":2,"gold_loss":0},{"damage_healed":0,"gold_gain":75,"player_choice":"Touch","damage_taken":7,"max_hp_gain":0,"max_hp_loss":0,"event_name":"FaceTrader","floor":3,"gold_loss":0},{"damage_healed":0,"gold_gain":0,"player_choice":"Searched \u00271\u0027 times","damage_taken":0,"max_hp_gain":0,"max_hp_loss":0,"event_name":"Dead Adventurer","floor":11,"gold_loss":0},{"damage_healed":0,"gold_gain":175,"player_choice":"AGREE","damage_taken":0,"max_hp_gain":0,"max_hp_loss":0,"event_name":"Liars Game","floor":12,"gold_loss":0,"cards_obtained":["Doubt"]},{"damage_healed":0,"gold_gain":275,"player_choice":"Desecrate","damage_taken":0,"max_hp_gain":0,"max_hp_loss":0,"event_name":"Golden Shrine","floor":22,"gold_loss":0,"cards_obtained":["Regret"]}],"is_beta":false,"boss_relics":[{"not_picked":["Sozu","Snecko Eye"],"picked":"Inserter"}],"items_purged_floors":[20,27],"is_endless":false,"potions_floor_spawned":[5,8,11,16,21,23,29,31],"killed_by":"Automaton","ascension_level":0}