{"gold_per_floor":[118,136,156,156,56,85,98,127,180,514,529,558,62,78,78,179,229,247,257,182,194,209,5,34,34,34,34,49,62,88,101,101,201,201,214,229,282,294,308,335,346,346,425,435,454,474,42,57,57,57],"floor_reached":51,"playtime":10269,"items_purged":["Regret","Strike_B","Defend_B","Strike_B"],"score":834,"play_id":"b5dde457-fdaf-4e51-a252-91f0b2176a33","local_time":"20180927115126","is_ascension_mode":false,"campfire_choices":[{"data":"Chill","floor":15.0,"key":"SMITH"},{"data":"Defragment","floor":32,"key":"SMITH"},{"data":"Echo Form","floor":42,"key":"SMITH"},{"floor":49,"key":"REST"}],"neow_cost":"NONE","seed_source_timestamp":0,"circlet_count":0,"master_deck":["Defend_B+1","Defend_B","Zap","Dualcast","Chill+1","Leap","Cold Snap+1","Coolheaded","Redo","Self Repair","Force Field","Barrage+1","Hologram","Echo Form+1","BootSequence","Redo","Barrage","Auto Shields","Streamline+1","Conserve Battery+1","Double Energy","Leap","Capacitor","Capacitor+1","Coolheaded+1","Streamline+1","Defragment+1","Amplify","Storm","Glacier+1","White Noise+1","Coolheaded+1","Loop+1","Capacitor+1","Heatsinks"],"special_seed":0,"relics":["Cracked Core","Blood Vial","Mercury Hourglass","Boot","Potion Belt","Old Coin","Pen Nib","Anchor","Tiny House","Gremlin Horn","Mummified Hand","Thread and Needle","MutagenicStrength","Pantograph","Empty Cage","Shovel","Whetstone","Sundial","TheAbacus"],"potions_floor_usage":[33,33,33,50,50,50,50,50,50,50],"damage_taken":[{"damage":0.0,"enemies":"Small Slimes","floor":1.0,"turns":4.0},{"damage":0.0,"enemies":"2 Louse","floor":2.0,"turns":2.0},{"damage":0.0,"enemies":"Cultist","floor":3.0,"turns":3.0},{"damage":18.0,"enemies":"Lagavulin","floor":6.0,"turns":13.0},{"damage":4.0,"enemies":"Exordium Wildlife","floor":7.0,"turns":5.0},{"damage":12.0,"enemies":"Gremlin Nob","floor":8.0,"turns":5.0},{"damage":7.0,"enemies":"Lagavulin","floor":10.0,"turns":8.0},{"damage":0.0,"enemies":"3 Louse","floor":11.0,"turns":3.0},{"damage":2.0,"enemies":"3 Sentries","floor":12.0,"turns":6.0},{"damage":0.0,"enemies":"Blue Slaver","floor":14.0,"turns":3.0},{"damage":37.0,"enemies":"Slime Boss","floor":16.0,"turns":11.0},{"damage":17.0,"enemies":"3 Byrds","floor":18.0,"turns":5.0},{"damage":1.0,"enemies":"Spheric Guardian","floor":19.0,"turns":3.0},{"damage":26.0,"enemies":"Snake Plant","floor":21.0,"turns":6.0},{"damage":2.0,"enemies":"Centurion and Healer","floor":22.0,"turns":8.0},{"damage":34.0,"enemies":"Book of Stabbing","floor":24.0,"turns":9.0},{"damage":2.0,"enemies":"Sentry and Sphere","floor":28.0,"turns":7.0},{"damage":10.0,"enemies":"Snecko","floor":29.0,"turns":7.0},{"damage":0.0,"enemies":"Slavers","floor":30.0,"turns":6.0},{"damage":0.0,"enemies":"Shelled Parasite and Fungi","floor":31.0,"turns":6.0},{"damage":51,"enemies":"Collector","floor":33,"turns":12},{"damage":8,"enemies":"Orb Walker","floor":35,"turns":4},{"damage":22,"enemies":"3 Darklings","floor":36,"turns":8},{"damage":6,"enemies":"Mysterious Sphere","floor":37,"turns":8},{"damage":28,"enemies":"Sphere and 2 Shapes","floor":38,"turns":6},{"damage":22,"enemies":"4 Shapes","floor":39,"turns":4},{"damage":4,"enemies":"Giant Head","floor":40,"turns":9},{"damage":3,"enemies":"Reptomancer","floor":41,"turns":6},{"damage":0,"enemies":"Spire Growth","floor":44,"turns":4},{"damage":0,"enemies":"Sphere and 2 Shapes","floor":45,"turns":3},{"damage":0,"enemies":"3 Darklings","floor":46,"turns":8},{"damage":51,"enemies":"Transient","floor":48,"turns":5},{"damage":0,"enemies":"Donu and Deca","floor":50,"turns":13}],"seed_played":"-1950416947384047489","potions_obtained":[{"floor":6.0,"key":"SkillPotion"},{"floor":7.0,"key":"EssenceOfSteel"},{"floor":8.0,"key":"SteroidPotion"},{"floor":14.0,"key":"EntropicBrew"},{"floor":16.0,"key":"SkillPotion"},{"floor":17.0,"key":"Weak Potion"},{"floor":18.0,"key":"Swift Potion"},{"floor":21.0,"key":"Regen Potion"},{"floor":29.0,"key":"Weak Potion"},{"floor":30.0,"key":"Regen Potion"},{"floor":38,"key":"FocusPotion"},{"floor":39,"key":"LiquidBronze"},{"floor":41,"key":"GamblersBrew"},{"floor":44,"key":"FairyPotion"},{"floor":45,"key":"Regen Potion"}],"is_trial":false,"path_per_floor":["M","M","M","?","$","E","M","E","T","E","M","E","$","M","R","B",null,"M","M","?","M","M","$","E","T","T","?","M","M","E","M","R","B",null,"M","M","?","M","M","E","M","R","T","M","M","M","$","M","R","B"],"character_chosen":"DEFECT","items_purchased":["Redo","Echo Form","BootSequence","Redo","Anchor","Capacitor","TheAbacus","Heatsinks"],"campfire_rested":1,"item_purchase_floors":[5,13,13,13,13,23,47,47],"current_hp_per_floor":[75,75,75,75,75,57,62,59,59,61,63,70,70,75,75,45,80,77,78,78,61,75,75,50,50,50,50,57,49,58,67,67,80,80,79,65,75,49,29,34,40,40,40,49,51,60,60,18,42,80],"gold":57,"neow_bonus":"THREE_CARDS","is_prod":false,"is_daily":false,"chose_seed":false,"campfire_upgraded":3,"win_rate":0.0,"timestamp":1538038286,"path_taken":["M","M","M","?","$","E","M","E","T","E","M","E","$","M","R","BOSS","M","M","?","M","M","$","E","?","T","?","M","M","E","M","R","BOSS","M","M","?","M","M","E","M","R","T","M","M","M","$","?","R","BOSS"],"build_version":"2018-09-20","purchased_purges":4,"victory":true,"max_hp_per_floor":[75,75,75,75,75,75,75,75,75,75,75,75,75,75,75,75,80,80,80,80,80,80,80,80,80,80,80,80,80,80,80,80,80,80,80,80,80,80,80,80,80,80,80,80,80,80,80,80,80,80],"card_choices":[{"not_picked":["Go for the Eyes","Leap"],"picked":"Chill","floor":0.0},{"not_picked":["Gash","Stack"],"picked":"Leap","floor":1.0},{"not_picked":["Leap","Redo"],"picked":"Cold Snap","floor":2.0},{"not_picked":["Redo","Static Discharge"],"picked":"Coolheaded","floor":3.0},{"not_picked":["Coolheaded","Rebound"],"picked":"Self Repair","floor":6.0},{"not_picked":["Gash","Coolheaded"],"picked":"Force Field","floor":7.0},{"not_picked":["Chaos","Redo"],"picked":"Barrage","floor":8.0},{"not_picked":["Gash","Rebound"],"picked":"Hologram","floor":10.0},{"not_picked":["Undo","Streamline","Redo"],"picked":"SKIP","floor":11.0},{"not_picked":["Thunder Strike","Beam Cell","Streamline"],"picked":"SKIP","floor":12.0},{"not_picked":["Consume","Melter"],"picked":"Barrage","floor":14.0},{"not_picked":["Go for the Eyes","Leap"],"picked":"Auto Shields","floor":17.0},{"not_picked":["Gash","Reboot"],"picked":"Streamline+1","floor":18.0},{"not_picked":["Ball Lightning+1","FTL+1"],"picked":"Conserve Battery+1","floor":19.0},{"not_picked":["Gash+1","Tempest+1"],"picked":"Double Energy","floor":21.0},{"not_picked":["Ball Lightning","Stack+1"],"picked":"Leap","floor":22.0},{"not_picked":["BootSequence","White Noise"],"picked":"Capacitor+1","floor":24.0},{"not_picked":["Rebound+1","Streamline+1"],"picked":"Coolheaded+1","floor":28.0},{"not_picked":["Gash","Storm"],"picked":"Streamline+1","floor":29.0},{"not_picked":["All For One","Beam Cell"],"picked":"Defragment","floor":30.0},{"not_picked":["Streamline","Gash+1","Stack"],"picked":"SKIP","floor":31},{"not_picked":["Multi-Cast","Machine Learning"],"picked":"Amplify","floor":33},{"not_picked":["Hologram+1","Double Energy","Cold Snap+1"],"picked":"SKIP","floor":35},{"not_picked":["Go for the Eyes+1","Ball Lightning"],"picked":"Storm","floor":36},{"not_picked":["Sweeping Beam","Scrape"],"picked":"Glacier+1","floor":38},{"not_picked":["Genetic Algorithm+1","Fusion+1"],"picked":"White Noise+1","floor":39},{"not_picked":["Barrage","Gash","Genetic Algorithm+1"],"picked":"SKIP","floor":40},{"not_picked":["Barrage","Compile Driver+1"],"picked":"Coolheaded+1","floor":41},{"not_picked":["Auto Shields+1","Steam"],"picked":"Loop+1","floor":44},{"not_picked":["Compile Driver","Go for the Eyes+1"],"picked":"Capacitor+1","floor":45},{"not_picked":["Melter+1","Redo+1","BootSequence"],"picked":"SKIP","floor":46},{"not_picked":["Leap+1","Streamline","Redo+1"],"picked":"SKIP","floor":48}],"player_experience":115890,"relics_obtained":[{"floor":6.0,"key":"Mercury Hourglass"},{"floor":8.0,"key":"Boot"},{"floor":9.0,"key":"Potion Belt"},{"floor":10.0,"key":"Old Coin"},{"floor":12.0,"key":"Pen Nib"},{"floor":24.0,"key":"Gremlin Horn"},{"floor":25.0,"key":"Mummified Hand"},{"floor":26.0,"key":"Thread and Needle"},{"floor":30.0,"key":"Pantograph"},{"floor":37,"key":"Shovel"},{"floor":40,"key":"Whetstone"},{"floor":43,"key":"Sundial"}],"event_choices":[{"event_name":"Big Fish","player_choice":"Box","floor":4.0,"damage_taken":0.0},{"event_name":"Beggar","player_choice":"Gave Gold","floor":20.0,"damage_taken":0.0},{"event_name":"Drug Dealer","player_choice":"Inject Mutagens","floor":27.0,"damage_taken":0.0},{"event_name":"Mysterious Sphere","player_choice":"Fight","floor":37,"damage_taken":0}],"is_beta":false,"boss_relics":[{"not_picked":["Lizard Tail","Snecko Eye"],"picked":"Tiny House"},{"not_picked":["Calling Bell","White Beast Statue"],"picked":"Empty Cage"}],"items_purged_floors":[5,13,23,47],"is_endless":false,"potions_floor_spawned":[6,7,8,14,16,18,21,29,30,31,38,39,41,44,45],"ascension_level":0}