{"path_per_floor":["M","M","$","M","M","E","M","E","T","R","M","E","?","M","R","B",null,"M","?","M","$","?","E","R","M","T","R","E","M","?","E","R","B",null,"M","$","?","?","?","R","E","$","T","M","R","M","R","M","R","B"],"character_chosen":"THE_SILENT","items_purchased":["Molten Egg 2","Happy Flower","Juzu Bracelet","Footwork","Kunai"],"gold_per_floor":[361,379,66,81,101,130,141,173,203,203,222,247,322,334,334,408,408,421,421,434,185,185,213,213,223,223,223,248,267,267,294,294,372,372,390,265,312,312,312,312,343,79,79,97,97,115,115,125,125,125],"floor_reached":51,"campfire_rested":2,"playtime":4328,"current_hp_per_floor":[52,48,48,48,48,17,23,18,18,37,36,31,20,28,28,33,58,41,47,43,43,43,32,32,37,37,37,38,41,41,44,44,35,46,50,50,48,48,39,39,35,35,35,42,42,35,35,30,50,30],"items_purged":["Injury","Writhe"],"gold":125,"score":1371,"play_id":"6ae62a42-1781-45d0-b633-55f5b15e75a2","local_time":"20180424204242","is_prod":false,"is_daily":false,"chose_seed":false,"is_ascension_mode":true,"campfire_upgraded":7,"timestamp":1524595362,"path_taken":["M","M","$","M","M","E","M","E","T","R","M","E","?","M","R","BOSS","M","?","M","$","?","E","R","M","T","R","E","M","?","E","R","BOSS","M","$","?","?","?","R","E","?","T","M","R","M","R","M","R","BOSS"],"build_version":"2018-04-19","seed_source_timestamp":128386137660661,"purchased_purges":3,"victory":true,"master_deck":["Defend_G","Defend_G","Defend_G","Defend_G","Defend_G","Survivor","Neutralize","AscendersBane","Crippling Poison+1","Leg Sweep","Poisoned Stab+1","Dash+1","PiercingWail","Tools of the Trade","Dash+1","Heel Hook+1","Catalyst+1","A Thousand Cuts+1","Catalyst+1","Bouncing Flask+1","Bite+1","Bite+1","Bite+1","Bite+1","Bite+1","Poisoned Stab+1","Backstab+1","Burst+1","Footwork+1","Underhanded Strike+1","Sucker Punch+1","Madness","Madness","Footwork","Infinite Blades+1"],"max_hp_per_floor":[66,66,66,66,66,66,66,66,66,66,66,66,66,66,66,66,66,66,72,72,72,50,50,50,50,50,50,50,50,50,50,50,50,50,50,50,50,50,50,50,50,50,50,50,50,50,50,50,50,50],"relics":["Ring of the Snake","Molten Egg 2","Meat on the Bone","Vajra","Tiny Chest","Regal Pillow","Sozu","Darkstone Periapt","Happy Flower","Bag of Marbles","Mercury Hourglass","Tingsha","The Courier","Lizard Tail","Juzu Bracelet","Gambling Chip","Pen Nib","Kunai","Gremlin Horn"],"card_choices":[{"not_picked":["Deadly Poison","Acrobatics"],"picked":"Crippling Poison","floor":1},{"not_picked":["Cloak And Dagger","Prepared"],"picked":"Slice","floor":2},{"not_picked":["Flechettes","Flying Knee"],"picked":"Leg Sweep","floor":4},{"not_picked":["Underhanded Strike","Escape Plan"],"picked":"Poisoned Stab","floor":5},{"not_picked":["Sucker Punch","Leg Sweep"],"picked":"Dash","floor":6},{"not_picked":["Backflip","Deadly Poison"],"picked":"PiercingWail","floor":7},{"not_picked":["Flying Knee","Cloak And Dagger"],"picked":"Tools of the Trade","floor":8},{"not_picked":["Cloak And Dagger","Dodge and Roll"],"picked":"Dash","floor":11},{"not_picked":["Eviscerate","Dagger Throw"],"picked":"Heel Hook","floor":12},{"not_picked":["Bane","Eviscerate"],"picked":"Catalyst","floor":14},{"not_picked":["Tactician","Phantasmal Killer"],"picked":"A Thousand Cuts","floor":16},{"not_picked":["Concentrate","Calculated Gamble"],"picked":"Catalyst","floor":18},{"not_picked":["Heel Hook","Outmaneuver"],"picked":"Bouncing Flask","floor":20},{"not_picked":["Underhanded Strike","Dagger Throw"],"picked":"Poisoned Stab","floor":23},{"not_picked":["All Out Attack","Finisher"],"picked":"Backstab","floor":25},{"not_picked":["Dagger Throw","Dash"],"picked":"Burst","floor":28},{"not_picked":["Predator","Choke"],"picked":"Footwork","floor":29},{"not_picked":["Quick Slash","Burst"],"picked":"Underhanded Strike","floor":31},{"not_picked":["PiercingWail","Dagger Throw"],"picked":"Sucker Punch","floor":35},{"not_picked":["Backflip","Deadly Poison"],"picked":"Infinite Blades","floor":46}],"player_experience":427910,"potions_floor_usage":[7,8,25,33],"damage_taken":[{"damage":7,"enemies":"Small Slimes","floor":1,"turns":5},{"damage":4,"enemies":"Jaw Worm","floor":2,"turns":6},{"damage":0,"enemies":"Cultist","floor":4,"turns":4},{"damage":0,"enemies":"Blue Slaver","floor":5,"turns":5},{"damage":31,"enemies":"Lagavulin","floor":6,"turns":9},{"damage":6,"enemies":"Large Slime","floor":7,"turns":7},{"damage":17,"enemies":"Gremlin Nob","floor":8,"turns":5},{"damage":1,"enemies":"Exordium Wildlife","floor":11,"turns":3},{"damage":17,"enemies":"3 Sentries","floor":12,"turns":8},{"damage":4,"enemies":"Red Slaver","floor":14,"turns":3},{"damage":7,"enemies":"The Guardian","floor":16,"turns":12},{"damage":17,"enemies":"Spheric Guardian","floor":18,"turns":6},{"damage":16,"enemies":"3 Byrds","floor":20,"turns":6},{"damage":23,"enemies":"Book of Stabbing","floor":23,"turns":5},{"damage":13,"enemies":"Cultist and Chosen","floor":25,"turns":4},{"damage":14,"enemies":"Slavers","floor":28,"turns":5},{"damage":3,"enemies":"Centurion and Healer","floor":29,"turns":3},{"damage":0,"enemies":"Gremlin Leader","floor":31,"turns":3},{"damage":45,"enemies":"Champ","floor":33,"turns":12},{"damage":0,"enemies":"Orb Walker","floor":35,"turns":2},{"damage":2,"enemies":"Mysterious Sphere","floor":37,"turns":6},{"damage":25,"enemies":"Giant Head","floor":41,"turns":6},{"damage":2,"enemies":"3 Shapes","floor":44,"turns":2},{"damage":16,"enemies":"Maw","floor":46,"turns":6},{"damage":14,"enemies":"Sphere and 2 Shapes","floor":48,"turns":4},{"damage":50,"enemies":"Time Eater","floor":50,"turns":10}],"event_choices":[{"event_name":"World of Goop","player_choice":"Gather Gold","floor":13,"damage_taken":0},{"event_name":"The Mausoleum","player_choice":"Yes","floor":19,"damage_taken":0},{"event_name":"Vampires","player_choice":"Became a vampire","floor":22,"damage_taken":0},{"event_name":"Ghosts","player_choice":"Ignored","floor":30,"damage_taken":0},{"event_name":"Mysterious Sphere","player_choice":"Fight","floor":37,"damage_taken":0},{"event_name":"Winding Halls","player_choice":"Embrace Madness","floor":39,"damage_taken":0}],"boss_relics":[{"not_picked":["White Beast Statue","Ectoplasm"],"picked":"Sozu"},{"not_picked":["Tiny House","Runic Dome"],"picked":"Lizard Tail"}],"potions_floor_spawned":[5,7,11,12,16,18,33,35,37,48],"seed_played":"6650214628756836723","ascension_level":15,"is_trial":false}