{"path_per_floor":["M","$","M","?","?","R","E","M","T","E","R","M","M","T","R"],"character_chosen":"THE_SILENT","items_purchased":[],"gold_per_floor":[119,44,58,58,58,58,83,97,175,210,210,229,247,271,271,271],"floor_reached":16,"campfire_rested":1,"playtime":822,"current_hp_per_floor":[64,64,64,64,64,64,39,39,39,20,40,40,39,39,39,0],"items_purged":["Writhe"],"gold":271,"score":138,"play_id":"4a5097c8-b9e0-4c96-93e7-991b41b92fd8","local_time":"20180413230914","is_prod":false,"is_daily":false,"chose_seed":false,"is_ascension_mode":true,"campfire_upgraded":2,"timestamp":1523653754,"path_taken":["M","$","M","?","?","R","E","M","T","E","R","?","M","?","R","BOSS"],"build_version":"2018-04-12","seed_source_timestamp":141637071194087,"purchased_purges":1,"victory":false,"master_deck":["Defend_G","Defend_G","Defend_G","Defend_G","Defend_G","Strike_G","Strike_G","Strike_G","Strike_G","Strike_G","Survivor","Neutralize+1","Dash","Heel Hook","Dagger Spray","Skewer","Heel Hook","Cloak And Dagger+1"],"max_hp_per_floor":[70,70,70,70,67,67,67,67,67,67,67,67,67,67,67,67],"relics":["Ring of the Snake","Peace Pipe","Art of War","Ornamental Fan","Bronze Scales","Prayer Wheel"],"card_choices":[{"not_picked":["Dodge and Roll","Riddle With Holes"],"picked":"Dash","floor":1},{"not_picked":["Deadly Poison","Escape Plan"],"picked":"Heel Hook","floor":3},{"not_picked":["Riddle With Holes","Terror"],"picked":"Dagger Spray","floor":7},{"not_picked":["Quick Slash","Storm of Steel"],"picked":"Skewer","floor":8},{"not_picked":["Well Laid Plans","Acrobatics"],"picked":"Heel Hook","floor":10},{"not_picked":["Bane","Deflect"],"picked":"Cloak And Dagger","floor":13}],"player_experience":243915,"potions_floor_usage":[7,10,16],"damage_taken":[{"damage":6,"enemies":"Small Slimes","floor":1,"turns":6},{"damage":0,"enemies":"Cultist","floor":3,"turns":4},{"damage":40,"enemies":"Lagavulin","floor":7,"turns":10},{"damage":0,"enemies":"2 Louse","floor":8,"turns":2},{"damage":19,"enemies":"Gremlin Nob","floor":10,"turns":5},{"damage":0,"enemies":"Large Slime","floor":12,"turns":4},{"damage":1,"enemies":"Looter","floor":13,"turns":4},{"damage":44,"enemies":"Slime Boss","floor":16,"turns":8}],"event_choices":[{"event_name":"Match and Keep!","player_choice":"1 cards matched","floor":4,"damage_taken":0},{"event_name":"Living Wall","player_choice":"Forget","floor":5,"damage_taken":0}],"boss_relics":[],"potions_floor_spawned":[3,7,12],"seed_played":"-1955804190019761305","killed_by":"Slime Boss","ascension_level":5,"is_trial":false}