{"path_per_floor":["M","M","M","?","M","E","R","M","T","M","$","?","?","M","R","B"],"character_chosen":"THE_SILENT","items_purchased":[],"gold_per_floor":[109,125,145,145,161,192,192,215,241,264,189,189,189,204,204,330,330],"floor_reached":17,"campfire_rested":1,"playtime":724,"current_hp_per_floor":[69,68,68,51,44,21,42,42,42,40,40,40,40,42,42,25,74],"items_purged":["Strike_G"],"gold":330,"score":159,"play_id":"33325abb-ac9d-43e7-a0f6-73c73c96b247","local_time":"20180421082123","is_prod":false,"is_daily":false,"chose_seed":false,"is_ascension_mode":false,"campfire_upgraded":1,"timestamp":1524291683,"path_taken":["M","M","M","?","M","E","R","M","T","M","$","?","?","M","R","BOSS"],"build_version":"2018-04-19","seed_source_timestamp":310231714388187,"purchased_purges":1,"victory":false,"master_deck":["Defend_G","Defend_G","Defend_G","Defend_G","Defend_G","Survivor","Neutralize","Skewer","Finisher","Flying Knee","Crippling Poison+1","Deadly Poison+1","Noxious Fumes","Backflip","Bouncing Flask+1","Venomology+1","Slice+1"],"max_hp_per_floor":[70,70,70,70,70,70,70,70,70,70,70,70,70,72,72,74,74],"relics":["Ring of the Snake","Golden Idol","Anchor","Singing Bowl","Astrolabe"],"card_choices":[{"not_picked":["Underhanded Strike","Crippling Poison"],"picked":"Skewer","floor":1},{"not_picked":["Dodge and Roll","Bouncing Flask"],"picked":"Finisher","floor":2},{"not_picked":["Blur","Phantasmal Killer"],"picked":"Flying Knee","floor":3},{"not_picked":["Acrobatics","Reflex"],"picked":"Crippling Poison","floor":5},{"not_picked":["Choke","Deflect"],"picked":"Deadly Poison","floor":6},{"not_picked":["PiercingWail","Bane"],"picked":"Noxious Fumes","floor":8},{"not_picked":["Prepared","Outmaneuver"],"picked":"Backflip","floor":10}],"player_experience":383267,"potions_floor_usage":[6],"damage_taken":[{"damage":1,"enemies":"Small Slimes","floor":1,"turns":3},{"damage":1,"enemies":"Jaw Worm","floor":2,"turns":4},{"damage":0,"enemies":"Cultist","floor":3,"turns":4},{"damage":7,"enemies":"Gremlin Gang","floor":5,"turns":7},{"damage":23,"enemies":"Gremlin Nob","floor":6,"turns":5},{"damage":0,"enemies":"3 Louse","floor":8,"turns":3},{"damage":2,"enemies":"Exordium Thugs","floor":10,"turns":5},{"damage":0,"enemies":"Large Slime","floor":14,"turns":5},{"damage":19,"enemies":"The Guardian","floor":16,"turns":9}],"event_choices":[{"event_name":"Golden Idol","player_choice":"Take Damage","floor":4,"damage_taken":0},{"event_name":"Accursed Blacksmith","player_choice":"Forge","floor":12,"damage_taken":0},{"event_name":"Purifier","player_choice":"One Purge","floor":13,"damage_taken":0}],"boss_relics":[{"not_picked":["Runic Dome","Cursed Key"],"picked":"Astrolabe"}],"potions_floor_spawned":[1,3,6,10,16],"seed_played":"-8758546734195184211","ascension_level":0,"is_trial":false}