{"gold_per_floor":[116,132,57,72,247,274,274,288,336,362,388,415,487,38,38,133,133,145,70],"floor_reached":19,"playtime":1275,"items_purged":["Strike_B","Doubt"],"score":221,"play_id":"446df571-8731-412c-ba27-6598144bd3f0","local_time":"20190202111551","is_ascension_mode":false,"campfire_choices":[{"data":"Zap","floor":7,"key":"SMITH"},{"floor":15,"key":"REST"}],"neow_cost":"NONE","seed_source_timestamp":1730674587219667,"circlet_count":0,"master_deck":["Strike_B","Strike_B","Strike_B","Defend_B","Defend_B","Defend_B","Defend_B","Zap+1","Dualcast","Streamline","Rebound+1","Ball Lightning","Conserve Battery","Stack","Cold Snap","FTL+1","Discovery","Hologram","Self Repair","Buffer","Reprogram+1"],"relics":["Cracked Core","NeowsBlessing","Bottled Lightning","MawBank","Whetstone","White Beast Statue"],"potions_floor_usage":[16,16,19,19],"damage_taken":[{"damage":0,"enemies":"Cultist","floor":1,"turns":1},{"damage":0,"enemies":"2 Louse","floor":2,"turns":1},{"damage":0,"enemies":"Jaw Worm","floor":4,"turns":1},{"damage":22,"enemies":"Gremlin Nob","floor":6,"turns":4},{"damage":17,"enemies":"Large Slime","floor":8,"turns":5},{"damage":11,"enemies":"Exordium Thugs","floor":10,"turns":4},{"damage":5,"enemies":"Looter","floor":11,"turns":3},{"damage":9,"enemies":"Blue Slaver","floor":12,"turns":3},{"damage":0,"enemies":"Slime Boss","floor":16,"turns":6},{"damage":1,"enemies":"Spheric Guardian","floor":18,"turns":4},{"damage":32,"enemies":"2 Thieves","floor":19,"turns":5}],"seed_played":"-8478059656386694962","potions_obtained":[{"floor":8,"key":"Strength Potion"},{"floor":11,"key":"Poison Potion"},{"floor":12,"key":"SneckoOil"},{"floor":16,"key":"Dexterity Potion"},{"floor":18,"key":"PowerPotion"}],"is_trial":false,"path_per_floor":["M","M","$","M","?","E","R","M","T","M","M","M","?","$","R","B",null,"M","M"],"character_chosen":"DEFECT","items_purchased":["Discovery","Whetstone","Hologram","Self Repair"],"campfire_rested":1,"item_purchase_floors":[14,14,14,14],"current_hp_per_floor":[75,75,75,75,75,53,53,36,36,25,20,11,11,11,33,33,75,75,43],"gold":70,"neow_bonus":"THREE_ENEMY_KILL","is_prod":false,"is_daily":false,"chose_seed":false,"campfire_upgraded":1,"win_rate":0,"timestamp":1549102551,"path_taken":["M","?","$","M","?","E","R","M","T","M","M","M","?","$","R","BOSS","M","M"],"build_version":"2019-01-23","purchased_purges":2,"victory":false,"max_hp_per_floor":[75,75,75,75,75,75,75,75,75,75,75,75,75,75,75,75,75,75,75],"card_choices":[{"not_picked":["Go for the Eyes","Barrage"],"picked":"Streamline","floor":1},{"not_picked":["Consume","Redo"],"picked":"Rebound","floor":2},{"not_picked":["Hello World","Barrage"],"picked":"Ball Lightning","floor":4},{"not_picked":["Hologram","Glacier","Multi-Cast"],"picked":"SKIP","floor":6},{"not_picked":["Fusion","Gash"],"picked":"Conserve Battery","floor":8},{"not_picked":["Sweeping Beam","Barrage"],"picked":"Stack","floor":10},{"not_picked":["Go for the Eyes","Rebound"],"picked":"Cold Snap","floor":11},{"not_picked":["BootSequence","Turbo"],"picked":"FTL","floor":12},{"not_picked":["Machine Learning","Rainbow"],"picked":"Buffer","floor":16},{"not_picked":["Go for the Eyes","Beam Cell"],"picked":"Reprogram+1","floor":18}],"player_experience":133644,"relics_obtained":[{"floor":6,"key":"Bottled Lightning"},{"floor":9,"key":"MawBank"}],"event_choices":[{"damage_healed":0,"gold_gain":175,"player_choice":"AGREE","damage_taken":0,"max_hp_gain":0,"max_hp_loss":0,"event_name":"Liars Game","floor":5,"gold_loss":0,"cards_obtained":["Doubt"]},{"damage_healed":0,"gold_gain":60,"player_choice":"Gained Gold","damage_taken":0,"max_hp_gain":0,"max_hp_loss":0,"event_name":"Golden Wing","floor":13,"gold_loss":0}],"is_beta":false,"boss_relics":[{"not_picked":["Black Star","Coffee Dripper"],"picked":"White Beast Statue"}],"items_purged_floors":[3,14],"is_endless":false,"potions_floor_spawned":[8,11,12,16,18],"killed_by":"2 Thieves","ascension_level":0}