{"gold_per_floor":[118,138,19,38,49,82,92,92,92,92,109,128,148,2,2,106,106,117,117,127,160,160],"floor_reached":22,"playtime":1320,"items_purged":["Strike_B"],"score":209,"play_id":"ba271023-9014-4883-b11a-c1d4744b3471","local_time":"20180922202248","is_ascension_mode":true,"campfire_choices":[{"data":"Hologram","floor":8,"key":"SMITH"},{"data":"Fission","floor":10,"key":"SMITH"},{"data":"Dualcast","floor":15,"key":"SMITH"}],"neow_cost":"NONE","seed_source_timestamp":81569895622757,"circlet_count":0,"master_deck":["Strike_B","Strike_B","Strike_B","Defend_B","Defend_B","Defend_B","Defend_B","Zap","Dualcast+1","Gash","Leap","White Noise","Go for the Eyes","Steam","Hologram+1","Fission+1","Conserve Battery","Turbo","Fusion","Scrape","All For One","Chaos","Static Discharge"],"relics":["Cracked Core","Dream Catcher","Ice Cream","Ginger","Busted Crown","Red Mask"],"potions_floor_usage":[1,18,20],"damage_taken":[{"damage":0,"enemies":"Cultist","floor":1,"turns":3},{"damage":0,"enemies":"Jaw Worm","floor":2,"turns":3},{"damage":0,"enemies":"Small Slimes","floor":4,"turns":3},{"damage":9,"enemies":"2 Fungi Beasts","floor":5,"turns":3},{"damage":5,"enemies":"3 Sentries","floor":6,"turns":9},{"damage":0,"enemies":"Looter","floor":7,"turns":4},{"damage":3,"enemies":"Blue Slaver","floor":11,"turns":4},{"damage":0,"enemies":"Red Slaver","floor":12,"turns":4},{"damage":0,"enemies":"Looter","floor":13,"turns":4},{"damage":57,"enemies":"The Guardian","floor":16,"turns":15},{"damage":10,"enemies":"Shell Parasite","floor":18,"turns":8},{"damage":15,"enemies":"2 Thieves","floor":20,"turns":4},{"damage":43,"enemies":"Masked Bandits","floor":21,"turns":6},{"damage":13,"enemies":"3 Cultists","floor":22,"turns":3}],"seed_played":"4912555892579057086","potions_obtained":[{"floor":1,"key":"Fruit Juice"},{"floor":6,"key":"Explosive Potion"},{"floor":7,"key":"Energy Potion"},{"floor":16,"key":"Weak Potion"},{"floor":20,"key":"FearPotion"},{"floor":21,"key":"LiquidBronze"}],"is_trial":false,"path_per_floor":["M","M","$","M","M","E","M","R","T","R","M","M","M","$","R","B",null,"M","$","M","?"],"character_chosen":"DEFECT","items_purchased":["White Noise","Go for the Eyes","Scrape"],"campfire_rested":0,"item_purchase_floors":[3,3,14],"current_hp_per_floor":[80,80,80,80,71,66,66,66,66,66,63,63,63,63,63,6,80,70,70,55,12,0],"gold":160,"neow_bonus":"RANDOM_COMMON_RELIC","is_prod":false,"is_daily":false,"chose_seed":false,"campfire_upgraded":3,"win_rate":0,"timestamp":1537662168,"path_taken":["M","M","$","M","M","E","M","R","T","R","M","M","M","$","R","BOSS","M","$","?","?","M"],"build_version":"2018-09-20","purchased_purges":1,"victory":false,"max_hp_per_floor":[80,80,80,80,80,80,80,80,80,80,80,80,80,80,80,80,80,80,80,80,80,80],"card_choices":[{"not_picked":["Redo","Barrage"],"picked":"Gash","floor":1},{"not_picked":["Cold Snap","Turbo"],"picked":"Leap","floor":2},{"not_picked":["Blizzard","Heatsinks"],"picked":"Steam","floor":4},{"not_picked":["Rebound","Leap"],"picked":"Hologram","floor":5},{"not_picked":["Coolheaded","Steam"],"picked":"Fission","floor":6},{"not_picked":["Recycle","Static Discharge"],"picked":"Conserve Battery","floor":7},{"not_picked":["Double Energy","Steam Power"],"picked":"Turbo","floor":11},{"not_picked":["Undo","Barrage"],"picked":"Fusion","floor":12},{"not_picked":["Rebound","Coolheaded","Barrage"],"picked":"SKIP","floor":13},{"not_picked":["Fission","Biased Cognition"],"picked":"All For One","floor":16},{"not_picked":[],"picked":"Chaos","floor":18},{"not_picked":["Aggregate"],"picked":"SKIP","floor":20},{"not_picked":[],"picked":"Static Discharge","floor":21}],"player_experience":573567,"relics_obtained":[{"floor":6,"key":"Ice Cream"},{"floor":9,"key":"Ginger"},{"floor":21,"key":"Red Mask"}],"event_choices":[{"event_name":"Masked Bandits","player_choice":"Fought Bandits","floor":21,"damage_taken":0}],"is_beta":false,"boss_relics":[{"not_picked":["Runic Dome","Eternal Feather"],"picked":"Busted Crown"}],"items_purged_floors":[14],"is_endless":false,"potions_floor_spawned":[1,6,7,16,20,21],"killed_by":"3 Cultists","ascension_level":2}