{"gold_per_floor":[109,127,141,154,154,173,198,211,211,211,227,227,277,312,312,412,412,431,451,467,87,87,87,87,87,112,129,229,95,95,110,110,207,207,218,318,337,52,69,69,84,100,100,120,139,139,152,162,162,162,162,162,39,72,72],"floor_reached":55,"playtime":9851,"items_purged":["Pain"],"score":712,"play_id":"b3ac6baa-e1d2-4ee2-8496-2f93d409b4e6","local_time":"20190309171333","is_ascension_mode":false,"campfire_choices":[{"floor":10,"key":"RECALL"},{"floor":12,"key":"REST"},{"data":"Backflip","floor":15,"key":"SMITH"},{"floor":23,"key":"REST"},{"floor":25,"key":"REST"},{"floor":30,"key":"REST"},{"data":"Phantasmal Killer","floor":32,"key":"SMITH"},{"floor":40,"key":"REST"},{"floor":46,"key":"REST"},{"floor":49,"key":"REST"},{"data":"Malaise","floor":52,"key":"SMITH"}],"neow_cost":"NONE","seed_source_timestamp":109640385876556,"circlet_count":0,"master_deck":["Defend_G","Defend_G","Defend_G","Defend_G","Survivor","Neutralize","Dash","PiercingWail","Burst","All Out Attack","Storm of Steel","Endless Agony","Sucker Punch","Dagger Spray","Backflip+1","Skewer","A Thousand Cuts","Outmaneuver","Backstab","Dash","Phantasmal Killer+1","Bite","Bite","Bite","Bite","Bite","Prepared+1","A Thousand Cuts","Finisher","Cloak And Dagger","Footwork","Finisher+1","Venomology","Dagger Throw+1","Leg Sweep+1","Blur+1","Blade Dance","Backflip","Distraction+1","PiercingWail+1","Cloak And Dagger+1","Malaise+1","Infinite Blades","Parasite","Infinite Blades","Flying Knee+1","Cloak And Dagger+1","Concentrate+1","Blade Dance","Calculated Gamble","PiercingWail"],"relics":["Ring of the Snake","Ornamental Fan","Letter Opener","Bottled Lightning","Cursed Key","Ginger","Nilry\u0027s Codex","Prayer Wheel","Paper Crane","Empty Cage","Shuriken","Pen Nib","Blue Candle"],"potions_floor_usage":[7,11,14,19,20,27,28,28,31,41,41,42,42,42,44,45,47,48,48,50,54,54],"damage_taken":[{"damage":10,"enemies":"Jaw Worm","floor":1,"turns":7},{"damage":4,"enemies":"Small Slimes","floor":2,"turns":5},{"damage":0,"enemies":"Cultist","floor":3,"turns":3},{"damage":7,"enemies":"Gremlin Gang","floor":4,"turns":7},{"damage":3,"enemies":"Large Slime","floor":6,"turns":6},{"damage":13,"enemies":"Lagavulin","floor":7,"turns":8},{"damage":1,"enemies":"Exordium Wildlife","floor":8,"turns":6},{"damage":0,"enemies":"Blue Slaver","floor":11,"turns":4},{"damage":3,"enemies":"Gremlin Nob","floor":14,"turns":3},{"damage":46,"enemies":"Slime Boss","floor":16,"turns":16},{"damage":11,"enemies":"2 Thieves","floor":18,"turns":5},{"damage":7,"enemies":"Chosen","floor":19,"turns":7},{"damage":33,"enemies":"Snecko","floor":20,"turns":6},{"damage":4,"enemies":"Cultist and Chosen","floor":27,"turns":5},{"damage":11,"enemies":"Colosseum Slavers","floor":28,"turns":5},{"damage":17,"enemies":"Colosseum Nobs","floor":28,"turns":5},{"damage":4,"enemies":"Centurion and Healer","floor":31,"turns":7},{"damage":68,"enemies":"Collector","floor":33,"turns":10},{"damage":4,"enemies":"Orb Walker","floor":35,"turns":3},{"damage":2,"enemies":"3 Shapes","floor":37,"turns":4},{"damage":25,"enemies":"Transient","floor":39,"turns":5},{"damage":40,"enemies":"Maw","floor":41,"turns":8},{"damage":29,"enemies":"Sphere and 2 Shapes","floor":42,"turns":6},{"damage":6,"enemies":"Writhing Mass","floor":44,"turns":8},{"damage":8,"enemies":"Maw","floor":45,"turns":7},{"damage":5,"enemies":"Sphere and 2 Shapes","floor":47,"turns":7},{"damage":0,"enemies":"Writhing Mass","floor":48,"turns":4},{"damage":103,"enemies":"Donu and Deca","floor":50,"turns":8},{"damage":83,"enemies":"Shield and Spear","floor":54,"turns":8},{"damage":30,"enemies":"The Heart","floor":55,"turns":3}],"seed_played":"-7514934306013647033","potions_obtained":[{"floor":4,"key":"AttackPotion"},{"floor":7,"key":"LiquidBronze"},{"floor":8,"key":"Swift Potion"},{"floor":11,"key":"SteroidPotion"},{"floor":16,"key":"Swift Potion"},{"floor":19,"key":"Poison Potion"},{"floor":20,"key":"SteroidPotion"},{"floor":27,"key":"Block Potion"},{"floor":37,"key":"Weak Potion"},{"floor":41,"key":"Poison Potion"},{"floor":42,"key":"Poison Potion"},{"floor":44,"key":"Energy Potion"},{"floor":47,"key":"Fruit Juice"}],"is_trial":false,"path_per_floor":["M","M","M","M","?","M","E","M","T","R","M","R","?","E","R","B",null,"M","M","M","$","?","R","?","R","T","M","?","$","R","M","R","B",null,"M","?","M","$","M","R","M","M","T","M","M","R","M","M","R","B",null,"R","$","E","B"],"character_chosen":"THE_SILENT","items_purchased":["Ginger","Phantasmal Killer","Finisher","Cloak And Dagger","SkillPotion","Shuriken","Backflip","Dexterity Potion"],"campfire_rested":7,"item_purchase_floors":[21,21,29,29,29,38,38,53],"current_hp_per_floor":[60,58,60,55,55,54,43,44,44,44,46,67,67,66,66,22,70,59,54,23,23,23,44,28,49,49,53,39,39,60,64,64,8,70,70,70,70,70,47,68,42,30,30,28,30,51,46,57,75,2,75,75,75,9,0],"gold":72,"neow_bonus":"RANDOM_COMMON_RELIC","is_prod":false,"is_daily":false,"chose_seed":false,"campfire_upgraded":3,"win_rate":0,"timestamp":1552180413,"path_taken":["M","M","M","M","?","M","E","M","T","R","M","R","?","E","R","BOSS","M","M","M","$","?","R","?","R","T","M","?","$","R","M","R","BOSS","M","?","M","$","M","R","M","M","T","M","M","R","M","M","R","BOSS","R","$","E","BOSS"],"build_version":"2019-01-23","purchased_purges":1,"victory":false,"max_hp_per_floor":[70,70,70,70,70,70,70,70,70,70,70,70,70,70,70,70,70,70,70,70,70,70,70,70,70,70,70,70,70,70,70,70,70,70,70,70,70,70,70,70,70,70,70,70,70,70,70,75,75,75,75,75,75,75,75],"card_choices":[{"not_picked":["Dagger Throw","Backflip"],"picked":"Dash","floor":1},{"not_picked":["Riddle With Holes","Bane"],"picked":"PiercingWail","floor":2},{"not_picked":["Leg Sweep","Slice"],"picked":"Burst","floor":3},{"not_picked":["Deflect","Quick Slash"],"picked":"All Out Attack","floor":4},{"not_picked":["PiercingWail","Skewer"],"picked":"Endless Agony","floor":6},{"not_picked":["Crippling Poison","Deflect"],"picked":"Sucker Punch","floor":7},{"not_picked":["Quick Slash","Bane"],"picked":"Dagger Spray","floor":8},{"not_picked":["Calculated Gamble","Skewer"],"picked":"Backflip","floor":11},{"not_picked":["Prepared","Catalyst"],"picked":"Skewer","floor":14},{"not_picked":["Wraith Form v2","Envenom"],"picked":"A Thousand Cuts","floor":16},{"not_picked":["Slice","Reflex"],"picked":"Outmaneuver","floor":18},{"not_picked":["Dodge and Roll","Predator"],"picked":"Backstab","floor":19},{"not_picked":["Deadly Poison","Prepared"],"picked":"Dash","floor":20},{"not_picked":["Blade Dance","Bane"],"picked":"Prepared+1","floor":27},{"not_picked":["Dagger Spray","Flying Knee"],"picked":"A Thousand Cuts","floor":28},{"not_picked":["Blur+1","Poisoned Stab"],"picked":"Footwork","floor":31},{"not_picked":["Backflip","Bane"],"picked":"Finisher+1","floor":31},{"not_picked":["Storm of Steel","Doppelganger"],"picked":"Venomology","floor":33},{"not_picked":["Deflect+1","Poisoned Stab+1"],"picked":"Dagger Throw+1","floor":35},{"not_picked":["Heel Hook+1","Sucker Punch+1"],"picked":"Leg Sweep+1","floor":35},{"not_picked":["Finisher","Burst"],"picked":"Blur+1","floor":37},{"not_picked":["Expertise+1","Sucker Punch+1"],"picked":"Blade Dance","floor":37},{"not_picked":["Acrobatics","Cloak And Dagger+1"],"picked":"Distraction+1","floor":39},{"not_picked":["Slice+1","Backflip","Dagger Spray"],"picked":"SKIP","floor":39},{"not_picked":["Distraction","Skewer"],"picked":"PiercingWail+1","floor":41},{"not_picked":["Bane+1","Backflip+1"],"picked":"Cloak And Dagger+1","floor":41},{"not_picked":["Quick Slash","Dodge and Roll+1"],"picked":"Malaise","floor":42},{"not_picked":["Poisoned Stab","Backflip+1"],"picked":"Infinite Blades","floor":42},{"not_picked":["Sucker Punch+1","Backflip"],"picked":"Infinite Blades","floor":44},{"not_picked":["Setup","Backflip","Noxious Fumes+1"],"picked":"SKIP","floor":44},{"not_picked":["Quick Slash","Dagger Throw"],"picked":"Flying Knee+1","floor":45},{"not_picked":["Dagger Throw","Doppelganger"],"picked":"Cloak And Dagger+1","floor":45},{"not_picked":["Dagger Throw","Poisoned Stab+1"],"picked":"Concentrate+1","floor":47},{"not_picked":["Caltrops","Flying Knee+1"],"picked":"Blade Dance","floor":47},{"not_picked":["After Image","Acrobatics"],"picked":"Calculated Gamble","floor":48},{"not_picked":["Slice+1","Cloak And Dagger","Tactician"],"picked":"SKIP","floor":48},{"not_picked":["Burst","Flechettes"],"picked":"PiercingWail","floor":54}],"player_experience":230536,"relics_obtained":[{"floor":7,"key":"Ornamental Fan"},{"floor":9,"key":"Letter Opener"},{"floor":14,"key":"Bottled Lightning"},{"floor":24,"key":"Nilry\u0027s Codex"},{"floor":28,"key":"Prayer Wheel"},{"floor":28,"key":"Paper Crane"},{"floor":43,"key":"Pen Nib"},{"floor":54,"key":"Blue Candle"}],"event_choices":[{"damage_healed":0,"gold_gain":0,"cards_transformed":["Strike_G"],"player_choice":"Change","damage_taken":0,"max_hp_gain":0,"max_hp_loss":0,"event_name":"Living Wall","floor":5,"gold_loss":0,"cards_obtained":["Storm of Steel"]},{"damage_healed":0,"gold_gain":50,"player_choice":"Gained Gold","damage_taken":0,"max_hp_gain":0,"max_hp_loss":0,"event_name":"Golden Wing","floor":13,"gold_loss":0},{"damage_healed":0,"gold_gain":0,"player_choice":"Became a vampire (Vial)","damage_taken":0,"max_hp_gain":0,"max_hp_loss":0,"event_name":"Vampires","floor":22,"relics_lost":["Blood Vial"],"gold_loss":0,"cards_obtained":["Bite","Bite","Bite","Bite","Bite"]},{"damage_healed":0,"gold_gain":0,"player_choice":"Obtained Book","damage_taken":16,"max_hp_gain":0,"max_hp_loss":0,"event_name":"Cursed Tome","floor":24,"gold_loss":0},{"damage_healed":0,"gold_gain":0,"player_choice":"Fight","damage_taken":0,"max_hp_gain":0,"max_hp_loss":0,"event_name":"Colosseum","floor":28,"gold_loss":0},{"damage_healed":0,"gold_gain":0,"player_choice":"Fought Nobs","damage_taken":0,"max_hp_gain":0,"max_hp_loss":0,"event_name":"Colosseum","floor":28,"gold_loss":0},{"damage_healed":0,"gold_gain":100,"player_choice":"Pray","damage_taken":0,"max_hp_gain":0,"max_hp_loss":0,"event_name":"Golden Shrine","floor":36,"gold_loss":0}],"is_beta":false,"boss_relics":[{"not_picked":["Ectoplasm","Coffee Dripper"],"picked":"Cursed Key"},{"not_picked":["Orrery","Runic Dome"],"picked":"Empty Cage"}],"items_purged_floors":[53],"is_endless":false,"potions_floor_spawned":[4,7,8,11,16,19,20,27,37,41,42,44,47],"killed_by":"The Heart","ascension_level":0}