{"path_per_floor":["M","M","M","M","?","E","R","E","T","M","T","E","?","M","R","B",null,"M","M","?","M","?","R","M","?","T","M","R","E","M","?","R"],"character_chosen":"THE_SILENT","items_purchased":[],"gold_per_floor":[113,129,145,159,159,220,220,251,328,345,345,375,440,460,460,560,560,571,591,506,517,517,517,527,527,602,618,618,649,660,660,660],"floor_reached":33,"campfire_rested":2,"playtime":2462,"current_hp_per_floor":[70,70,70,65,65,65,70,42,42,42,42,46,46,46,46,37,67,63,51,51,36,36,36,34,34,34,46,46,37,36,36,74],"items_purged":[],"gold":660,"score":393,"play_id":"00c8d543-e691-49af-ab72-562091f9d706","is_prod":false,"is_daily":false,"is_ascension_mode":true,"campfire_upgraded":0,"path_taken":["M","M","M","M","?","E","R","E","T","?","?","E","?","M","R","BOSS","M","M","?","M","?","R","M","?","T","M","R","E","M","?","R","BOSS"],"build_version":"2018-02-15-PROD1","purchased_purges":0,"victory":false,"master_deck":["Defend_G+1","Defend_G+1","Defend_G+1","Defend_G+1","Defend_G+1","Strike_G+1","Strike_G+1","Strike_G+1","Strike_G+1","Strike_G+1","Survivor","Neutralize+1","Quick Slash","Backflip","Prepared","Backstab","Die Die Die","Dagger Throw","Terror","Escape Plan","Die Die Die","Bullet Time","Malaise","Escape Plan","Choke","Reflex+1","Slice","Unload","Prepared+1","Prepared+1","Finisher","Backflip+1","Writhe"],"max_hp_per_floor":[70,70,70,70,70,70,70,70,70,70,70,72,72,72,72,72,76,76,76,76,76,76,76,76,76,76,76,76,78,78,78,78],"relics":["Ring of the Snake","Tiny Chest","Singing Bowl","Meat on the Bone","Shovel","Happy Flower","Juzu Bracelet","Pantograph","Orrery","Orichalcum","Torii","Bottled Flame","Bag of Preparation","Regal Pillow","Prayer Wheel"],"card_choices":[{"not_picked":["Slice","Bane"],"picked":"Quick Slash"},{"not_picked":["Acrobatics","Reflex"],"picked":"Backflip"},{"not_picked":["Dodge and Roll","Expertise"],"picked":"Prepared"},{"not_picked":["PiercingWail","Sucker Punch"],"picked":"Backstab"},{"not_picked":["Underhanded Strike","PiercingWail"],"picked":"Die Die Die"},{"not_picked":["Prepared","Masterful Stab"],"picked":"Dagger Throw"},{"not_picked":["Expertise","Quick Slash"],"picked":"Terror"},{"not_picked":["Quick Slash","Crippling Poison"],"picked":"Escape Plan"},{"not_picked":["Underhanded Strike","PiercingWail"],"picked":"Die Die Die"},{"not_picked":["Tactician","Storm of Steel"],"picked":"Bullet Time"},{"not_picked":["Dagger Throw","Acrobatics"],"picked":"Malaise"},{"not_picked":["Bane","Choke"],"picked":"Escape Plan"},{"not_picked":["Predator","Flying Knee"],"picked":"Choke"},{"not_picked":["Bouncing Flask","Catalyst"],"picked":"Reflex"},{"not_picked":["Deadly Poison","Heel Hook"],"picked":"Slice"},{"not_picked":["Crippling Poison","Skewer"],"picked":"Unload"},{"not_picked":["Bane","Dagger Throw"],"picked":"Prepared"},{"not_picked":["Catalyst","Flying Knee"],"picked":"Finisher"},{"not_picked":["Sucker Punch","Outmaneuver"],"picked":"Backflip"}],"player_experience":184344,"potions_floor_usage":[4,4,6,8,13,16,16,27,27,29,33],"damage_taken":[{"damage":0,"enemies":"Jaw Worm","floor":1,"turns":4},{"damage":0,"enemies":"2 Louse","floor":2,"turns":3},{"damage":0,"enemies":"Cultist","floor":3,"turns":3},{"damage":5,"enemies":"Exordium Wildlife","floor":4,"turns":4},{"damage":0,"enemies":"3 Sentries","floor":6,"turns":9},{"damage":28,"enemies":"Lagavulin","floor":8,"turns":6},{"damage":0,"enemies":"3 Louse","floor":10,"turns":2},{"damage":10,"enemies":"3 Sentries","floor":12,"turns":7},{"damage":0,"enemies":"Gremlin Nob","floor":13,"turns":3},{"damage":0,"enemies":"2 Fungi Beasts","floor":14,"turns":2},{"damage":34,"enemies":"Slime Boss","floor":16,"turns":9},{"damage":4,"enemies":"Shell Parasite","floor":18,"turns":6},{"damage":12,"enemies":"2 Thieves","floor":19,"turns":3},{"damage":27,"enemies":"Sentry and Sphere","floor":21,"turns":5},{"damage":14,"enemies":"Snake Plant","floor":24,"turns":4},{"damage":15,"enemies":"Chosen and Byrds","floor":27,"turns":6},{"damage":23,"enemies":"Slavers","floor":29,"turns":4},{"damage":13,"enemies":"Snecko","floor":30,"turns":5},{"damage":94,"enemies":"Automaton","floor":33,"turns":10}],"event_choices":[{"event_name":"Living Wall","player_choice":"Grow","floor":5,"damage_taken":0},{"event_name":"Dead Adventurer","player_choice":"Searched \u00271\u0027 times","floor":13,"damage_taken":0},{"event_name":"Addict","player_choice":"Obtained Relic","floor":20,"damage_taken":0},{"event_name":"Back to Basics","player_choice":"Simplicity","floor":22,"damage_taken":0},{"event_name":"Duplicator","player_choice":"One dupe","floor":25,"damage_taken":0},{"event_name":"The Mausoleum","player_choice":"Yes","floor":31,"damage_taken":0}],"boss_relics":[{"not_picked":["Velvet Choker","Lizard Tail"],"picked":"Orrery"}],"potions_floor_spawned":[2,6,8,12,13,13,19,21,24,30],"seed_played":"-5597832067856064062","killed_by":"Automaton","ascension_level":5,"is_trial":false}