{"gold_per_floor":[114,129,129,129,144,174,189,189,189,204,234,234,34,64,64,164,164,164,164,79,79,79,79,2,2,2,2,2,2,2,2,2,2,2,2,2,2,2,2,2,2,2,2,2,2,2,2,2,2,2],"floor_reached":51,"playtime":2137,"items_purged":[],"score":998,"play_id":"a1fd9dc2-ca1e-4c08-b7f4-98b50a7de553","local_time":"20180815194716","daily_mods":["Brewmaster","Binary","Hoarder"],"is_ascension_mode":false,"campfire_choices":[{"data":"Neutralize","floor":8.0,"key":"SMITH"},{"data":"Backstab","floor":12.0,"key":"SMITH"},{"data":"Backstab","floor":15.0,"key":"SMITH"},{"data":"Backstab","floor":27.0,"key":"SMITH"},{"data":"Prepared","floor":32.0,"key":"SMITH"},{"floor":49,"key":"REST"}],"neow_cost":"","seed_source_timestamp":0,"circlet_count":0,"master_deck":["Defend_G+1","Defend_G+1","Defend_G+1","Defend_G+1","Defend_G+1","Strike_G+1","Strike_G+1","Strike_G+1","Strike_G+1","Strike_G+1","Survivor+1","Neutralize+1","Venomology+1","Venomology+1","Venomology+1","Venomology+1","Venomology+1","Venomology+1","Venomology+1","Venomology+1","Venomology+1","Venomology+1","Venomology+1","Venomology+1","Venomology+1","Venomology+1","Blur+1","Blur+1","Blur+1","Dagger Throw+1","Dagger Throw+1","Dagger Throw+1","Sucker Punch+1","Sucker Punch+1","Sucker Punch+1","Regret","Regret","Regret","Backstab+1","Backstab+1","Backstab+1","Dagger Spray+1","Dagger Spray+1","Dagger Spray+1","Slice+1","Slice+1","Slice+1","A Thousand Cuts+1","A Thousand Cuts+1","Deflect+1","Deflect+1","Deflect+1","J.A.X.+1","J.A.X.+1","J.A.X.+1","Prepared+1","Prepared+1","Prepared+1","Backflip+1","Backflip+1","Backflip+1","PiercingWail+1","PiercingWail+1","PiercingWail+1","Flying Knee+1","Flying Knee+1","Flying Knee+1","Noxious Fumes+1","Noxious Fumes+1","Noxious Fumes+1","Cloak And Dagger+1","Cloak And Dagger+1","Cloak And Dagger+1","Malaise+1","Malaise+1","Malaise+1"],"special_seed":17758,"relics":["Ring of the Snake","White Beast Statue","Mercury Hourglass","Boot","Omamori","Tough Bandages","Sling","Du-Vu Doll","Ectoplasm","Snake Skull","Bag of Marbles","Dream Catcher","Singing Bowl","Runic Dome","Lantern","Regal Pillow","Bottled Flame","Mark of the Bloom","Gremlin Horn"],"potions_floor_usage":[35,35,35,36,37,37,37,38,38,38,38,38,39,39,39,40,40,40,40,40,41,41,41,41,42,42,42,45,50,50,50,50,50,50,50,50,50,50,50,50,50,50,50],"damage_taken":[{"damage":0.0,"enemies":"2 Louse","floor":1.0,"turns":4.0},{"damage":0.0,"enemies":"Cultist","floor":2.0,"turns":5.0},{"damage":0.0,"enemies":"Small Slimes","floor":5.0,"turns":4.0},{"damage":5.0,"enemies":"Lagavulin","floor":6.0,"turns":5.0},{"damage":0.0,"enemies":"Exordium Wildlife","floor":7.0,"turns":1.0},{"damage":0.0,"enemies":"Red Slaver","floor":10.0,"turns":1.0},{"damage":4.0,"enemies":"Gremlin Nob","floor":11.0,"turns":4.0},{"damage":0.0,"enemies":"3 Sentries","floor":14.0,"turns":4.0},{"damage":11.0,"enemies":"The Guardian","floor":16.0,"turns":8.0},{"damage":0.0,"enemies":"Spheric Guardian","floor":18.0,"turns":2.0},{"damage":0.0,"enemies":"2 Thieves","floor":21.0,"turns":1.0},{"damage":0.0,"enemies":"Snecko","floor":22.0,"turns":1.0},{"damage":14.0,"enemies":"Gremlin Leader","floor":23.0,"turns":5.0},{"damage":9.0,"enemies":"Book of Stabbing","floor":25.0,"turns":2.0},{"damage":3.0,"enemies":"Centurion and Healer","floor":28.0,"turns":2.0},{"damage":0.0,"enemies":"Chosen and Byrds","floor":30.0,"turns":1.0},{"damage":0.0,"enemies":"Cultist and Chosen","floor":31.0,"turns":3.0},{"damage":41.0,"enemies":"Champ","floor":33.0,"turns":8.0},{"damage":1,"enemies":"Flame Bruiser 1 Orb","floor":35,"turns":2},{"damage":11,"enemies":"3 Darklings","floor":36,"turns":2},{"damage":3,"enemies":"4 Shapes","floor":37,"turns":1},{"damage":0,"enemies":"Transient","floor":38,"turns":5},{"damage":12,"enemies":"Flame Bruiser 2 Orb","floor":39,"turns":2},{"damage":6,"enemies":"2 Orb Walkers","floor":40,"turns":4},{"damage":15,"enemies":"Maw","floor":41,"turns":6},{"damage":35,"enemies":"Nemesis","floor":42,"turns":3},{"damage":6,"enemies":"Spire Growth","floor":45,"turns":2},{"damage":15,"enemies":"4 Shapes","floor":46,"turns":1},{"damage":10,"enemies":"Awakened One","floor":50,"turns":11}],"seed_played":"-5253540401406908364","potions_obtained":[{"floor":2.0,"key":"Block Potion"},{"floor":5.0,"key":"Poison Potion"},{"floor":6.0,"key":"SteroidPotion"},{"floor":10.0,"key":"PowerPotion"},{"floor":11.0,"key":"Energy Potion"},{"floor":16.0,"key":"SteroidPotion"},{"floor":18.0,"key":"GamblersBrew"},{"floor":21.0,"key":"Explosive Potion"},{"floor":22.0,"key":"Ancient Potion"},{"floor":23.0,"key":"EssenceOfSteel"},{"floor":25.0,"key":"Fire Potion"},{"floor":28.0,"key":"Energy Potion"},{"floor":30.0,"key":"PowerPotion"},{"floor":33.0,"key":"Energy Potion"},{"floor":35,"key":"PowerPotion"},{"floor":37,"key":"SteroidPotion"},{"floor":38,"key":"FearPotion"},{"floor":39,"key":"GamblersBrew"},{"floor":40,"key":"SneckoOil"},{"floor":42,"key":"Swift Potion"},{"floor":45,"key":"Regen Potion"},{"floor":46,"key":"EssenceOfSteel"}],"is_trial":false,"path_per_floor":["M","M","?","?","M","E","M","R","T","M","E","R","$","E","R","B",null,"M","?","?","M","M","E","?","E","T","R","M","$","M","M","R","B",null,"M","M","M","M","M","E","M","E","T","?","M","M","?","T","R","B"],"character_chosen":"THE_SILENT","items_purchased":["Sling"],"campfire_rested":1,"item_purchase_floors":[13],"current_hp_per_floor":[70,70,70,70,70,65,65,65,65,65,61,61,61,61,61,50,70,70,57,57,57,57,43,43,39,39,39,38,38,40,40,40,10,81,80,71,68,70,60,66,53,18,18,99,93,78,78,78,78,68],"gold":2,"neow_bonus":"","is_prod":false,"is_daily":true,"chose_seed":false,"campfire_upgraded":5,"win_rate":0,"timestamp":1534376836,"path_taken":["M","M","?","?","?","E","M","R","T","M","E","R","$","E","R","BOSS","M","?","?","M","M","E","?","E","T","R","M","?","M","M","R","BOSS","M","M","M","M","M","E","M","E","T","?","M","M","?","?","R","BOSS"],"build_version":"2018-08-09","purchased_purges":0,"victory":true,"max_hp_per_floor":[70,70,70,70,70,70,70,70,70,70,70,70,70,70,70,70,70,70,75,75,75,75,75,75,75,75,75,77,77,79,79,79,81,81,81,83,83,85,87,87,89,89,89,99,99,99,99,99,101,101],"card_choices":[{"not_picked":["Endless Agony"],"picked":"Blur","floor":1.0},{"not_picked":["Blur"],"picked":"Dagger Throw","floor":2.0},{"not_picked":["Bouncing Flask"],"picked":"Backstab","floor":5.0},{"not_picked":["Flying Knee"],"picked":"Dagger Spray","floor":6.0},{"not_picked":["Prepared"],"picked":"Slice","floor":7.0},{"not_picked":["Distraction","Dagger Spray"],"picked":"SKIP","floor":10.0},{"not_picked":["Dagger Spray","Poisoned Stab"],"picked":"SKIP","floor":11.0},{"not_picked":["Sucker Punch","Caltrops"],"picked":"SKIP","floor":14.0},{"not_picked":["Bullet Time"],"picked":"A Thousand Cuts","floor":16.0},{"not_picked":["PiercingWail","Slice"],"picked":"SKIP","floor":18.0},{"not_picked":["Poisoned Stab","A Thousand Cuts"],"picked":"SKIP","floor":21.0},{"not_picked":["Blade Dance"],"picked":"Deflect","floor":22.0},{"not_picked":["Prepared","Envenom"],"picked":"SKIP","floor":23.0},{"not_picked":["Accuracy","Bouncing Flask"],"picked":"SKIP","floor":25.0},{"not_picked":["Bane","Flying Knee+1"],"picked":"Singing Bowl","floor":28.0},{"not_picked":["Underhanded Strike+1","Slice"],"picked":"Singing Bowl","floor":30.0},{"not_picked":["Quick Slash"],"picked":"Prepared","floor":31.0},{"not_picked":["Bullet Time","Envenom"],"picked":"Singing Bowl","floor":33.0},{"not_picked":["Expertise+1"],"picked":"Backflip+1","floor":35},{"not_picked":["Acrobatics","Expertise"],"picked":"Singing Bowl","floor":36},{"not_picked":["Endless Agony+1"],"picked":"PiercingWail+1","floor":37},{"not_picked":["Dagger Spray","Underhanded Strike"],"picked":"Singing Bowl","floor":38},{"not_picked":["Dagger Spray","Sucker Punch"],"picked":"Singing Bowl","floor":39},{"not_picked":["Finisher"],"picked":"Flying Knee","floor":40},{"not_picked":["Dagger Spray","Blade Dance"],"picked":"Singing Bowl","floor":41},{"not_picked":["Setup+1"],"picked":"Noxious Fumes+1","floor":42},{"not_picked":["Accuracy+1"],"picked":"Cloak And Dagger+1","floor":45},{"not_picked":["Backflip"],"picked":"Malaise","floor":46},{"not_picked":["Dagger Spray","Distraction+1"],"picked":"Singing Bowl","floor":49}],"player_experience":579894,"relics_obtained":[{"floor":6.0,"key":"Boot"},{"floor":9.0,"key":"Omamori"},{"floor":11.0,"key":"Tough Bandages"},{"floor":14.0,"key":"Du-Vu Doll"},{"floor":23.0,"key":"Bag of Marbles"},{"floor":25.0,"key":"Dream Catcher"},{"floor":26.0,"key":"Singing Bowl"},{"floor":40,"key":"Lantern"},{"floor":42,"key":"Regal Pillow"},{"floor":43,"key":"Bottled Flame"},{"floor":48,"key":"Gremlin Horn"}],"event_choices":[{"event_name":"Living Wall","player_choice":"Change","floor":3.0,"damage_taken":0.0},{"event_name":"Big Fish","player_choice":"Box","floor":4.0,"damage_taken":0.0},{"event_name":"Forgotten Altar","player_choice":"Shed Blood","floor":19.0,"damage_taken":0.0},{"event_name":"Addict","player_choice":"Obtained Relic","floor":20.0,"damage_taken":0.0},{"event_name":"Drug Dealer","player_choice":"Got JAXXED","floor":24.0,"damage_taken":0.0},{"event_name":"Bonfire Elementals","player_choice":"RARE","floor":44,"damage_taken":0},{"event_name":"MindBloom","player_choice":"Upgrade","floor":47,"damage_taken":0}],"is_beta":false,"boss_relics":[{"not_picked":["Philosopher\u0027s Stone","Pandora\u0027s Box"],"picked":"Ectoplasm"},{"not_picked":["Velvet Choker","Cursed Key"],"picked":"Runic Dome"}],"items_purged_floors":[],"is_endless":false,"potions_floor_spawned":[1,2,5,6,7,10,11,14,16,18,21,22,23,25,28,30,31,33,35,36,37,38,39,40,41,42,45,46],"ascension_level":0}