{"gold_per_floor":[109,259,272,289,300,334,348,348,426,426,454,454,454,470,470,470],"floor_reached":16,"playtime":731,"items_purged":[],"score":196,"play_id":"55c4f56a-8b64-4079-9953-d046115c12e9","local_time":"20180826215339","is_ascension_mode":true,"campfire_choices":[{"data":"Neutralize","floor":8.0,"key":"SMITH"},{"data":"Dodge and Roll","floor":10.0,"key":"SMITH"},{"floor":12.0,"key":"REST"},{"data":"1","floor":15,"key":"LIFT"}],"neow_cost":"NONE","seed_source_timestamp":0,"circlet_count":0,"master_deck":["Defend_G","Defend_G","Defend_G","Defend_G","Defend_G","Strike_G","Strike_G","Strike_G","Strike_G","Strike_G","Survivor","Neutralize+1","AscendersBane","Slice","Doubt","Dagger Throw","Predator","Well Laid Plans","Dodge and Roll+1","Quick Slash","Backflip","Decay","Calculated Gamble"],"special_seed":0,"relics":["Ring of the Snake","Bag of Marbles","Sundial","Mummified Hand","Girya"],"potions_floor_usage":[16],"damage_taken":[{"damage":0.0,"enemies":"Small Slimes","floor":1.0,"turns":3.0},{"damage":1.0,"enemies":"2 Louse","floor":3.0,"turns":2.0},{"damage":0.0,"enemies":"Cultist","floor":4.0,"turns":3.0},{"damage":2.0,"enemies":"Red Slaver","floor":5.0,"turns":2.0},{"damage":20.0,"enemies":"Gremlin Nob","floor":6.0,"turns":4.0},{"damage":9.0,"enemies":"Lots of Slimes","floor":7.0,"turns":5.0},{"damage":9.0,"enemies":"3 Sentries","floor":11.0,"turns":8.0},{"damage":0.0,"enemies":"Large Slime","floor":14.0,"turns":5.0},{"damage":33,"enemies":"Slime Boss","floor":16,"turns":10}],"seed_played":"7781779826773603630","potions_obtained":[{"floor":6.0,"key":"GhostInAJar"},{"floor":7.0,"key":"FearPotion"},{"floor":14.0,"key":"AttackPotion"}],"is_trial":false,"path_per_floor":["M","?","M","M","M","E","M","R","T","R","E","R","?","M","R"],"character_chosen":"THE_SILENT","items_purchased":[],"campfire_rested":1,"item_purchase_floors":[],"current_hp_per_floor":[59,59,58,58,56,36,27,27,27,27,18,37,37,37,37,4],"gold":470,"neow_bonus":"RANDOM_COMMON_RELIC","is_prod":false,"is_daily":false,"chose_seed":false,"campfire_upgraded":2,"win_rate":0,"timestamp":1535334819,"path_taken":["M","?","M","M","M","E","M","R","T","R","E","R","?","?","R","BOSS"],"build_version":"2018-08-23v2","purchased_purges":0,"victory":false,"max_hp_per_floor":[66,66,66,66,66,66,66,66,66,66,66,66,66,66,66,66],"card_choices":[{"not_picked":["Bane","Well Laid Plans"],"picked":"Slice","floor":1.0},{"not_picked":["Concentrate","PiercingWail"],"picked":"Dagger Throw","floor":3.0},{"not_picked":["Tactician","Crippling Poison"],"picked":"Predator","floor":4.0},{"not_picked":["PiercingWail","Endless Agony"],"picked":"Well Laid Plans","floor":5.0},{"not_picked":["Crippling Poison","Reflex"],"picked":"Dodge and Roll","floor":6.0},{"not_picked":["Heel Hook","Outmaneuver"],"picked":"Quick Slash","floor":7.0},{"not_picked":["Caltrops","Masterful Stab"],"picked":"Backflip","floor":11.0},{"not_picked":["Deadly Poison","Bouncing Flask"],"picked":"Calculated Gamble","floor":14.0}],"player_experience":616309,"relics_obtained":[{"floor":6.0,"key":"Sundial"},{"floor":9.0,"key":"Mummified Hand"},{"floor":11.0,"key":"Girya"}],"event_choices":[{"event_name":"Liars Game","player_choice":"agreed","floor":2.0,"damage_taken":0.0},{"event_name":"Wheel of Change","player_choice":"Curse","floor":13.0,"damage_taken":0.0}],"is_beta":false,"boss_relics":[],"items_purged_floors":[],"is_endless":false,"potions_floor_spawned":[6,7,14],"killed_by":"Slime Boss","ascension_level":15}