{"gold_per_floor":[118,131,19,37,37,37,69,69,69,69,85,98,14,28,28,28],"floor_reached":16,"playtime":631,"items_purged":["Strike_G"],"score":199,"play_id":"5949b9bf-74d2-4024-a753-020917f115eb","local_time":"20181021202333","is_ascension_mode":true,"campfire_choices":[{"data":"Footwork","floor":6.0,"key":"SMITH"},{"data":"Neutralize","floor":8,"key":"SMITH"},{"data":"Terror","floor":10,"key":"SMITH"},{"floor":15,"key":"REST"}],"neow_cost":"NONE","seed_source_timestamp":1037019298701993,"circlet_count":0,"master_deck":["Defend_G","Defend_G","Defend_G","Defend_G","Defend_G","Strike_G","Strike_G","Strike_G","Strike_G","Survivor","Neutralize+1","AscendersBane","Bane","Terror+1","Footwork+1","Deadly Poison","Deflect","Noxious Fumes","Bane"],"special_seed":0,"relics":["Ring of the Snake","Bronze Scales","Unceasing Top","WingedGreaves"],"potions_floor_usage":[7,7],"damage_taken":[{"damage":4.0,"enemies":"Small Slimes","floor":1.0,"turns":4.0},{"damage":0.0,"enemies":"Jaw Worm","floor":2.0,"turns":4.0},{"damage":0.0,"enemies":"Cultist","floor":4.0,"turns":3.0},{"damage":32,"enemies":"Lagavulin","floor":7,"turns":9},{"damage":10,"enemies":"Lots of Slimes","floor":11,"turns":5},{"damage":3,"enemies":"3 Louse","floor":12,"turns":4},{"damage":6,"enemies":"Gremlin Gang","floor":14,"turns":5},{"damage":20,"enemies":"The Guardian","floor":16,"turns":5}],"seed_played":"-1924322241127096652","potions_obtained":[{"floor":1.0,"key":"LiquidBronze"},{"floor":2.0,"key":"EssenceOfSteel"},{"floor":11,"key":"Poison Potion"}],"is_trial":false,"path_per_floor":["M","M","$","M","?","R","E","R","T","R","M","M","$","M","R"],"character_chosen":"THE_SILENT","items_purchased":["Footwork","Noxious Fumes"],"campfire_rested":1,"item_purchase_floors":[3,13],"current_hp_per_floor":[55,55,55,55,55,55,23,23,23,23,13,10,10,4,23,3],"gold":28,"neow_bonus":"RANDOM_COMMON_RELIC","is_prod":false,"is_daily":false,"chose_seed":false,"campfire_upgraded":3,"win_rate":0,"timestamp":1540167813,"path_taken":["M","M","$","M","?","R","E","R","T","R","?","?","$","M","R","BOSS"],"build_version":"2018-10-18","purchased_purges":1,"victory":false,"max_hp_per_floor":[66,66,66,66,66,66,66,66,66,66,66,66,66,66,66,66],"card_choices":[{"not_picked":["Concentrate","Backflip"],"picked":"Bane","floor":1.0},{"not_picked":["Poisoned Stab","Blur"],"picked":"Terror","floor":2.0},{"not_picked":["Skewer","Heel Hook","Calculated Gamble"],"picked":"SKIP","floor":4.0},{"not_picked":["Expertise","Blade Dance","Acrobatics"],"picked":"SKIP","floor":7},{"not_picked":["Distraction","Poisoned Stab"],"picked":"Deadly Poison","floor":11},{"not_picked":["Underhanded Strike","Calculated Gamble"],"picked":"Deflect","floor":12},{"not_picked":["Poisoned Stab","Dagger Throw"],"picked":"Bane","floor":14}],"player_experience":790329,"relics_obtained":[{"floor":7,"key":"Unceasing Top"},{"floor":9,"key":"WingedGreaves"}],"event_choices":[{"damage_healed":0.0,"max_hp_gain":0.0,"max_hp_loss":0.0,"gold_gain":0.0,"event_name":"Scrap Ooze","player_choice":"Fled","floor":5.0,"gold_loss":0.0,"damage_taken":0.0}],"is_beta":false,"boss_relics":[],"items_purged_floors":[3],"is_endless":false,"potions_floor_spawned":[1,2,4,11],"killed_by":"The Guardian","ascension_level":19}