{"gold_per_floor":[114,114,39,52,9,9,45,45,68,106,6,6,6,29,29,148,148,166,166,76,69,89,129,129,173,246,259,272,11,26,47,47,166,166,190,190,203,15,15,15,58,158,184,184],"floor_reached":44,"playtime":2448,"items_purged":["Injury","Parasite"],"score":559,"play_id":"7833a250-a9df-42bd-ab98-16cce3ca5c11","local_time":"20190116215536","is_ascension_mode":true,"campfire_choices":[{"data":"Neutralize","floor":6.0,"key":"SMITH"},{"floor":8.0,"key":"REST"},{"data":"Crippling Poison","floor":12.0,"key":"SMITH"},{"data":"Noxious Fumes","floor":15.0,"key":"SMITH"},{"floor":24.0,"key":"REST"},{"floor":32,"key":"REST"},{"data":"Metamorphosis","floor":40,"key":"SMITH"}],"neow_cost":"CURSE","seed_source_timestamp":0,"circlet_count":0,"master_deck":["Defend_G","Defend_G+1","Defend_G","Defend_G","Defend_G","Strike_G","Strike_G","Strike_G","Strike_G","Strike_G","Survivor","Neutralize+1","Deflect","Crippling Poison+1","Bane","Noxious Fumes+1","Poisoned Stab","Adrenaline","Noxious Fumes","Deflect","Escape Plan+1","Catalyst+1","Deadly Poison","Terror+1","Concentrate+1","Calculated Gamble","Slice+1","Cloak And Dagger+1","Prepared","Adrenaline","Backflip","Slice","Metamorphosis+1","Metamorphosis","Cloak And Dagger","Pain"],"special_seed":0,"relics":["Ring of the Snake","Golden Idol","Dodecahedron","Dream Catcher","Pen Nib","White Beast Statue","Frozen Egg 2","Torii","Shuriken","Kunai","Cursed Key","Blood Vial","Boot"],"potions_floor_usage":[30,31,41,44,44],"damage_taken":[{"damage":5.0,"enemies":"Small Slimes","floor":1.0,"turns":6.0},{"damage":0.0,"enemies":"2 Louse","floor":4.0,"turns":3.0},{"damage":60.0,"enemies":"Gremlin Nob","floor":7.0,"turns":7.0},{"damage":27.0,"enemies":"3 Sentries","floor":10.0,"turns":16.0},{"damage":1.0,"enemies":"Cultist","floor":14.0,"turns":4.0},{"damage":18.0,"enemies":"Hexaghost","floor":16.0,"turns":8.0},{"damage":6.0,"enemies":"3 Byrds","floor":18.0,"turns":5.0},{"damage":6.0,"enemies":"2 Thieves","floor":21.0,"turns":4.0},{"damage":13.0,"enemies":"Snake Plant","floor":22.0,"turns":5.0},{"damage":31.0,"enemies":"Slavers","floor":23.0,"turns":5.0},{"damage":14.0,"enemies":"Book of Stabbing","floor":25.0,"turns":6.0},{"damage":8.0,"enemies":"Centurion and Healer","floor":27.0,"turns":8.0},{"damage":1,"enemies":"Cultist and Chosen","floor":28,"turns":4},{"damage":1,"enemies":"Chosen and Byrds","floor":30,"turns":4},{"damage":20,"enemies":"Shelled Parasite and Fungi","floor":31,"turns":4},{"damage":34,"enemies":"Champ","floor":33,"turns":8},{"damage":2,"enemies":"3 Shapes","floor":35,"turns":4},{"damage":1,"enemies":"3 Darklings","floor":37,"turns":4},{"damage":1,"enemies":"Giant Head","floor":41,"turns":6},{"damage":97,"enemies":"Reptomancer","floor":44,"turns":4}],"seed_played":"-9055338638139546441","potions_obtained":[{"floor":4.0,"key":"Weak Potion"},{"floor":10.0,"key":"SkillPotion"},{"floor":16.0,"key":"Explosive Potion"},{"floor":18.0,"key":"Poison Potion"},{"floor":21.0,"key":"AttackPotion"},{"floor":22.0,"key":"Fire Potion"},{"floor":23.0,"key":"FearPotion"},{"floor":25.0,"key":"Poison Potion"},{"floor":27,"key":"Block Potion"},{"floor":30,"key":"FairyPotion"},{"floor":31,"key":"Fire Potion"},{"floor":33,"key":"Dexterity Potion"},{"floor":35,"key":"Swift Potion"},{"floor":37,"key":"SkillPotion"},{"floor":41,"key":"Weak Potion"}],"is_trial":false,"path_per_floor":["M","?","$","M","?","R","E","R","T","E","$","R","?","M","R","B",null,"M","?","?","M","M","E","R","E","T","M","M","$","M","M","R","B",null,"M","?","M","$","?","R","E","?","T","E"],"character_chosen":"THE_SILENT","items_purchased":["Kunai","Metamorphosis"],"campfire_rested":3,"item_purchase_floors":[29,38],"current_hp_per_floor":[79,79,79,79,79,79,19,44,44,17,17,17,37,36,36,18,81,75,75,75,69,56,25,48,34,34,26,25,25,24,4,27,7,78,76,76,75,75,75,75,74,74,74,0],"gold":184,"neow_bonus":"TWENTY_PERCENT_HP_BONUS","is_prod":false,"is_daily":false,"chose_seed":false,"campfire_upgraded":4,"win_rate":0,"timestamp":1547693736,"path_taken":["M","?","$","M","?","R","E","R","T","E","$","R","?","M","R","BOSS","M","?","?","?","M","E","R","E","T","M","M","$","M","M","R","BOSS","M","?","M","$","?","R","E","?","T","E"],"build_version":"2019-01-10","purchased_purges":2,"victory":false,"max_hp_per_floor":[84,84,84,84,84,84,84,84,84,84,81,81,81,81,81,81,81,81,81,78,78,78,78,78,78,78,78,78,78,78,78,78,78,78,78,78,78,78,78,78,78,78,78,78],"card_choices":[{"not_picked":["PiercingWail","Dagger Throw"],"picked":"Deflect","floor":1.0},{"not_picked":["Masterful Stab","Calculated Gamble"],"picked":"Crippling Poison","floor":4.0},{"not_picked":["Unload","Die Die Die"],"picked":"Bane","floor":7.0},{"not_picked":["Cloak And Dagger","Backflip"],"picked":"Noxious Fumes","floor":10.0},{"not_picked":["PiercingWail","Underhanded Strike"],"picked":"Poisoned Stab","floor":14.0},{"not_picked":["A Thousand Cuts","Night Terror"],"picked":"Adrenaline","floor":16.0},{"not_picked":["Underhanded Strike","Dagger Spray"],"picked":"Noxious Fumes","floor":18.0},{"not_picked":["Dash+1","Poisoned Stab"],"picked":"Deflect","floor":21.0},{"not_picked":["Dodge and Roll","Terror"],"picked":"Escape Plan+1","floor":22.0},{"not_picked":["Acrobatics","Noxious Fumes"],"picked":"Catalyst+1","floor":23.0},{"not_picked":["Sucker Punch+1","Masterful Stab"],"picked":"Deadly Poison","floor":24.0},{"not_picked":["Skewer","Bane"],"picked":"Terror+1","floor":25.0},{"not_picked":["A Thousand Cuts+1","Dash"],"picked":"Concentrate+1","floor":27},{"not_picked":["Quick Slash+1","Eviscerate"],"picked":"Calculated Gamble","floor":28},{"not_picked":["PiercingWail","Poisoned Stab"],"picked":"Slice+1","floor":30},{"not_picked":["Masterful Stab","Deadly Poison"],"picked":"Cloak And Dagger+1","floor":31},{"not_picked":["Grand Finale","Dagger Throw"],"picked":"Prepared","floor":32},{"not_picked":["Bullet Time","Venomology"],"picked":"Adrenaline","floor":33},{"not_picked":["Slice","Prepared"],"picked":"Backflip","floor":35},{"not_picked":["Sucker Punch+1","Predator+1"],"picked":"Slice","floor":37},{"not_picked":["Dark Shackles","Dramatic Entrance"],"picked":"Metamorphosis","floor":39},{"not_picked":["Flying Knee+1","Underhanded Strike+1"],"picked":"Cloak And Dagger","floor":41}],"player_experience":107056,"relics_obtained":[{"floor":7.0,"key":"Dodecahedron"},{"floor":9.0,"key":"Dream Catcher"},{"floor":10.0,"key":"Pen Nib"},{"floor":23.0,"key":"Frozen Egg 2"},{"floor":25.0,"key":"Torii"},{"floor":26.0,"key":"Shuriken"},{"floor":41,"key":"Blood Vial"},{"floor":43,"key":"Boot"}],"event_choices":[{"damage_healed":0.0,"max_hp_gain":0.0,"max_hp_loss":0.0,"gold_gain":0.0,"event_name":"Golden Idol","player_choice":"Take Wound","floor":2.0,"gold_loss":0.0,"damage_taken":0.0,"relics_obtained":["Golden Idol"],"cards_obtained":["Injury"]},{"damage_healed":0.0,"max_hp_gain":0.0,"max_hp_loss":0.0,"gold_gain":0.0,"event_name":"World of Goop","player_choice":"Left Gold","floor":5.0,"gold_loss":43.0,"damage_taken":0.0},{"damage_healed":20.0,"max_hp_gain":0.0,"max_hp_loss":0.0,"gold_gain":0.0,"event_name":"Mushrooms","player_choice":"Healed and dodged fight","floor":13.0,"gold_loss":0.0,"damage_taken":0.0,"cards_obtained":["Parasite"]},{"damage_healed":0.0,"max_hp_gain":0.0,"max_hp_loss":0.0,"gold_gain":0.0,"event_name":"Ghosts","player_choice":"Ignored","floor":19.0,"gold_loss":0.0,"damage_taken":0.0},{"cards_removed":["Parasite"],"damage_healed":0.0,"max_hp_gain":0.0,"max_hp_loss":0.0,"gold_gain":0.0,"event_name":"Designer","player_choice":"Upgrade and Remove","floor":20.0,"gold_loss":90.0,"damage_taken":0.0,"cards_upgraded":["Defend_G"]},{"damage_healed":0,"gold_gain":0,"player_choice":"Ignored","damage_taken":0,"max_hp_gain":0,"max_hp_loss":0,"event_name":"Mysterious Sphere","floor":36,"gold_loss":0},{"damage_healed":0,"gold_gain":0,"player_choice":"Memory 1","damage_taken":0,"max_hp_gain":0,"max_hp_loss":0,"event_name":"SensoryStone","floor":39,"gold_loss":0},{"damage_healed":0,"gold_gain":100,"player_choice":"Pray","damage_taken":0,"max_hp_gain":0,"max_hp_loss":0,"event_name":"Golden Shrine","floor":42,"gold_loss":0}],"is_beta":false,"boss_relics":[{"not_picked":["Runic Dome","Ectoplasm"],"picked":"White Beast Statue"},{"not_picked":["Tiny House","Sozu"],"picked":"Cursed Key"}],"items_purged_floors":[3,11],"is_endless":false,"potions_floor_spawned":[4,10,16,18,21,22,23,25,27,28,30,31,33,35,37,41],"killed_by":"Reptomancer","ascension_level":1}