{"gold_per_floor":[119,134,144,144,42,76,93,119,119,148,164,183,203,168,168,168],"floor_reached":16,"playtime":682,"items_purged":[],"score":180,"play_id":"b4258660-06cd-4f75-9aea-d7ff0c341988","local_time":"20190215110830","is_ascension_mode":true,"campfire_choices":[{"floor":15,"key":"REST"}],"neow_cost":"NONE","seed_source_timestamp":211406668583785,"circlet_count":0,"master_deck":["Defend_G","Defend_G","Defend_G","Defend_G","Defend_G","Strike_G","Strike_G","Strike_G","Strike_G","Strike_G","Survivor","Neutralize","Poisoned Stab","Crippling Poison","Dash","Reflex","Dash","Deadly Poison","Deflect","PiercingWail","Escape Plan"],"relics":["Lizard Tail","Dodecahedron","Singing Bowl","Pear","Bottled Flame"],"potions_floor_usage":[6,6,6,8,10,16,16],"damage_taken":[{"damage":2,"enemies":"Cultist","floor":1,"turns":6},{"damage":8,"enemies":"Jaw Worm","floor":2,"turns":5},{"damage":2,"enemies":"Small Slimes","floor":3,"turns":5},{"damage":2,"enemies":"Gremlin Nob","floor":6,"turns":4},{"damage":5,"enemies":"Blue Slaver","floor":7,"turns":4},{"damage":7,"enemies":"3 Sentries","floor":8,"turns":10},{"damage":22,"enemies":"Lagavulin","floor":10,"turns":7},{"damage":5,"enemies":"2 Fungi Beasts","floor":11,"turns":3},{"damage":17,"enemies":"3 Louse","floor":12,"turns":3},{"damage":0,"enemies":"Looter","floor":13,"turns":4},{"damage":17,"enemies":"Slime Boss","floor":16,"turns":10}],"seed_played":"-6784887902390373343","potions_obtained":[{"floor":4,"key":"EntropicBrew"},{"floor":4,"key":"Poison Potion"},{"floor":4,"key":"Block Potion"},{"floor":6,"key":"FearPotion"},{"floor":10,"key":"Poison Potion"},{"floor":11,"key":"Energy Potion"},{"floor":12,"key":"GhostInAJar"}],"is_trial":false,"path_per_floor":["M","M","M","?","$","E","M","E","T","E","M","M","M","?","R","B"],"character_chosen":"THE_SILENT","items_purchased":["Crippling Poison","Dash"],"campfire_rested":1,"item_purchase_floors":[5,5],"current_hp_per_floor":[61,53,51,51,51,49,44,37,47,27,22,5,5,25,49,32],"gold":168,"neow_bonus":"BOSS_RELIC","is_prod":false,"is_daily":false,"chose_seed":false,"campfire_upgraded":0,"win_rate":0,"timestamp":1550246910,"path_taken":["M","?","M","?","$","E","M","E","T","E","?","M","M","?","R","BOSS"],"build_version":"2019-01-23","purchased_purges":0,"victory":false,"max_hp_per_floor":[70,70,70,70,70,70,70,70,80,82,82,82,82,82,82,82],"card_choices":[{"not_picked":["Blade Dance","Bane"],"picked":"Poisoned Stab","floor":1},{"not_picked":["Acrobatics","Caltrops","Slice"],"picked":"SKIP","floor":2},{"not_picked":["Caltrops","Slice","Endless Agony"],"picked":"SKIP","floor":3},{"not_picked":["Infinite Blades","Dodge and Roll"],"picked":"Reflex","floor":6},{"not_picked":["Dodge and Roll","Flying Knee"],"picked":"Dash","floor":7},{"not_picked":["Deflect","Quick Slash"],"picked":"Deadly Poison","floor":8},{"not_picked":["Sucker Punch","Dodge and Roll","Storm of Steel"],"picked":"Singing Bowl","floor":10},{"not_picked":["Dodge and Roll","Deadly Poison"],"picked":"Deflect","floor":11},{"not_picked":["Distraction","Outmaneuver"],"picked":"PiercingWail","floor":12},{"not_picked":["Infinite Blades","Poisoned Stab"],"picked":"Escape Plan","floor":13}],"player_experience":292344,"relics_obtained":[{"floor":6,"key":"Dodecahedron"},{"floor":8,"key":"Singing Bowl"},{"floor":9,"key":"Pear"},{"floor":10,"key":"Bottled Flame"}],"event_choices":[{"damage_healed":0,"gold_gain":0,"player_choice":"Got Potions","damage_taken":0,"max_hp_gain":0,"max_hp_loss":0,"event_name":"Lab","floor":4,"gold_loss":0},{"damage_healed":20,"gold_gain":0,"player_choice":"Healed","damage_taken":0,"max_hp_gain":0,"max_hp_loss":0,"event_name":"The Cleric","floor":14,"gold_loss":35}],"is_beta":false,"boss_relics":[],"items_purged_floors":[],"is_endless":false,"potions_floor_spawned":[6,10,11,12,13],"killed_by":"Slime Boss","ascension_level":9}