{"gold_per_floor":[110,122,152,152,221,221,234,250,303,97,115,130,159,173,173,276,276,296,396,112,112,211,236,236,264,339,28,28,47,47,64,64,161,161,175,175,58,58,107,107,107],"floor_reached":41,"playtime":1940,"items_purged":["Injury","Clumsy"],"score":473,"play_id":"30f14a19-7d68-4c8c-9f63-7583bab11d1a","local_time":"20190116080013","is_ascension_mode":true,"campfire_choices":[{"floor":6,"key":"REST"},{"floor":15,"key":"REST"},{"data":"Burst","floor":24,"key":"SMITH"},{"floor":28,"key":"REST"},{"floor":30,"key":"REST"},{"floor":32,"key":"REST"},{"floor":40,"key":"REST"}],"neow_cost":"NONE","seed_source_timestamp":568024743831632,"circlet_count":0,"master_deck":["Defend_G+1","Defend_G","Defend_G","Defend_G+1","Defend_G","Strike_G","Strike_G","Strike_G","Strike_G","Survivor","Neutralize","Bouncing Flask","Poisoned Stab","Deadly Poison","Burst+1","Noxious Fumes","Terror","Backflip","Crippling Poison","Deflect","Burst","Parasite","Deflect+1","Enlightenment","Bouncing Flask","Footwork+1","Escape Plan","Chrysalis","Noxious Fumes+1","Bouncing Flask","Prepared"],"relics":["Ring of the Snake","Juzu Bracelet","Tiny Chest","Mercury Hourglass","Smiling Mask","Happy Flower","Calling Bell","Vajra","Mummified Hand","Torii","Lantern","Pear","Darkstone Periapt","Oddly Smooth Stone","Frozen Egg 2","Kunai","Velvet Choker","Tingsha"],"potions_floor_usage":[2,23,25,33,33,39],"damage_taken":[{"damage":0,"enemies":"2 Louse","floor":1,"turns":3},{"damage":7,"enemies":"Small Slimes","floor":2,"turns":4},{"damage":1,"enemies":"Jaw Worm","floor":7,"turns":4},{"damage":8,"enemies":"Lots of Slimes","floor":8,"turns":3},{"damage":10,"enemies":"Large Slime","floor":11,"turns":5},{"damage":4,"enemies":"Looter","floor":12,"turns":3},{"damage":17,"enemies":"Lagavulin","floor":13,"turns":6},{"damage":3,"enemies":"3 Louse","floor":14,"turns":2},{"damage":3,"enemies":"The Guardian","floor":16,"turns":8},{"damage":9,"enemies":"Chosen","floor":18,"turns":4},{"damage":7,"enemies":"Gremlin Leader","floor":23,"turns":6},{"damage":55,"enemies":"Slavers","floor":25,"turns":6},{"damage":15,"enemies":"Spheric Guardian","floor":29,"turns":4},{"damage":8,"enemies":"Snake Plant","floor":31,"turns":5},{"damage":26,"enemies":"Collector","floor":33,"turns":8},{"damage":0,"enemies":"3 Shapes","floor":35,"turns":5},{"damage":42,"enemies":"2 Orb Walkers","floor":39,"turns":5},{"damage":80,"enemies":"Reptomancer","floor":41,"turns":2}],"seed_played":"-1278551183024827698","potions_obtained":[{"floor":1,"key":"Fruit Juice"},{"floor":2,"key":"Energy Potion"},{"floor":12,"key":"GhostInAJar"},{"floor":14,"key":"SpeedPotion"},{"floor":23,"key":"Weak Potion"},{"floor":29,"key":"Ancient Potion"},{"floor":33,"key":"AttackPotion"}],"is_trial":false,"path_per_floor":["M","M","?","?","T","R","M","M","T","$","M","M","E","M","R","B",null,"M","?","$","T","?","E","R","E","T","$","R","M","R","M","R","B",null,"M","?","$","?","?","R","E"],"character_chosen":"THE_SILENT","items_purchased":["Burst","Noxious Fumes","Lantern","Enlightenment","Kunai","Noxious Fumes+1","Bouncing Flask"],"campfire_rested":6,"item_purchase_floors":[10,10,20,20,27,37,37],"current_hp_per_floor":[70,68,61,46,46,68,67,59,59,59,49,45,28,25,47,44,75,66,66,66,76,76,69,69,14,14,14,39,24,49,41,66,40,85,85,85,85,85,43,68,0],"gold":107,"neow_bonus":"RANDOM_COMMON_RELIC","is_prod":false,"is_daily":false,"chose_seed":false,"campfire_upgraded":1,"win_rate":0,"timestamp":1547643613,"path_taken":["M","M","?","?","?","R","M","M","T","$","M","M","E","M","R","BOSS","M","?","$","?","?","E","R","E","T","$","R","M","R","M","R","BOSS","M","?","$","?","?","R","E"],"build_version":"2019-01-10","purchased_purges":2,"victory":false,"max_hp_per_floor":[70,75,75,75,75,75,75,75,75,75,75,75,75,75,75,75,75,75,75,75,85,85,85,85,85,85,85,85,85,85,85,85,85,85,85,85,85,85,85,85,85],"card_choices":[{"not_picked":["Backflip","Prepared"],"picked":"Bouncing Flask","floor":1},{"not_picked":["Acrobatics","Expertise"],"picked":"Poisoned Stab","floor":2},{"not_picked":["Dagger Throw","Bane"],"picked":"Deadly Poison","floor":7},{"not_picked":["PiercingWail","Concentrate","Dagger Throw"],"picked":"SKIP","floor":8},{"not_picked":["Well Laid Plans","Malaise"],"picked":"Terror","floor":11},{"not_picked":["Underhanded Strike","Masterful Stab"],"picked":"Backflip","floor":12},{"not_picked":["Heel Hook","Corpse Explosion"],"picked":"Crippling Poison","floor":13},{"not_picked":["Dodge and Roll","Underhanded Strike"],"picked":"Deflect","floor":14},{"not_picked":["Venomology","Doppelganger"],"picked":"Burst","floor":16},{"not_picked":["Calculated Gamble+1","Riddle With Holes+1"],"picked":"Deflect+1","floor":18},{"not_picked":["Quick Slash","Backflip"],"picked":"Bouncing Flask","floor":23},{"not_picked":["Setup","Glass Knife","Predator"],"picked":"SKIP","floor":25},{"not_picked":["Blade Dance","Flying Knee+1","Outmaneuver"],"picked":"SKIP","floor":29},{"not_picked":["Flying Knee","Bane+1"],"picked":"Footwork+1","floor":31},{"not_picked":["Blade Dance","Heel Hook"],"picked":"Escape Plan","floor":35},{"not_picked":["Mind Blast","Swift Strike"],"picked":"Chrysalis","floor":36},{"not_picked":["Dagger Spray","Bane"],"picked":"Prepared","floor":39}],"player_experience":90001,"relics_obtained":[{"floor":5,"key":"Mercury Hourglass"},{"floor":9,"key":"Smiling Mask"},{"floor":13,"key":"Happy Flower"},{"floor":17,"key":"Vajra"},{"floor":17,"key":"Mummified Hand"},{"floor":17,"key":"Torii"},{"floor":21,"key":"Pear"},{"floor":23,"key":"Darkstone Periapt"},{"floor":25,"key":"Oddly Smooth Stone"},{"floor":26,"key":"Frozen Egg 2"},{"floor":39,"key":"Tingsha"}],"event_choices":[{"damage_healed":0,"gold_gain":0,"player_choice":"Success","damage_taken":7,"relics_obtained":["Tiny Chest"],"max_hp_gain":0,"max_hp_loss":0,"event_name":"Scrap Ooze","floor":3,"gold_loss":0},{"damage_healed":0,"gold_gain":0,"player_choice":"Entered Light","damage_taken":15,"max_hp_gain":0,"max_hp_loss":0,"event_name":"Shining Light","floor":4,"gold_loss":0,"cards_upgraded":["Defend_G","Defend_G"]},{"damage_healed":0,"gold_gain":100,"player_choice":"Pray","damage_taken":0,"max_hp_gain":0,"max_hp_loss":0,"event_name":"Golden Shrine","floor":19,"gold_loss":0},{"damage_healed":0,"gold_gain":99,"player_choice":"Stole From Cult","damage_taken":0,"max_hp_gain":0,"max_hp_loss":0,"event_name":"Nest","floor":22,"gold_loss":0},{"damage_healed":0,"gold_gain":0,"player_choice":"Memory 1","damage_taken":0,"max_hp_gain":0,"max_hp_loss":0,"event_name":"SensoryStone","floor":36,"gold_loss":0},{"cards_removed":["Strike_G"],"damage_healed":0,"gold_gain":0,"player_choice":"Removed Attack","damage_taken":0,"max_hp_gain":0,"max_hp_loss":0,"event_name":"Falling","floor":38,"gold_loss":0},{"damage_healed":0,"gold_gain":0,"player_choice":"Fight","damage_taken":0,"max_hp_gain":0,"max_hp_loss":0,"event_name":"Mysterious Sphere","floor":39,"gold_loss":0}],"is_beta":false,"boss_relics":[{"not_picked":["Fusion Hammer","Runic Dome"],"picked":"Calling Bell"},{"not_picked":["Busted Crown","Sozu"],"picked":"Velvet Choker"}],"items_purged_floors":[20,27],"is_endless":false,"potions_floor_spawned":[1,2,12,14,18,23,29,33],"killed_by":"Reptomancer","ascension_level":1}