{"gold_per_floor":[110,124,137,137,154,154,125,125,125,200,68,68,38,53,53,53],"floor_reached":16,"playtime":545,"items_purged":["Defend_G"],"score":184,"play_id":"ee1d61af-d60b-45f2-9cbb-152840dda619","local_time":"20181104231920","is_ascension_mode":true,"campfire_choices":[{"data":"Malaise","floor":6,"key":"SMITH"},{"data":"Crippling Poison","floor":8,"key":"SMITH"},{"floor":15,"key":"REST"}],"neow_cost":"NONE","seed_source_timestamp":2260963867367525,"circlet_count":0,"master_deck":["AscendersBane","Defend_G","Defend_G","Defend_G","Defend_G","Strike_G","Strike_G","Strike_G","Strike_G","Survivor","Neutralize","Well Laid Plans","Flechettes","Dagger Spray","Cloak And Dagger","Malaise+1","Crippling Poison+1","Sucker Punch"],"relics":["Ring of the Snake","Singing Bowl"],"potions_floor_usage":[7,7,16,16],"damage_taken":[{"damage":11,"enemies":"Jaw Worm","floor":1,"turns":8},{"damage":9,"enemies":"Small Slimes","floor":2,"turns":3},{"damage":0,"enemies":"Cultist","floor":3,"turns":4},{"damage":10,"enemies":"Looter","floor":5,"turns":4},{"damage":0,"enemies":"Exordium Thugs","floor":7,"turns":6},{"damage":0,"enemies":"Exordium Wildlife","floor":14,"turns":3},{"damage":19,"enemies":"Slime Boss","floor":16,"turns":6}],"seed_played":"3116109638679715518","potions_obtained":[{"floor":1,"key":"Weak Potion"},{"floor":3,"key":"Energy Potion"},{"floor":5,"key":"EssenceOfSteel"},{"floor":13,"key":"Dexterity Potion"},{"floor":13,"key":"SneckoOil"}],"is_trial":false,"path_per_floor":["M","M","M","?","M","R","M","R","T","?","$","$","?","M","R","B"],"character_chosen":"THE_SILENT","items_purchased":["Sucker Punch"],"campfire_rested":1,"item_purchase_floors":[11],"current_hp_per_floor":[48,39,39,32,22,22,22,22,22,11,11,11,11,13,33,14],"gold":53,"neow_bonus":"THREE_CARDS","is_prod":false,"is_daily":false,"chose_seed":false,"campfire_upgraded":2,"win_rate":0,"timestamp":1541391560,"path_taken":["M","M","M","?","M","R","M","R","T","?","?","$","?","?","R","BOSS"],"build_version":"2018-11-01","purchased_purges":1,"victory":false,"max_hp_per_floor":[66,66,66,66,66,66,66,66,66,66,66,66,66,68,68,68],"card_choices":[{"not_picked":["Outmaneuver","Concentrate"],"picked":"Well Laid Plans","floor":0},{"not_picked":["Flying Knee","Setup"],"picked":"Flechettes","floor":1},{"not_picked":["PiercingWail","Flying Knee"],"picked":"Dagger Spray","floor":2},{"not_picked":["Prepared","Flying Knee"],"picked":"Cloak And Dagger","floor":3},{"not_picked":["Poisoned Stab","Footwork"],"picked":"Malaise","floor":5},{"not_picked":["Finisher","Dagger Spray"],"picked":"Crippling Poison","floor":7},{"not_picked":["Cloak And Dagger","Finisher","Prepared"],"picked":"Singing Bowl","floor":14}],"player_experience":891021,"relics_obtained":[{"floor":9,"key":"Singing Bowl"}],"event_choices":[{"cards_removed":["Strike_G"],"damage_healed":0,"gold_gain":0,"player_choice":"Card Removal","damage_taken":7,"max_hp_gain":0,"max_hp_loss":0,"event_name":"Golden Wing","floor":4,"gold_loss":0},{"damage_healed":0,"gold_gain":75,"player_choice":"Gather Gold","damage_taken":11,"max_hp_gain":0,"max_hp_loss":0,"event_name":"World of Goop","floor":10,"gold_loss":0},{"damage_healed":0,"gold_gain":0,"player_choice":"Bought 2 Potions","damage_taken":0,"max_hp_gain":0,"max_hp_loss":0,"event_name":"The Woman in Blue","floor":13,"gold_loss":0}],"is_beta":false,"boss_relics":[],"items_purged_floors":[11],"is_endless":false,"potions_floor_spawned":[1,3,5,14],"killed_by":"Slime Boss","ascension_level":20}