{"gold_per_floor":[112,26,26,26,38,38,72,72,72,102,122,122,135,135,135,226,226,242,242,242,257,171,171,189,203,230,230,245,245,6,21,21,21],"floor_reached":33,"playtime":861,"items_purged":["Normality"],"score":546,"play_id":"cfe2138b-8be2-492b-baef-bd1dc1c3f132","local_time":"20181021173130","is_ascension_mode":true,"campfire_choices":[{"data":"Skewer","floor":6,"key":"SMITH"},{"data":"Dagger Spray","floor":8,"key":"SMITH"},{"floor":15,"key":"DIG"},{"floor":23,"key":"DIG"},{"floor":27,"key":"DIG"},{"floor":29,"key":"DIG"},{"floor":32,"key":"DIG"}],"neow_cost":"NONE","seed_source_timestamp":1026547043484476,"circlet_count":0,"master_deck":["Defend_G","Defend_G","Defend_G+1","Defend_G","Defend_G","Strike_G","Strike_G","Strike_G","Strike_G+1","Strike_G","Survivor","Neutralize","AscendersBane","Flying Knee","Dash","Skewer+1","Dagger Spray+1","Terror","Cloak And Dagger","After Image","Sucker Punch","Writhe","Shame","Dodge and Roll+1","Footwork","Backflip","Backflip","Riddle With Holes"],"relics":["Ring of the Snake","NeowsBlessing","Paper Crane","Bottled Flame","Orichalcum","Shovel","Golden Idol","Du-Vu Doll","Cursed Key","Dead Branch","Blood Vial","Dodecahedron","Lantern","Bronze Scales","Matryoshka","Pen Nib","Oddly Smooth Stone"],"potions_floor_usage":[16,28,33],"damage_taken":[{"damage":0,"enemies":"2 Louse","floor":1,"turns":1},{"damage":0,"enemies":"Small Slimes","floor":5,"turns":1},{"damage":0,"enemies":"Lagavulin","floor":7,"turns":1},{"damage":24,"enemies":"3 Sentries","floor":10,"turns":7},{"damage":0,"enemies":"Cultist","floor":11,"turns":2},{"damage":0,"enemies":"Blue Slaver","floor":13,"turns":2},{"damage":8,"enemies":"Hexaghost","floor":16,"turns":8},{"damage":12,"enemies":"Spheric Guardian","floor":18,"turns":4},{"damage":0,"enemies":"Chosen","floor":21,"turns":3},{"damage":0,"enemies":"Snecko","floor":24,"turns":3},{"damage":0,"enemies":"Centurion and Healer","floor":25,"turns":4},{"damage":3,"enemies":"Chosen and Byrds","floor":28,"turns":5},{"damage":12,"enemies":"Snecko","floor":31,"turns":5},{"damage":5,"enemies":"Automaton","floor":33,"turns":6}],"seed_played":"-6190434760796707501","potions_obtained":[{"floor":7,"key":"SmokeBomb"},{"floor":10,"key":"Energy Potion"},{"floor":13,"key":"Explosive Potion"},{"floor":16,"key":"Swift Potion"}],"is_trial":false,"path_per_floor":["M","$","?","$","M","R","E","R","T","E","M","T","M","?","R","B",null,"M","?","?","M","$","R","M","M","T","R","M","R","$","M","R"],"character_chosen":"THE_SILENT","items_purchased":["Dash","Footwork","Pen Nib"],"campfire_rested":0,"item_purchase_floors":[2,22,30],"current_hp_per_floor":[59,59,39,39,39,39,39,39,39,15,15,15,15,15,15,7,47,35,35,35,37,37,37,39,41,41,41,40,40,40,30,30,27],"gold":21,"neow_bonus":"THREE_ENEMY_KILL","is_prod":false,"is_daily":false,"chose_seed":false,"campfire_upgraded":2,"win_rate":0,"timestamp":1540157490,"path_taken":["M","$","?","?","M","R","E","R","T","E","M","?","M","?","R","BOSS","M","?","?","M","$","R","M","M","T","R","?","R","$","M","R","BOSS"],"build_version":"2018-10-18","purchased_purges":1,"victory":false,"max_hp_per_floor":[66,66,66,66,66,66,66,66,66,66,66,66,66,60,60,60,60,60,60,60,60,60,60,60,60,60,60,60,60,60,60,60,60],"card_choices":[{"not_picked":["Deadly Poison","Slice"],"picked":"Flying Knee","floor":1},{"not_picked":["Heel Hook","Cloak And Dagger"],"picked":"Skewer","floor":5},{"not_picked":["Heel Hook","Riddle With Holes"],"picked":"Dagger Spray","floor":7},{"not_picked":["Noxious Fumes","Bane"],"picked":"Terror","floor":10},{"not_picked":["Storm of Steel","Reflex","Prepared"],"picked":"SKIP","floor":11},{"not_picked":["Accuracy","Prepared"],"picked":"Cloak And Dagger","floor":13},{"not_picked":["Storm of Steel","Venomology"],"picked":"After Image","floor":16},{"not_picked":["Riddle With Holes+1","Cloak And Dagger"],"picked":"Sucker Punch","floor":18},{"not_picked":["Prepared","Quick Slash"],"picked":"Dodge and Roll+1","floor":21},{"not_picked":["Cloak And Dagger","Infinite Blades"],"picked":"Backflip","floor":24},{"not_picked":["Bane","Blade Dance","Heel Hook"],"picked":"SKIP","floor":25},{"not_picked":["Outmaneuver","Masterful Stab"],"picked":"Backflip","floor":28},{"not_picked":["Blade Dance","Noxious Fumes"],"picked":"Riddle With Holes","floor":31}],"player_experience":787923,"relics_obtained":[{"floor":7,"key":"Paper Crane"},{"floor":9,"key":"Bottled Flame"},{"floor":10,"key":"Orichalcum"},{"floor":12,"key":"Shovel"},{"floor":15,"key":"Du-Vu Doll"},{"floor":23,"key":"Dodecahedron"},{"floor":26,"key":"Lantern"},{"floor":27,"key":"Bronze Scales"},{"floor":29,"key":"Matryoshka"},{"floor":32,"key":"Oddly Smooth Stone"}],"event_choices":[{"damage_healed":0,"gold_gain":0,"player_choice":"Entered Light","damage_taken":20,"max_hp_gain":0,"max_hp_loss":0,"event_name":"Shining Light","floor":3,"gold_loss":0,"cards_upgraded":["Strike_G","Defend_G"]},{"damage_healed":0,"gold_gain":0,"player_choice":"Lose Max HP","damage_taken":0,"relics_obtained":["Golden Idol"],"max_hp_gain":0,"max_hp_loss":6,"event_name":"Golden Idol","floor":14,"gold_loss":0},{"damage_healed":0,"gold_gain":0,"player_choice":"Opened","damage_taken":0,"relics_obtained":["Dead Branch"],"max_hp_gain":0,"max_hp_loss":0,"event_name":"The Mausoleum","floor":19,"gold_loss":0,"cards_obtained":["Writhe"]},{"damage_healed":0,"gold_gain":0,"player_choice":"Stole Relic","damage_taken":0,"relics_obtained":["Blood Vial"],"max_hp_gain":0,"max_hp_loss":0,"event_name":"Addict","floor":20,"gold_loss":0,"cards_obtained":["Shame"]}],"is_beta":false,"boss_relics":[{"not_picked":["Calling Bell","Philosopher\u0027s Stone"],"picked":"Cursed Key"}],"items_purged_floors":[30],"is_endless":false,"potions_floor_spawned":[7,10,13,16,21,25],"killed_by":"Automaton","ascension_level":19}