{"path_per_floor":["M","?","T","?","M","$","M","R","T","E","R","$","?","M","R","B",null,"M","?","M","$","?","R","M","E","T","R","?","M","T","$","R","B",null,"M","?","$","?","?","R","E","R","T","M","R","$","M","M","R","B"],"character_chosen":"THE_SILENT","items_purchased":["Dagger Spray","Pen Nib","Anchor","Toolbox"],"gold_per_floor":[116,116,116,66,76,54,69,69,122,449,449,81,181,195,195,291,321,338,338,353,5,5,5,18,43,43,43,43,56,56,56,56,158,158,172,172,47,47,47,47,82,82,82,100,100,50,65,77,77,77],"floor_reached":51,"campfire_rested":1,"playtime":4290,"current_hp_per_floor":[77,77,77,77,73,73,69,69,69,56,56,56,56,56,56,62,84,75,75,67,67,67,67,59,47,47,47,38,38,38,38,64,56,89,89,79,79,79,79,79,77,77,77,79,79,79,80,80,80,66],"items_purged":["Defend_G","Strike_G","Dagger Spray","Strike_G"],"gold":77,"play_id":"2f026ac9-6e36-44fc-a3aa-e0c76f8919b5","is_prod":false,"is_daily":false,"is_ascension_mode":true,"campfire_upgraded":6,"path_taken":["M","?","?","?","?","$","M","R","T","E","R","?","?","M","R","BOSS","M","?","M","$","?","R","?","E","T","R","?","M","?","$","R","BOSS","M","?","?","?","?","R","E","R","T","?","R","$","M","M","R","BOSS"],"build_version":"2018-02-01-PROD3","purchased_purges":4,"victory":true,"master_deck":["Defend_G+1","Defend_G+1","Strike_G+1","Strike_G+1","Survivor+1","Neutralize+1","Flying Knee","Finisher+1","Cloak And Dagger+1","Malaise+1","After Image+1","Dagger Throw+1","Cloak And Dagger+1","Backflip+1","Backflip+1","Accuracy+1","Footwork+1","Accuracy+1","Madness","Madness","Masterful Stab+1","Well Laid Plans"],"max_hp_per_floor":[77,77,77,77,77,77,77,77,77,77,77,77,77,77,77,77,84,84,84,84,84,84,84,84,84,84,84,89,89,89,89,89,89,89,89,89,89,89,89,89,89,89,89,91,91,91,93,93,93,93],"relics":["Ring of the Snake","Mango","Gambling Chip","Singing Bowl","Old Coin","Pen Nib","Anchor","Tiny House","Toolbox","Oddly Smooth Stone","Torii","Ice Cream","Cursed Key","Shovel","Omamori","Whetstone","Smiling Mask","Ornamental Fan"],"card_choices":[{"not_picked":["Deflect","Deadly Poison"],"picked":"Finisher"},{"not_picked":["Bane","Endless Agony"],"picked":"Cloak And Dagger"},{"not_picked":["Quick Slash","Acrobatics"],"picked":"Malaise"},{"not_picked":["Unload","Tactician"],"picked":"After Image"},{"not_picked":["Dagger Spray","Outmaneuver"],"picked":"Dagger Throw"},{"not_picked":["Well Laid Plans","Outmaneuver"],"picked":"Backflip"},{"not_picked":["Dash","Skewer"],"picked":"Backflip"},{"not_picked":["Wraith Form","Slice"],"picked":"Accuracy"},{"not_picked":["Acrobatics","Poisoned Stab"],"picked":"Footwork"},{"not_picked":["Deadly Poison","Dagger Spray"],"picked":"Accuracy"},{"not_picked":["Caltrops","Deflect"],"picked":"Masterful Stab"},{"not_picked":["Underhanded Strike","Dagger Spray"],"picked":"Well Laid Plans"}],"player_experience":124054,"potions_floor_usage":[50,50],"damage_taken":[{"damage":0.0,"enemies":"Cultist","floor":1.0,"turns":5.0},{"damage":4.0,"enemies":"Blue Slaver","floor":5.0,"turns":5.0},{"damage":4.0,"enemies":"2 Louse","floor":7.0,"turns":3.0},{"damage":13.0,"enemies":"Lagavulin","floor":10.0,"turns":5.0},{"damage":0.0,"enemies":"Exordium Thugs","floor":14.0,"turns":3.0},{"damage":9.0,"enemies":"The Guardian","floor":16.0,"turns":12.0},{"damage":9.0,"enemies":"2 Thieves","floor":18.0,"turns":4.0},{"damage":8.0,"enemies":"Chosen","floor":20.0,"turns":4.0},{"damage":8.0,"enemies":"Snecko","floor":24.0,"turns":6.0},{"damage":12.0,"enemies":"Slavers","floor":25.0,"turns":6.0},{"damage":0.0,"enemies":"Cultist and Chosen","floor":29.0,"turns":5.0},{"damage":8.0,"enemies":"Automaton","floor":33.0,"turns":14.0},{"damage":0.0,"enemies":"3 Darklings","floor":35.0,"turns":6.0},{"damage":2,"enemies":"Giant Head","floor":41,"turns":7},{"damage":0,"enemies":"3 Shapes","floor":44,"turns":4},{"damage":1,"enemies":"3 Darklings","floor":47,"turns":5},{"damage":0,"enemies":"Maw","floor":48,"turns":6},{"damage":14,"enemies":"Time Eater","floor":50,"turns":14}],"event_choices":[{"event_name":"Transmorgrifier","player_choice":"Transform","floor":2.0,"damage_taken":0.0},{"event_name":"The Cleric","player_choice":"Card Removal","floor":4.0,"damage_taken":0.0},{"event_name":"Wheel of Change","player_choice":"Gold","floor":13.0,"damage_taken":0.0},{"event_name":"Duplicator","player_choice":"One dupe","floor":19.0,"damage_taken":0.0},{"event_name":"Back to Basics","player_choice":"Simplicity","floor":22.0,"damage_taken":0.0},{"event_name":"Forgotten Altar","player_choice":"Shed Blood","floor":28.0,"damage_taken":0.0},{"event_name":"Winding Halls","player_choice":"Embrace Madness","floor":36,"damage_taken":0},{"event_name":"The Lab","player_choice":"Got Potions","floor":39,"damage_taken":0}],"boss_relics":[],"potions_floor_spawned":[10,14,16,18,24,33,48],"seed_played":"8915073835358384477","ascension_level":2,"is_trial":false}