{"gold_per_floor":[110,110,125,142,160,195,195,226,226,239,239,239,254,273,273,273],"floor_reached":16,"playtime":767,"items_purged":[],"score":131,"play_id":"056c369a-e56a-47e2-824d-b74ef2d8403e","local_time":"20190117062733","is_ascension_mode":true,"campfire_choices":[{"data":"Bludgeon","floor":7,"key":"SMITH"},{"data":"Corruption","floor":11,"key":"SMITH"},{"data":"Dark Embrace","floor":15,"key":"SMITH"}],"neow_cost":"NONE","seed_source_timestamp":650036596451593,"circlet_count":0,"master_deck":["Strike_R","Strike_R","Strike_R","Strike_R","Strike_R","Defend_R","Defend_R","Defend_R","Bash","Bludgeon+1","Dropkick","Clash","Pommel Strike","Carnage","Dark Embrace+1","Corruption+1","Pommel Strike"],"relics":["Burning Blood","Ice Cream","Question Card","Kunai"],"potions_floor_usage":[8,16,16,16],"damage_taken":[{"damage":0,"enemies":"Small Slimes","floor":1,"turns":2},{"damage":5,"enemies":"2 Louse","floor":3,"turns":4},{"damage":1,"enemies":"Cultist","floor":4,"turns":3},{"damage":15,"enemies":"Gremlin Gang","floor":5,"turns":4},{"damage":20,"enemies":"Gremlin Nob","floor":6,"turns":4},{"damage":15,"enemies":"Lagavulin","floor":8,"turns":3},{"damage":12,"enemies":"Exordium Wildlife","floor":10,"turns":3},{"damage":3,"enemies":"3 Louse","floor":13,"turns":4},{"damage":9,"enemies":"Red Slaver","floor":14,"turns":2},{"damage":44,"enemies":"Hexaghost","floor":16,"turns":9}],"seed_played":"2930499136717105420","potions_obtained":[{"floor":3,"key":"Weak Potion"},{"floor":8,"key":"Swift Potion"},{"floor":10,"key":"EssenceOfSteel"},{"floor":13,"key":"Block Potion"}],"is_trial":false,"path_per_floor":["M","?","M","M","M","E","R","E","T","M","R","?","M","M","R","B"],"character_chosen":"IRONCLAD","items_purchased":[],"campfire_rested":0,"item_purchase_floors":[],"current_hp_per_floor":[80,80,80,80,71,57,57,48,48,42,42,42,45,42,42,0],"gold":273,"neow_bonus":"ONE_RANDOM_RARE_CARD","is_prod":false,"is_daily":false,"chose_seed":false,"campfire_upgraded":3,"win_rate":0,"timestamp":1547724453,"path_taken":["M","?","M","M","M","E","R","E","T","M","R","?","?","M","R","BOSS"],"build_version":"2019-01-10","purchased_purges":0,"victory":false,"max_hp_per_floor":[80,80,80,80,80,80,80,80,80,80,80,80,80,80,80,80],"card_choices":[{"not_picked":["Sword Boomerang","Dual Wield","Body Slam"],"picked":"SKIP","floor":1},{"not_picked":["Rage","Pommel Strike"],"picked":"Dropkick","floor":3},{"not_picked":["Shrug It Off","Ghostly Armor"],"picked":"Clash","floor":4},{"not_picked":["Metallicize","Intimidate"],"picked":"Pommel Strike","floor":5},{"not_picked":["Infernal Blade","Shockwave"],"picked":"Carnage","floor":6},{"not_picked":["Twin Strike","Thunderclap"],"picked":"Dark Embrace","floor":8},{"not_picked":["Iron Wave","Spot Weakness","Havoc"],"picked":"Corruption","floor":10},{"not_picked":["Wild Strike","Combust","Headbutt","Armaments"],"picked":"SKIP","floor":13},{"not_picked":["True Grit","Body Slam","Armaments"],"picked":"Pommel Strike","floor":14}],"player_experience":112233,"relics_obtained":[{"floor":6,"key":"Ice Cream"},{"floor":8,"key":"Question Card"},{"floor":9,"key":"Kunai"}],"event_choices":[{"damage_healed":0,"gold_gain":0,"cards_transformed":["Defend_R"],"player_choice":"Change","damage_taken":0,"max_hp_gain":0,"max_hp_loss":0,"event_name":"Living Wall","floor":2,"gold_loss":0,"cards_obtained":["Evolve"]},{"cards_removed":["Evolve"],"damage_healed":0,"gold_gain":0,"player_choice":"Purged","damage_taken":0,"max_hp_gain":0,"max_hp_loss":0,"event_name":"Purifier","floor":12,"gold_loss":0}],"is_beta":false,"boss_relics":[],"items_purged_floors":[],"is_endless":false,"potions_floor_spawned":[3,8,10,13,14],"killed_by":"Hexaghost","ascension_level":3}