{"gold_per_floor":[117,117,131,144,157,168,168,178,178,196,213,178,201,168,168,168],"floor_reached":16,"playtime":657,"items_purged":[],"score":96,"play_id":"83f2cc48-40d5-4ca5-9af2-77473bd12d92","local_time":"20190523190608","is_ascension_mode":false,"campfire_choices":[{"data":"Crippling Poison","floor":7,"key":"SMITH"},{"data":"Noxious Fumes","floor":15,"key":"SMITH"}],"neow_cost":"NONE","seed_source_timestamp":612564206823500,"circlet_count":0,"master_deck":["Defend_G","Defend_G","Defend_G","Defend_G","Defend_G","Strike_G","Strike_G","Strike_G","Strike_G","Strike_G","Survivor","Neutralize","Trip","Crippling Poison+1","Noxious Fumes+1","Bane","Catalyst","Leg Sweep","Noxious Fumes","Footwork"],"relics":["Ring of the Snake","NlothsMask","Bag of Preparation"],"potions_floor_usage":[6,11,16],"damage_taken":[{"damage":0,"enemies":"2 Louse","floor":1,"turns":2},{"damage":0,"enemies":"Cultist","floor":3,"turns":4},{"damage":3,"enemies":"Small Slimes","floor":4,"turns":4},{"damage":0,"enemies":"Blue Slaver","floor":5,"turns":4},{"damage":44,"enemies":"Gremlin Gang","floor":6,"turns":5},{"damage":0,"enemies":"Large Slime","floor":8,"turns":5},{"damage":9,"enemies":"Blue Slaver","floor":10,"turns":4},{"damage":0,"enemies":"2 Fungi Beasts","floor":11,"turns":3},{"damage":38,"enemies":"Slime Boss","floor":16,"turns":7}],"seed_played":"-1172543601359130367","potions_obtained":[{"floor":1,"key":"Energy Potion"},{"floor":5,"key":"Weak Potion"},{"floor":6,"key":"FearPotion"}],"is_trial":false,"path_per_floor":["M","?","M","M","M","M","R","M","T","M","M","?","T","$","R","B"],"character_chosen":"THE_SILENT","items_purchased":["Footwork"],"campfire_rested":0,"item_purchase_floors":[14],"current_hp_per_floor":[70,70,70,67,67,23,23,23,23,14,14,31,31,31,31,0],"gold":168,"neow_bonus":"RANDOM_COLORLESS","is_prod":false,"is_daily":false,"chose_seed":false,"campfire_upgraded":2,"win_rate":0,"timestamp":1558667168,"path_taken":["M","?","M","?","M","M","R","M","T","M","M","?","?","$","R","BOSS"],"build_version":"2019-01-23","purchased_purges":0,"victory":false,"max_hp_per_floor":[70,70,70,70,70,70,70,70,70,70,70,70,70,70,70,70],"card_choices":[{"not_picked":["Dagger Throw","Flying Knee","Slice"],"picked":"SKIP","floor":1},{"not_picked":["Backflip","Cloak And Dagger"],"picked":"Crippling Poison","floor":3},{"not_picked":["Acrobatics","Cloak And Dagger"],"picked":"Noxious Fumes","floor":4},{"not_picked":["Choke","Dagger Throw","Outmaneuver"],"picked":"SKIP","floor":5},{"not_picked":["Deflect","Masterful Stab"],"picked":"Bane","floor":6},{"not_picked":["Deadly Poison","Sucker Punch"],"picked":"Catalyst","floor":8},{"not_picked":["Well Laid Plans","Underhanded Strike"],"picked":"Leg Sweep","floor":10},{"not_picked":["Underhanded Strike","Blade Dance"],"picked":"Noxious Fumes","floor":11}],"player_experience":425599,"relics_obtained":[{"floor":13,"key":"Bag of Preparation"}],"event_choices":[{"damage_healed":0,"gold_gain":0,"player_choice":"Trade","damage_taken":0,"relics_obtained":["NlothsMask"],"max_hp_gain":0,"max_hp_loss":0,"event_name":"FaceTrader","floor":2,"gold_loss":0},{"damage_healed":17,"gold_gain":0,"player_choice":"Healed","damage_taken":0,"max_hp_gain":0,"max_hp_loss":0,"event_name":"The Cleric","floor":12,"gold_loss":35}],"is_beta":false,"boss_relics":[],"items_purged_floors":[],"is_endless":false,"potions_floor_spawned":[1,5,6],"killed_by":"Slime Boss","ascension_level":0}