{"path_per_floor":["M","?","M","M","?","R","M","M","T","E","M","?","?","M","R"],"character_chosen":"THE_SILENT","items_purchased":[],"gold_per_floor":[139,139,150,168,168,168,180,198,198,228,240,240,240,251,251],"floor_reached":16,"campfire_rested":2,"playtime":1362,"current_hp_per_floor":[73,78,78,67,51,75,67,58,58,34,19,19,19,1,25],"items_purged":[],"gold":251,"score":104,"play_id":"5f85614c-7b1a-4fd8-abcb-b6b3df928992","is_prod":false,"is_daily":false,"is_ascension_mode":false,"campfire_upgraded":0,"path_taken":["M","?","M","M","?","R","M","?","T","E","M","?","?","M","R","BOSS"],"build_version":"2018-02-22-PROD2","purchased_purges":0,"victory":false,"master_deck":["Defend_G","Defend_G","Defend_G","Defend_G","Defend_G","Strike_G","Strike_G","Strike_G","Strike_G+1","Strike_G","Survivor+1","Neutralize","Distraction","Caltrops","A Thousand Cuts","Crippling Poison+1","Terror","Caltrops","Backstab","Dagger Spray"],"max_hp_per_floor":[75,80,80,80,80,80,80,80,80,80,80,80,80,80,80],"relics":["Tiny House","Dead Branch","Happy Flower","Kunai"],"card_choices":[{"not_picked":["Quick Slash","Setup"],"picked":"Distraction"},{"not_picked":["Infinite Blades","Bane"],"picked":"Caltrops"},{"not_picked":["PiercingWail","Dodge and Roll"],"picked":"A Thousand Cuts"},{"not_picked":["Setup","Malaise"],"picked":"Crippling Poison"},{"not_picked":["Bane","Sucker Punch"],"picked":"Terror"},{"not_picked":["Distraction","Backflip"],"picked":"Caltrops"},{"not_picked":["Dagger Spray","Blade Dance"],"picked":"Backstab"},{"not_picked":["Quick Slash","Deadly Poison"],"picked":"Dagger Spray"}],"player_experience":161673,"potions_floor_usage":[4,10,10,16],"damage_taken":[{"damage":2,"enemies":"Jaw Worm","floor":1,"turns":3},{"damage":0,"enemies":"2 Louse","floor":3,"turns":3},{"damage":11,"enemies":"Small Slimes","floor":4,"turns":3},{"damage":8,"enemies":"Blue Slaver","floor":7,"turns":5},{"damage":9,"enemies":"Looter","floor":8,"turns":3},{"damage":24,"enemies":"Gremlin Nob","floor":10,"turns":5},{"damage":15,"enemies":"Red Slaver","floor":11,"turns":3},{"damage":18,"enemies":"Large Slime","floor":14,"turns":5},{"damage":27,"enemies":"The Guardian","floor":16,"turns":6}],"event_choices":[{"event_name":"Big Fish","player_choice":"Donut","floor":2,"damage_taken":0},{"event_name":"Shining Light","player_choice":"Entered Light","floor":5,"damage_taken":0},{"event_name":"Dead Adventurer","player_choice":"Searched \u00271\u0027 times","floor":12,"damage_taken":0},{"event_name":"Liars Game","player_choice":"disagreed","floor":13,"damage_taken":0}],"boss_relics":[],"potions_floor_spawned":[4,7,14],"seed_played":"1830613624399805990","killed_by":"The Guardian","ascension_level":0,"is_trial":false}