{"path_per_floor":["M","$","M","M","M","R","E","M","T","R","?","$","E","M","R","B",null,"M","?","?","M","?","E","R","M","T","M","$"],"character_chosen":"THE_SILENT","items_purchased":["Oddly Smooth Stone","Predator","Regen Potion","Dash"],"gold_per_floor":[215,58,78,89,99,99,128,143,143,143,143,21,51,69,69,173,173,185,85,85,100,100,129,129,143,143,161,15],"floor_reached":29,"campfire_rested":1,"playtime":1689,"current_hp_per_floor":[56,56,56,56,55,55,36,36,36,36,36,36,32,41,41,20,58,58,58,58,55,70,6,27,24,26,6,6],"items_purged":["Parasite"],"gold":15,"score":395,"play_id":"a0c30f02-3737-4b09-ab1b-8919b8bea782","is_prod":false,"is_daily":false,"is_ascension_mode":true,"campfire_upgraded":3,"path_taken":["M","$","M","M","M","R","E","M","T","R","?","$","E","M","R","BOSS","M","?","?","?","?","E","R","M","T","?","$","?"],"build_version":"2018-02-22-PROD2","purchased_purges":1,"victory":false,"master_deck":["Defend_G","Defend_G","Defend_G","Defend_G","Defend_G","Strike_G","Strike_G","Strike_G","Strike_G","Strike_G","Survivor","Neutralize+1","Dodge and Roll","Flechettes+1","Backflip","Acrobatics","Predator+1","PiercingWail","Die Die Die","Calculated Gamble+1","J.A.X.","Heel Hook+1","Dash"],"max_hp_per_floor":[70,70,70,70,70,70,70,70,70,70,70,70,70,70,70,70,70,70,70,70,70,70,70,70,70,72,74,71],"relics":["Ring of the Snake","Oddly Smooth Stone","Bag of Preparation","Ice Cream","Prayer Wheel","Philosopher\u0027s Stone","Vajra","Singing Bowl"],"card_choices":[{"not_picked":["Underhanded Strike","All Out Attack"],"picked":"Dodge and Roll"},{"not_picked":["Expertise","Choke"],"picked":"Flechettes"},{"not_picked":["Acrobatics","PiercingWail"],"picked":"Backflip"},{"not_picked":["Flying Knee","Quick Slash"],"picked":"Acrobatics"},{"not_picked":["Slice","Flechettes"],"picked":"PiercingWail"},{"not_picked":["Adrenaline","Doppelganger"],"picked":"Die Die Die"},{"not_picked":["Sucker Punch","Outmaneuver"],"picked":"Calculated Gamble"},{"not_picked":["Finisher","Reflex"],"picked":"Heel Hook"}],"player_experience":292061,"potions_floor_usage":[5,7,13,14,21,23,29],"damage_taken":[{"damage":7,"enemies":"Small Slimes","floor":1,"turns":5},{"damage":0,"enemies":"2 Louse","floor":3,"turns":4},{"damage":0,"enemies":"Jaw Worm","floor":4,"turns":7},{"damage":1,"enemies":"Large Slime","floor":5,"turns":10},{"damage":19,"enemies":"3 Sentries","floor":7,"turns":14},{"damage":0,"enemies":"3 Louse","floor":8,"turns":4},{"damage":13,"enemies":"Gremlin Nob","floor":13,"turns":4},{"damage":0,"enemies":"2 Fungi Beasts","floor":14,"turns":4},{"damage":21,"enemies":"The Guardian","floor":16,"turns":19},{"damage":0,"enemies":"Spheric Guardian","floor":18,"turns":3},{"damage":3,"enemies":"Shell Parasite","floor":21,"turns":4},{"damage":64,"enemies":"Slavers","floor":23,"turns":13},{"damage":3,"enemies":"Chosen and Byrds","floor":25,"turns":5},{"damage":22,"enemies":"Sentry and Sphere","floor":27,"turns":5},{"damage":8,"enemies":"Cultist and Chosen","floor":29,"turns":3}],"event_choices":[{"event_name":"Liars Game","player_choice":"disagreed","floor":11,"damage_taken":0},{"event_name":"Drug Dealer","player_choice":"Got JAXXED","floor":19,"damage_taken":0},{"event_name":"Cursed Tome","player_choice":"Ignored","floor":20,"damage_taken":0},{"event_name":"The Library","player_choice":"Heal","floor":22,"damage_taken":0}],"boss_relics":[{"not_picked":["Lizard Tail","Black Star"],"picked":"Philosopher\u0027s Stone"}],"potions_floor_spawned":[1,4,5,8,18,27],"seed_played":"1386628006714960704","killed_by":"Cultist and Chosen","ascension_level":11,"is_trial":false}