{"gold_per_floor":[20,39,50,100,115,115,144,166,166,166,195,209,226,251,251,251],"floor_reached":16,"playtime":590,"items_purged":[],"score":220,"play_id":"6fd4e0fb-a50b-4f59-b766-3014e41e6636","local_time":"20180830235530","is_ascension_mode":true,"campfire_choices":[{"data":"Bash","floor":6,"key":"SMITH"},{"data":"Clothesline","floor":10,"key":"SMITH"},{"data":"True Grit","floor":15,"key":"SMITH"}],"neow_cost":"NO_GOLD","seed_source_timestamp":525769328332938,"circlet_count":0,"master_deck":["Strike_R","Strike_R","Strike_R","Strike_R","Defend_R+1","Defend_R","Defend_R+1","Bash+1","AscendersBane","Carnage","Spot Weakness","Corruption","Wild Strike","Sword Boomerang","Clothesline+1","Cleave","Sentinel","Iron Wave","True Grit+1"],"relics":["Burning Blood","Omamori","Odd Mushroom","Orichalcum","Self Forming Clay","War Paint"],"potions_floor_usage":[7,8,16],"damage_taken":[{"damage":12,"enemies":"Small Slimes","floor":1,"turns":3},{"damage":0,"enemies":"Cultist","floor":2,"turns":2},{"damage":2,"enemies":"2 Louse","floor":3,"turns":3},{"damage":7,"enemies":"2 Fungi Beasts","floor":5,"turns":3},{"damage":16,"enemies":"Gremlin Nob","floor":7,"turns":4},{"damage":11,"enemies":"The Mushroom Lair","floor":8,"turns":3},{"damage":19,"enemies":"Lagavulin","floor":11,"turns":5},{"damage":4,"enemies":"Red Slaver","floor":12,"turns":2},{"damage":13,"enemies":"3 Louse","floor":13,"turns":2},{"damage":17,"enemies":"3 Sentries","floor":14,"turns":6},{"damage":27,"enemies":"Slime Boss","floor":16,"turns":8}],"seed_played":"-3755625426663366362","potions_obtained":[{"floor":1,"key":"SkillPotion"},{"floor":5,"key":"Explosive Potion"},{"floor":7,"key":"Swift Potion"},{"floor":11,"key":"Poison Potion"},{"floor":13,"key":"FearPotion"}],"is_trial":false,"path_per_floor":["M","M","M","?","M","R","E","?","T","R","E","M","M","E","R"],"character_chosen":"IRONCLAD","items_purchased":[],"campfire_rested":0,"item_purchase_floors":[],"current_hp_per_floor":[62,68,72,72,71,71,61,56,56,56,43,45,38,27,27,0],"gold":251,"neow_bonus":"REMOVE_TWO","is_prod":false,"is_daily":false,"chose_seed":false,"campfire_upgraded":3,"win_rate":0,"timestamp":1535687730,"path_taken":["M","M","M","?","M","R","E","?","T","R","E","M","M","E","R","BOSS"],"build_version":"2018-08-30","purchased_purges":0,"victory":false,"max_hp_per_floor":[75,75,75,75,75,75,75,75,75,75,75,75,75,75,75,75],"card_choices":[{"not_picked":["Rage","Headbutt"],"picked":"Carnage","floor":1},{"not_picked":["Armaments","Inflame"],"picked":"Spot Weakness","floor":2},{"not_picked":["Warcry","Perfected Strike"],"picked":"Corruption","floor":3},{"not_picked":["Bloodletting","Havoc"],"picked":"Wild Strike","floor":5},{"not_picked":["Dark Embrace","Evolve"],"picked":"Sword Boomerang","floor":7},{"not_picked":["Wild Strike","Clash"],"picked":"Clothesline","floor":8},{"not_picked":["Evolve","Dual Wield"],"picked":"Cleave","floor":11},{"not_picked":["Power Through","Uppercut"],"picked":"Sentinel","floor":12},{"not_picked":["Whirlwind","Sword Boomerang"],"picked":"Iron Wave","floor":13},{"not_picked":["Sword Boomerang","Reckless Charge"],"picked":"True Grit","floor":14}],"player_experience":635510,"relics_obtained":[{"floor":7,"key":"Omamori"},{"floor":8,"key":"Odd Mushroom"},{"floor":9,"key":"Orichalcum"},{"floor":11,"key":"Self Forming Clay"},{"floor":14,"key":"War Paint"}],"event_choices":[{"event_name":"Golden Shrine","player_choice":"Pray","floor":4,"damage_taken":0},{"event_name":"Mushrooms","player_choice":"Fought Mushrooms","floor":8,"damage_taken":0}],"is_beta":false,"boss_relics":[],"items_purged_floors":[],"is_endless":false,"potions_floor_spawned":[1,5,7,11,13],"killed_by":"Slime Boss","ascension_level":16}