{"gold_per_floor":[118,168,42,62,87,122,134,134,134,134,160,170,180,205,205,279,279,293,30,47,57,57,57,0,10,34,34,53,10,10,23,23,98,98,108,8,19,36,51,51,51],"floor_reached":41,"playtime":1747,"items_purged":["Defend_G","Strike_G","Strike_G"],"score":930,"play_id":"2fa8a998-1bad-4eed-9494-2f5f783da783","local_time":"20181026005408","is_ascension_mode":true,"campfire_choices":[{"data":"Cloak And Dagger","floor":8,"key":"SMITH"},{"data":"Neutralize","floor":10,"key":"SMITH"},{"data":"Noxious Fumes","floor":15,"key":"SMITH"},{"data":"Backflip","floor":23,"key":"SMITH"},{"data":"Catalyst","floor":27,"key":"SMITH"},{"data":"Corpse Explosion","floor":32,"key":"SMITH"},{"data":"Adrenaline","floor":40,"key":"SMITH"}],"neow_cost":"NONE","seed_source_timestamp":1397821238165557,"circlet_count":0,"master_deck":["Defend_G","Defend_G","Defend_G","Defend_G","Strike_G","Strike_G","Strike_G","Survivor","Neutralize+1","AscendersBane","Caltrops","Quick Slash","Sucker Punch","Poisoned Stab","Cloak And Dagger+1","Sucker Punch+1","Bane+1","Backflip+1","Noxious Fumes+1","Corpse Explosion+1","Blur","Dagger Spray+1","RitualDagger+1","Catalyst+1","Backflip+1","Blur","Adrenaline+1","Catalyst","Deflect"],"relics":["Ring of the Snake","NeowsBlessing","Vajra","Meat on the Bone","The Courier","Molten Egg 2","Snake Skull","Coffee Dripper","TwistedFunnel","Pen Nib","Black Star"],"potions_floor_usage":[11,14,16,21,28,33,41,41],"damage_taken":[{"damage":0,"enemies":"Small Slimes","floor":1,"turns":1},{"damage":0,"enemies":"Cultist","floor":4,"turns":1},{"damage":0,"enemies":"3 Sentries","floor":6,"turns":1},{"damage":0,"enemies":"Jaw Worm","floor":7,"turns":4},{"damage":21,"enemies":"Gremlin Nob","floor":11,"turns":4},{"damage":3,"enemies":"Looter","floor":12,"turns":3},{"damage":6,"enemies":"3 Louse","floor":13,"turns":3},{"damage":12,"enemies":"Lagavulin","floor":14,"turns":5},{"damage":15,"enemies":"Hexaghost","floor":16,"turns":8},{"damage":0,"enemies":"3 Byrds","floor":18,"turns":3},{"damage":4,"enemies":"Shell Parasite","floor":20,"turns":4},{"damage":21,"enemies":"Snecko","floor":21,"turns":4},{"damage":20,"enemies":"Sentry and Sphere","floor":25,"turns":5},{"damage":0,"enemies":"Snake Plant","floor":28,"turns":2},{"damage":11,"enemies":"Cultist and Chosen","floor":31,"turns":5},{"damage":22,"enemies":"Champ","floor":33,"turns":12},{"damage":0,"enemies":"3 Shapes","floor":35,"turns":3},{"damage":7,"enemies":"Orb Walker","floor":37,"turns":4},{"damage":6,"enemies":"Transient","floor":38,"turns":6},{"damage":4,"enemies":"Writhing Mass","floor":39,"turns":5},{"damage":42,"enemies":"Reptomancer","floor":41,"turns":4}],"seed_played":"-5127196414365441368","potions_obtained":[{"floor":7,"key":"Strength Potion"},{"floor":11,"key":"SneckoOil"},{"floor":12,"key":"Energy Potion"},{"floor":14,"key":"AttackPotion"},{"floor":18,"key":"SteroidPotion"},{"floor":25,"key":"FearPotion"},{"floor":31,"key":"Fire Potion"},{"floor":35,"key":"Block Potion"},{"floor":39,"key":"PowerPotion"}],"is_trial":false,"path_per_floor":["M","?","$","M","T","E","M","R","T","R","E","M","M","E","R","B",null,"M","$","M","M","?","R","?","M","T","R","M","$","?","M","R","B",null,"M","$","M","M","M","R"],"character_chosen":"THE_SILENT","items_purchased":["Quick Slash","TwistedFunnel","Weak Potion"],"campfire_rested":0,"item_purchase_floors":[3,19,29],"current_hp_per_floor":[59,59,59,59,59,59,59,59,59,59,38,35,41,41,41,38,59,59,59,55,34,28,28,28,20,20,20,32,32,32,33,33,23,55,55,55,48,42,38,38,0],"gold":51,"neow_bonus":"THREE_ENEMY_KILL","is_prod":false,"is_daily":false,"chose_seed":false,"campfire_upgraded":7,"win_rate":0,"timestamp":1540529648,"path_taken":["M","?","$","M","?","E","M","R","T","R","E","M","M","E","R","BOSS","M","$","M","M","?","R","?","?","T","R","M","?","?","M","R","BOSS","M","?","M","M","?","R","E"],"build_version":"2018-10-25","purchased_purges":3,"victory":false,"max_hp_per_floor":[66,66,66,66,66,66,66,66,66,66,66,66,66,66,66,66,66,66,66,66,66,66,66,66,66,66,66,66,66,66,66,66,66,66,66,66,66,66,66,66,66],"card_choices":[{"not_picked":["Flying Knee","Catalyst"],"picked":"Caltrops","floor":1},{"not_picked":["Finisher","Crippling Poison"],"picked":"Sucker Punch","floor":4},{"not_picked":["Slice","Outmaneuver"],"picked":"Poisoned Stab","floor":6},{"not_picked":["Blade Dance","Choke"],"picked":"Cloak And Dagger","floor":7},{"not_picked":["Deadly Poison","Phantasmal Killer"],"picked":"Sucker Punch","floor":11},{"not_picked":["Riddle With Holes+1","Outmaneuver"],"picked":"Bane+1","floor":12},{"not_picked":["Underhanded Strike+1","Masterful Stab+1"],"picked":"Backflip","floor":13},{"not_picked":["Deflect","Blade Dance"],"picked":"Noxious Fumes","floor":14},{"not_picked":["A Thousand Cuts","Phantasmal Killer"],"picked":"Corpse Explosion","floor":16},{"not_picked":["Dagger Throw+1","Accuracy"],"picked":"Blur","floor":18},{"not_picked":["Cloak And Dagger","Outmaneuver"],"picked":"Dagger Spray+1","floor":20},{"not_picked":["Cloak And Dagger","Terror","Acrobatics"],"picked":"SKIP","floor":21},{"not_picked":["Backflip","Flying Knee+1"],"picked":"Catalyst","floor":25},{"not_picked":["Underhanded Strike+1","Eviscerate+1"],"picked":"Backflip","floor":28},{"not_picked":["Unload+1","Underhanded Strike+1"],"picked":"Blur","floor":31},{"not_picked":["Bullet Time","Doppelganger"],"picked":"Adrenaline","floor":33},{"not_picked":["Calculated Gamble","Skewer+1"],"picked":"Catalyst","floor":35},{"not_picked":["Quick Slash+1","Slice+1"],"picked":"Deflect","floor":37},{"not_picked":["Heel Hook+1","Predator+1","Tactician"],"picked":"SKIP","floor":38},{"not_picked":["PiercingWail","Deflect","Dagger Throw+1"],"picked":"SKIP","floor":39}],"player_experience":826151,"relics_obtained":[{"floor":5,"key":"Vajra"},{"floor":6,"key":"Meat on the Bone"},{"floor":9,"key":"The Courier"},{"floor":11,"key":"Molten Egg 2"},{"floor":14,"key":"Snake Skull"},{"floor":26,"key":"Pen Nib"}],"event_choices":[{"damage_healed":0,"gold_gain":100,"player_choice":"Pray","damage_taken":0,"max_hp_gain":0,"max_hp_loss":0,"event_name":"Golden Shrine","floor":2,"gold_loss":0},{"damage_healed":0,"gold_gain":0,"player_choice":"Joined the Cult","damage_taken":6,"max_hp_gain":0,"max_hp_loss":0,"event_name":"Nest","floor":22,"gold_loss":0,"cards_obtained":["RitualDagger"]},{"damage_healed":0,"gold_gain":0,"player_choice":"Paid Fearfully","damage_taken":0,"max_hp_gain":0,"max_hp_loss":0,"event_name":"Masked Bandits","floor":24,"gold_loss":57},{"damage_healed":0,"gold_gain":0,"player_choice":"Forge","damage_taken":0,"max_hp_gain":0,"max_hp_loss":0,"event_name":"Accursed Blacksmith","floor":30,"gold_loss":0,"cards_upgraded":["Backflip"]}],"is_beta":false,"boss_relics":[{"not_picked":["Eternal Feather","Cursed Key"],"picked":"Coffee Dripper"},{"not_picked":["Snecko Eye","Lizard Tail"],"picked":"Black Star"}],"items_purged_floors":[3,19,36],"is_endless":false,"potions_floor_spawned":[7,11,12,14,18,25,31,35,39],"killed_by":"Reptomancer","ascension_level":20}