{"path_per_floor":["M","M","?","M","M","E","M","R","T","$","M","E","?","E","R","B",null,"M","?","?","M","$","E","R","E","T","$"],"character_chosen":"IRONCLAD","items_purchased":["Offering","Strange Spoon"],"gold_per_floor":[109,129,129,142,155,189,203,203,230,1,13,47,47,379,379,478,478,494,494,494,513,218,247,247,273,273,273],"floor_reached":28,"campfire_rested":0,"playtime":1544,"current_hp_per_floor":[75,80,80,80,78,57,63,63,63,63,58,47,47,56,56,22,80,80,80,80,69,69,69,69,37,37,37],"items_purged":["Defend_R","Defend_R"],"gold":273,"play_id":"88605ece-35b5-4020-a338-eb021621c2bf","is_prod":false,"is_daily":false,"is_ascension_mode":true,"campfire_upgraded":2,"path_taken":["M","?","?","?","M","E","M","R","T","$","M","E","?","E","R","BOSS","M","?","?","M","$","E","R","E","T","$","E"],"build_version":"2018-01-25-PROD3","purchased_purges":2,"victory":false,"master_deck":["Strike_R","Strike_R","Strike_R","Strike_R","Strike_R","Defend_R","Bash","Perfected Strike+1","Pommel Strike+1","Battle Trance+1","Perfected Strike+1","Offering","Twin Strike","Jack Of All Trades","Burning Pact","Brutality","Spot Weakness+1","Shrug It Off+1","Dual Wield"],"max_hp_per_floor":[80,80,80,80,80,80,80,80,80,80,80,80,80,80,80,80,80,80,80,80,80,80,80,80,80,80,80],"relics":["Burning Blood","Molten Egg","Happy Flower","Toolbox","Old Coin","Velvet Choker","Peace Pipe","Strange Spoon","Charon\u0027s Ashes","Bronze Scales","Sundial"],"card_choices":[{"not_picked":["Armaments","Shockwave"],"picked":"Perfected Strike"},{"not_picked":["Dual Wield","Headbutt"],"picked":"Pommel Strike"},{"not_picked":["Twin Strike","Wild Strike"],"picked":"Battle Trance"},{"not_picked":["Iron Wave","Thunderclap"],"picked":"Perfected Strike"},{"not_picked":["Searing Blow","Whirlwind"],"picked":"Twin Strike"},{"not_picked":["Sword Boomerang","Metallicize"],"picked":"Burning Pact"},{"not_picked":["Feed","Impervious"],"picked":"Brutality"},{"not_picked":["Cleave","Second Wind"],"picked":"Spot Weakness"},{"not_picked":["Clothesline","Dropkick"],"picked":"Shrug It Off"},{"not_picked":["Cleave","Bludgeon"],"picked":"Dual Wield"}],"player_experience":95028,"potions_floor_usage":[14,16,16,23,23,28],"damage_taken":[{"damage":11,"enemies":"Blue Slaver","floor":1,"turns":5},{"damage":0,"enemies":"2 Louse","floor":2,"turns":2},{"damage":0,"enemies":"Small Slimes","floor":4,"turns":3},{"damage":8,"enemies":"Red Slaver","floor":5,"turns":2},{"damage":27,"enemies":"3 Sentries","floor":6,"turns":8},{"damage":0,"enemies":"2 Fungi Beasts","floor":7,"turns":2},{"damage":11,"enemies":"3 Louse","floor":11,"turns":2},{"damage":17,"enemies":"Lagavulin","floor":12,"turns":3},{"damage":0,"enemies":"Gremlin Nob","floor":14,"turns":2},{"damage":40,"enemies":"Hexaghost","floor":16,"turns":4},{"damage":0,"enemies":"Spheric Guardian","floor":18,"turns":1},{"damage":17,"enemies":"Shell Parasite","floor":21,"turns":2},{"damage":6,"enemies":"Gremlin Leader","floor":23,"turns":3},{"damage":38,"enemies":"Book of Stabbing","floor":25,"turns":3},{"damage":40,"enemies":"Gremlin Leader","floor":28,"turns":2}],"event_choices":[{"event_name":"Living Wall","player_choice":"Grow","floor":3,"damage_taken":0},{"event_name":"Match and Keep!","player_choice":"1 cards matched","floor":13,"damage_taken":0},{"event_name":"The Lab","player_choice":"Got Potions","floor":19,"damage_taken":0},{"event_name":"The Mausoleum","player_choice":"Yes","floor":20,"damage_taken":0}],"boss_relics":[{"not_picked":["Black Blood","Question Card"],"picked":"Velvet Choker"}],"potions_floor_spawned":[1,6,11,14,16,18,21,23],"seed_played":"-3464702003057474353","killed_by":"Gremlin Leader","ascension_level":1,"is_trial":false}