{"gold_per_floor":[109,127,30,30,43,43,74,74,101,120,154,154,219,234,234,313,313,331,331,364,383,383,383,410,410,458,458,25,25,43,78,78,154,154,170,181,131,6,17,44,44,75,75,92,92,125,174,174,174,174,174,174,126,151,151],"floor_reached":56,"playtime":2441,"items_purged":["Bash","Defend_R","Writhe"],"score":2066,"play_id":"42091a52-80df-4761-b0ae-858a6dd7389e","local_time":"20181206001038","is_ascension_mode":true,"campfire_choices":[{"data":"Carnage","floor":6.0,"key":"SMITH"},{"data":"Trip","floor":8.0,"key":"SMITH"},{"data":"Inflame","floor":12.0,"key":"SMITH"},{"data":"Iron Wave","floor":15.0,"key":"SMITH"},{"floor":23.0,"key":"REST"},{"data":"Limit Break","floor":25.0,"key":"SMITH"},{"floor":27.0,"key":"REST"},{"data":"Heavy Blade","floor":29.0,"key":"SMITH"},{"data":"Metallicize","floor":32.0,"key":"SMITH"},{"data":"Intimidate","floor":41.0,"key":"SMITH"},{"floor":49.0,"key":"RECALL"},{"data":"Discovery","floor":52.0,"key":"SMITH"}],"neow_cost":"NONE","seed_source_timestamp":48727122776312,"circlet_count":0,"master_deck":["AscendersBane","Strike_R+1","Strike_R+1","Defend_R","Defend_R","Trip+1","Intimidate+1","Cleave","Iron Wave+1","Pommel Strike","Inflame+1","Shrug It Off","Whirlwind","Limit Break+1","Barricade+1","Sentinel+1","Impervious+1","Shrug It Off","Shrug It Off+1","Heavy Blade+1","Metallicize+1","Impervious","True Grit+1","Battle Trance+1","Second Wind","Discovery+1"],"special_seed":0,"relics":["Burning Blood","Happy Flower","Whetstone","Red Skull","Bronze Scales","Astrolabe","Red Mask","Blood Vial","Unceasing Top","PreservedInsect","Paper Frog","Pen Nib","Busted Crown","Pear","Gambling Chip","Question Card","Nunchaku","Regal Pillow"],"potions_floor_usage":[55,55],"damage_taken":[{"damage":8.0,"enemies":"Small Slimes","floor":1.0,"turns":4.0},{"damage":1.0,"enemies":"Cultist","floor":2.0,"turns":3.0},{"damage":7.0,"enemies":"Jaw Worm","floor":5.0,"turns":2.0},{"damage":29.0,"enemies":"Gremlin Nob","floor":7.0,"turns":4.0},{"damage":13.0,"enemies":"Large Slime","floor":10.0,"turns":4.0},{"damage":15.0,"enemies":"3 Sentries","floor":11.0,"turns":7.0},{"damage":3.0,"enemies":"Gremlin Nob","floor":13.0,"turns":3.0},{"damage":3.0,"enemies":"Blue Slaver","floor":14.0,"turns":2.0},{"damage":26.0,"enemies":"The Guardian","floor":16.0,"turns":6.0},{"damage":16.0,"enemies":"2 Thieves","floor":18.0,"turns":2.0},{"damage":27.0,"enemies":"Colosseum Slavers","floor":19.0,"turns":3.0},{"damage":4.0,"enemies":"Masked Bandits","floor":20.0,"turns":3.0},{"damage":20.0,"enemies":"Shell Parasite","floor":21.0,"turns":4.0},{"damage":23.0,"enemies":"Book of Stabbing","floor":24.0,"turns":5.0},{"damage":0.0,"enemies":"Chosen and Byrds","floor":30.0,"turns":3.0},{"damage":20.0,"enemies":"Gremlin Leader","floor":31.0,"turns":6.0},{"damage":12.0,"enemies":"Collector","floor":33.0,"turns":9.0},{"damage":20.0,"enemies":"3 Darklings","floor":35.0,"turns":5.0},{"damage":10.0,"enemies":"Orb Walker","floor":36.0,"turns":4.0},{"damage":5.0,"enemies":"Spire Growth","floor":39.0,"turns":5.0},{"damage":2.0,"enemies":"Giant Head","floor":40.0,"turns":7.0},{"damage":20.0,"enemies":"Reptomancer","floor":42.0,"turns":6.0},{"damage":12.0,"enemies":"Jaw Worm Horde","floor":44.0,"turns":5.0},{"damage":12.0,"enemies":"Giant Head","floor":46.0,"turns":9.0},{"damage":0.0,"enemies":"2 Orb Walkers","floor":47.0,"turns":8.0},{"damage":55.0,"enemies":"Donu and Deca","floor":50.0,"turns":8.0},{"damage":53.0,"enemies":"Shield and Spear","floor":54.0,"turns":7.0},{"damage":23,"enemies":"The Heart","floor":55,"turns":11}],"seed_played":"691818179412251140","potions_obtained":[{"floor":10.0,"key":"Block Potion"},{"floor":11.0,"key":"EntropicBrew"},{"floor":20.0,"key":"FearPotion"},{"floor":24.0,"key":"Block Potion"},{"floor":36.0,"key":"EssenceOfSteel"},{"floor":44.0,"key":"Weak Potion"},{"floor":54.0,"key":"EssenceOfSteel"}],"is_trial":false,"path_per_floor":["M","M","$","?","M","R","E","R","T","M","E","R","?","M","R","B",null,"M","?","?","M","?","R","E","R","T","R","$","R","M","E","R","B",null,"M","M","?","$","M","E","R","E","T","M","?","E","?","?","R","B",null,"R","$","E","B",null],"character_chosen":"IRONCLAD","items_purchased":["Cleave","Metallicize","Paper Frog","Weak Potion"],"campfire_rested":2,"item_purchase_floors":[3,28,28,53],"current_hp_per_floor":[66,71,71,71,70,70,47,47,47,40,31,31,34,37,37,17,61,51,30,32,18,18,40,25,25,25,47,47,47,55,43,43,39,66,54,52,52,52,55,71,71,59,59,55,55,51,59,59,59,12,67,67,67,22,7],"gold":151,"neow_bonus":"RANDOM_COLORLESS","is_prod":false,"is_daily":false,"chose_seed":false,"campfire_upgraded":9,"win_rate":0,"timestamp":1544073038,"path_taken":["M","M","$","?","M","R","E","R","T","?","E","R","?","M","R","BOSS","M","?","?","M","?","R","E","R","T","R","$","R","M","E","R","BOSS","M","M","?","?","M","E","R","E","T","?","?","E","?","?","R","BOSS","R","$","E","BOSS"],"build_version":"2018-11-15","purchased_purges":3,"victory":true,"max_hp_per_floor":[75,75,75,75,75,75,75,75,75,75,75,75,75,75,75,75,75,75,75,75,75,75,75,75,75,75,75,75,75,75,75,75,75,75,75,75,75,75,75,85,85,85,85,85,85,85,85,85,85,85,85,85,85,85,85],"card_choices":[{"not_picked":["Clash","Sentinel"],"picked":"Intimidate","floor":1.0},{"not_picked":["Corruption","Clothesline"],"picked":"Carnage","floor":2.0},{"not_picked":["Sentinel","Twin Strike"],"picked":"Iron Wave","floor":5.0},{"not_picked":["Sever Soul","Rampage"],"picked":"Pommel Strike","floor":7.0},{"not_picked":["Perfected Strike","Pommel Strike"],"picked":"Inflame","floor":10.0},{"not_picked":["Shockwave","Feel No Pain"],"picked":"Shrug It Off","floor":11.0},{"not_picked":["Thunderclap","Heavy Blade"],"picked":"Whirlwind","floor":14.0},{"not_picked":["Juggernaut","Impervious"],"picked":"Limit Break","floor":16.0},{"not_picked":["Rampage","Clothesline"],"picked":"Shrug It Off","floor":18.0},{"not_picked":["Pommel Strike","Anger"],"picked":"Shrug It Off+1","floor":20.0},{"not_picked":["Anger","Fire Breathing","Havoc"],"picked":"SKIP","floor":21.0},{"not_picked":["Clash","Reckless Charge"],"picked":"Heavy Blade","floor":24.0},{"not_picked":["Fire Breathing","Rage","Flex"],"picked":"SKIP","floor":30.0},{"not_picked":["Armaments","Reckless Charge"],"picked":"Impervious","floor":31.0},{"not_picked":[],"picked":"True Grit+1","floor":35.0},{"not_picked":[],"picked":"Battle Trance","floor":36.0},{"not_picked":["Clash"],"picked":"SKIP","floor":39.0},{"not_picked":["Brutality"],"picked":"SKIP","floor":40.0},{"not_picked":["Second Wind"],"picked":"SKIP","floor":42.0},{"not_picked":[],"picked":"Second Wind","floor":42.0},{"not_picked":["Sentinel+1"],"picked":"SKIP","floor":44.0},{"not_picked":[],"picked":"Discovery","floor":45.0},{"not_picked":["Shrug It Off"],"picked":"SKIP","floor":46.0},{"not_picked":["Rampage+1","Havoc"],"picked":"SKIP","floor":54.0}],"player_experience":960993,"relics_obtained":[{"floor":7.0,"key":"Happy Flower"},{"floor":9.0,"key":"Whetstone"},{"floor":11.0,"key":"Red Skull"},{"floor":20.0,"key":"Red Mask"},{"floor":24.0,"key":"Unceasing Top"},{"floor":26.0,"key":"PreservedInsect"},{"floor":31.0,"key":"Pen Nib"},{"floor":40.0,"key":"Pear"},{"floor":42.0,"key":"Gambling Chip"},{"floor":46.0,"key":"Question Card"},{"floor":47.0,"key":"Nunchaku"},{"floor":54.0,"key":"Regal Pillow"}],"event_choices":[{"cards_removed":["Strike_R"],"damage_healed":0.0,"max_hp_gain":0.0,"max_hp_loss":0.0,"gold_gain":0.0,"event_name":"Purifier","player_choice":"Purged","floor":4.0,"gold_loss":0.0,"damage_taken":0.0},{"damage_healed":0.0,"max_hp_gain":0.0,"max_hp_loss":0.0,"gold_gain":0.0,"event_name":"Dead Adventurer","player_choice":"Searched \u00272\u0027 times","floor":13.0,"gold_loss":0.0,"damage_taken":0.0,"relics_obtained":["Bronze Scales"]},{"damage_healed":0.0,"max_hp_gain":0.0,"max_hp_loss":0.0,"gold_gain":0.0,"event_name":"Colosseum","player_choice":"Fight","floor":19.0,"gold_loss":0.0,"damage_taken":0.0},{"damage_healed":0.0,"max_hp_gain":0.0,"max_hp_loss":0.0,"gold_gain":0.0,"event_name":"Colosseum","player_choice":"Fled From Nobs","floor":19.0,"gold_loss":0.0,"damage_taken":0.0},{"damage_healed":0.0,"max_hp_gain":0.0,"max_hp_loss":0.0,"gold_gain":0.0,"event_name":"Masked Bandits","player_choice":"Fought Bandits","floor":20.0,"gold_loss":0.0,"damage_taken":0.0},{"damage_healed":0.0,"max_hp_gain":0.0,"max_hp_loss":0.0,"gold_gain":0.0,"event_name":"The Mausoleum","player_choice":"Opened","floor":22.0,"gold_loss":0.0,"damage_taken":0.0,"relics_obtained":["Blood Vial"],"cards_obtained":["Writhe"]},{"damage_healed":0.0,"max_hp_gain":0.0,"max_hp_loss":0.0,"gold_gain":0.0,"event_name":"Designer","player_choice":"Upgrade","floor":37.0,"gold_loss":50.0,"damage_taken":0.0,"cards_upgraded":["Battle Trance"]},{"damage_healed":0.0,"max_hp_gain":0.0,"max_hp_loss":0.0,"gold_gain":0.0,"event_name":"SensoryStone","player_choice":"Memory 1","floor":45.0,"gold_loss":0.0,"damage_taken":0.0},{"damage_healed":0.0,"max_hp_gain":0.0,"max_hp_loss":0.0,"gold_gain":0.0,"event_name":"Mysterious Sphere","player_choice":"Fight","floor":47.0,"gold_loss":0.0,"damage_taken":0.0},{"cards_removed":["Carnage"],"damage_healed":0.0,"max_hp_gain":0.0,"max_hp_loss":0.0,"gold_gain":0.0,"event_name":"Falling","player_choice":"Removed Attack","floor":48.0,"gold_loss":0.0,"damage_taken":0.0}],"is_beta":false,"boss_relics":[{"not_picked":["Calling Bell","Orrery"],"picked":"Astrolabe"},{"not_picked":["Pandora\u0027s Box","Cursed Key"],"picked":"Busted Crown"}],"items_purged_floors":[3,28,38],"is_endless":false,"potions_floor_spawned":[10,11,13,19,20,24,36,44,46,54],"ascension_level":15}