{"gold_per_floor":[14,27,102,102,113,113,138,150,185,197,226,34,69,83,83,160,160,160,6,0,0,0,0,0,0,0,0,0,0,0,0,0,0],"floor_reached":33,"playtime":1636,"items_purged":["Strike_G"],"score":457,"play_id":"a85b353b-73e0-4a74-9655-83d909126e67","local_time":"20180720192846","is_ascension_mode":true,"campfire_choices":[{"data":"Neutralize","floor":6.0,"key":"SMITH"},{"floor":8.0,"key":"REST"},{"data":"Noxious Fumes","floor":10.0,"key":"SMITH"},{"floor":15.0,"key":"REST"},{"data":"Malaise","floor":23.0,"key":"SMITH"},{"floor":25,"key":"REST"},{"floor":32,"key":"REST"}],"neow_cost":"NO_GOLD","seed_source_timestamp":561102136265630,"circlet_count":0,"master_deck":["Defend_G","Defend_G","Defend_G","Defend_G","Strike_G+1","Strike_G","Strike_G+1","Survivor","Neutralize+1","AscendersBane","Calculated Gamble","Choke","Cloak And Dagger","Setup+1","Noxious Fumes+1","Dagger Spray","Expertise","Endless Agony","Predator","Malaise+1","Escape Plan","Bouncing Flask","PiercingWail","Acrobatics","Deflect","Backflip"],"special_seed":0,"relics":["Ring of the Snake","MawBank","Whetstone","Snake Skull","Pen Nib","Ectoplasm","Orichalcum","Matryoshka"],"potions_floor_usage":[27,27],"damage_taken":[{"damage":4.0,"enemies":"Cultist","floor":1.0,"turns":3.0},{"damage":6.0,"enemies":"Jaw Worm","floor":2.0,"turns":3.0},{"damage":0.0,"enemies":"2 Louse","floor":5.0,"turns":3.0},{"damage":31.0,"enemies":"Lagavulin","floor":7.0,"turns":9.0},{"damage":2.0,"enemies":"Looter","floor":11.0,"turns":4.0},{"damage":7.0,"enemies":"3 Sentries","floor":13.0,"turns":4.0},{"damage":14.0,"enemies":"Lots of Slimes","floor":14.0,"turns":3.0},{"damage":12.0,"enemies":"Hexaghost","floor":16.0,"turns":8.0},{"damage":6.0,"enemies":"3 Byrds","floor":18.0,"turns":3.0},{"damage":15.0,"enemies":"2 Thieves","floor":20.0,"turns":3.0},{"damage":9.0,"enemies":"Snake Plant","floor":22.0,"turns":4.0},{"damage":6,"enemies":"Centurion and Healer","floor":24,"turns":5},{"damage":4,"enemies":"Slaver and Parasite","floor":27,"turns":5},{"damage":7,"enemies":"Snecko","floor":28,"turns":6},{"damage":1,"enemies":"Sentry and Sphere","floor":30,"turns":5},{"damage":4,"enemies":"Centurion and Healer","floor":31,"turns":7},{"damage":49,"enemies":"Automaton","floor":33,"turns":8}],"seed_played":"-7980843592861855755","potions_obtained":[{"floor":7.0,"key":"Poison Potion"},{"floor":13.0,"key":"SpeedPotion"},{"floor":20.0,"key":"LiquidBronze"},{"floor":22.0,"key":"Weak Potion"}],"is_trial":false,"path_per_floor":["M","M","?","?","M","R","E","R","T","R","M","$","E","M","R","B",null,"M","$","M","?","M","R","M","R","T","M","M","T","M","M","R"],"character_chosen":"THE_SILENT","items_purchased":["Snake Skull","Strength Potion","Bouncing Flask"],"campfire_rested":4,"item_purchase_floors":[12,12,19],"current_hp_per_floor":[55,49,38,38,38,38,7,26,26,26,24,24,17,3,22,10,52,46,46,31,31,22,22,16,35,35,31,24,24,23,19,38,0],"gold":0,"neow_bonus":"TRANSFORM_TWO_CARDS","is_prod":false,"is_daily":false,"chose_seed":false,"campfire_upgraded":3,"win_rate":0,"timestamp":1532129326,"path_taken":["M","M","?","?","?","R","E","R","T","R","M","$","E","M","R","BOSS","M","$","M","?","M","R","?","R","T","M","M","?","?","M","R","BOSS"],"build_version":"2018-07-19v2","purchased_purges":1,"victory":false,"max_hp_per_floor":[66,66,66,66,66,66,66,66,66,66,66,66,66,66,66,66,66,66,66,66,66,66,66,66,66,66,66,66,66,66,66,66,66],"card_choices":[{"not_picked":["Prepared","Accuracy"],"picked":"Cloak And Dagger","floor":1.0},{"not_picked":["Flying Knee","Choke"],"picked":"Setup","floor":2.0},{"not_picked":["Cloak And Dagger","Poisoned Stab"],"picked":"Noxious Fumes","floor":5.0},{"not_picked":["Slice","Dodge and Roll"],"picked":"Dagger Spray","floor":7.0},{"not_picked":["Dodge and Roll","PiercingWail"],"picked":"Expertise","floor":11.0},{"not_picked":["Acrobatics","Dagger Spray"],"picked":"Endless Agony","floor":13.0},{"not_picked":["Dagger Throw","Deflect"],"picked":"Predator","floor":14.0},{"not_picked":["Storm of Steel","Corpse Explosion"],"picked":"Malaise","floor":16.0},{"not_picked":["Concentrate","Reflex"],"picked":"Escape Plan","floor":18.0},{"not_picked":["Masterful Stab+1","Cloak And Dagger"],"picked":"PiercingWail","floor":20.0},{"not_picked":["Flechettes","Dodge and Roll"],"picked":"Acrobatics","floor":22.0},{"not_picked":["PiercingWail","Terror+1"],"picked":"Deflect","floor":24},{"not_picked":["PiercingWail","Dagger Spray","Quick Slash"],"picked":"SKIP","floor":27},{"not_picked":["Bouncing Flask","Setup"],"picked":"Backflip","floor":28},{"not_picked":["Flechettes","Dagger Throw","Eviscerate"],"picked":"SKIP","floor":30},{"not_picked":["Quick Slash","Deadly Poison","Flying Knee"],"picked":"SKIP","floor":31}],"player_experience":500768,"relics_obtained":[{"floor":7.0,"key":"MawBank"},{"floor":9.0,"key":"Whetstone"},{"floor":13.0,"key":"Pen Nib"},{"floor":26,"key":"Orichalcum"},{"floor":29,"key":"Matryoshka"}],"event_choices":[{"event_name":"World of Goop","player_choice":"Gather Gold","floor":3.0,"damage_taken":0.0},{"event_name":"Living Wall","player_choice":"Grow","floor":4.0,"damage_taken":0.0},{"event_name":"Drug Dealer","player_choice":"Ignored","floor":21.0,"damage_taken":0.0}],"is_beta":false,"boss_relics":[{"not_picked":["Calling Bell","WristBlade"],"picked":"Ectoplasm"}],"items_purged_floors":[19],"is_endless":false,"potions_floor_spawned":[7,13,20,22],"killed_by":"Automaton","ascension_level":15}