{"gold_per_floor":[112,129,129,24,24,24,53,73,73,83,83,109,109,134,134,134],"floor_reached":16,"playtime":457,"items_purged":["Strike_G"],"score":332,"play_id":"63c3277c-23ce-4681-9fad-ed26bf5dfbd3","local_time":"20181023232123","is_ascension_mode":true,"campfire_choices":[{"data":"Neutralize","floor":6,"key":"SMITH"},{"data":"Terror","floor":11,"key":"SMITH"},{"data":"Cloak And Dagger","floor":13,"key":"SMITH"},{"data":"Footwork","floor":15,"key":"SMITH"}],"neow_cost":"NONE","seed_source_timestamp":1220749891556721,"circlet_count":0,"master_deck":["Defend_G","Defend_G","Defend_G","Defend_G","Defend_G+1","Strike_G","Strike_G","Strike_G","Strike_G+1","Survivor","Neutralize+1","AscendersBane","Footwork+1","Backstab","Dagger Spray","Regret","Adrenaline","Neutralize","Cloak And Dagger+1","Terror+1","Deflect","Finisher"],"relics":["Ring of the Snake","NeowsBlessing","Gremlin Horn","Odd Mushroom","Singing Bowl","Letter Opener","Mummified Hand"],"potions_floor_usage":[12],"damage_taken":[{"damage":0,"enemies":"Small Slimes","floor":1,"turns":1},{"damage":0,"enemies":"2 Louse","floor":2,"turns":1},{"damage":0,"enemies":"3 Sentries","floor":7,"turns":1},{"damage":3,"enemies":"The Mushroom Lair","floor":8,"turns":3},{"damage":0,"enemies":"Cultist","floor":10,"turns":3},{"damage":12,"enemies":"Lagavulin","floor":12,"turns":8},{"damage":2,"enemies":"Gremlin Nob","floor":14,"turns":3},{"damage":24,"enemies":"The Guardian","floor":16,"turns":10}],"seed_played":"4353400323853802242","potions_obtained":[{"floor":1,"key":"SteroidPotion"}],"is_trial":false,"path_per_floor":["M","M","?","$","?","R","E","?","T","M","R","E","R","E","R"],"character_chosen":"THE_SILENT","items_purchased":["Dagger Spray"],"campfire_rested":0,"item_purchase_floors":[4],"current_hp_per_floor":[59,59,39,39,39,39,39,36,36,36,36,24,24,24,24,0],"gold":134,"neow_bonus":"THREE_ENEMY_KILL","is_prod":false,"is_daily":false,"chose_seed":false,"campfire_upgraded":4,"win_rate":0,"timestamp":1540351283,"path_taken":["M","M","?","$","?","R","E","?","T","?","R","E","R","E","R","BOSS"],"build_version":"2018-10-18","purchased_purges":1,"victory":false,"max_hp_per_floor":[66,66,66,66,66,66,66,66,66,66,66,66,66,68,68,68],"card_choices":[{"not_picked":["Flying Knee","Underhanded Strike"],"picked":"Footwork","floor":1},{"not_picked":["Poisoned Stab","Bane"],"picked":"Backstab","floor":2},{"not_picked":["Masterful Stab","Finisher"],"picked":"Cloak And Dagger","floor":7},{"not_picked":["Setup","Expertise"],"picked":"Terror","floor":8},{"not_picked":["Deadly Poison","Flying Knee"],"picked":"Deflect","floor":10},{"not_picked":["Accuracy","Crippling Poison"],"picked":"Finisher","floor":12},{"not_picked":["Riddle With Holes","Burst","Deflect"],"picked":"Singing Bowl","floor":14}],"player_experience":813152,"relics_obtained":[{"floor":7,"key":"Gremlin Horn"},{"floor":8,"key":"Odd Mushroom"},{"floor":9,"key":"Singing Bowl"},{"floor":12,"key":"Letter Opener"},{"floor":14,"key":"Mummified Hand"}],"event_choices":[{"damage_healed":0,"gold_gain":0,"player_choice":"Entered Light","damage_taken":20,"max_hp_gain":0,"max_hp_loss":0,"event_name":"Shining Light","floor":3,"gold_loss":0,"cards_upgraded":["Strike_G","Defend_G"]},{"damage_healed":0,"gold_gain":0,"player_choice":"3 cards matched","damage_taken":0,"max_hp_gain":0,"max_hp_loss":0,"event_name":"Match and Keep!","floor":5,"gold_loss":0,"cards_obtained":["Regret","Adrenaline","Neutralize"]},{"damage_healed":0,"gold_gain":0,"player_choice":"Fought Mushrooms","damage_taken":0,"max_hp_gain":0,"max_hp_loss":0,"event_name":"Mushrooms","floor":8,"gold_loss":0}],"is_beta":false,"boss_relics":[],"items_purged_floors":[4],"is_endless":false,"potions_floor_spawned":[1],"killed_by":"The Guardian","ascension_level":20}