{"path_per_floor":["M","$","?","?","M","E","R","E","T","?","E","M","R","M","R","B",null,"M","M","$","?","?","E","R","M","T","E","R","M","E","M","R","B",null,"M","?","$","M","M","R","E","M","T","M","R","M","?","?","R"],"character_chosen":"THE_SILENT","items_purchased":["Terror","Adrenaline","Panacea","Thread and Needle"],"gold_per_floor":[109,30,30,30,47,81,81,111,111,135,170,184,184,203,203,303,303,323,340,90,5,5,34,34,51,51,84,84,94,120,137,137,242,272,289,289,0,13,32,32,62,77,77,97,97,107,152,0,0],"floor_reached":50,"campfire_rested":7,"playtime":4893,"current_hp_per_floor":[68,68,68,68,68,45,66,57,64,46,24,24,47,47,70,62,77,77,70,70,70,70,48,48,56,56,55,77,76,49,29,52,10,82,82,82,82,62,51,75,67,60,74,60,60,49,49,49,77],"items_purged":[],"gold":0,"score":550,"play_id":"558d6405-4725-4d4b-adea-c25edf458120","is_prod":false,"is_daily":false,"is_ascension_mode":false,"campfire_upgraded":1,"path_taken":["M","$","?","?","?","E","R","E","T","?","E","M","R","M","R","BOSS","M","M","$","?","?","E","R","M","T","E","R","M","E","M","R","BOSS","M","?","$","M","M","R","E","M","T","M","R","?","?","?","R","BOSS"],"build_version":"2018-02-15-PROD1","purchased_purges":0,"victory":false,"master_deck":["Defend_G+1","Defend_G+1","Defend_G+1","Defend_G+1","Strike_G+1","Strike_G+1","Strike_G+1","Strike_G+1","Strike_G+1","Survivor","Neutralize","Unload","Burst","Terror+1","Flying Knee","Bouncing Flask","Prepared","Dagger Spray","Outmaneuver","Calculated Gamble","Backstab+1","Choke","Skewer+1","Adrenaline","Panacea","Poisoned Stab+1","Flying Knee+1","Quick Slash","Distraction+1","Predator+1","Endless Agony","Night Terror","Blade Dance","Choke","Deflect+1","Crippling Poison","Poisoned Stab+1","Blur+1","Well Laid Plans+1","Noxious Fumes+1","Prepared+1"],"max_hp_per_floor":[70,70,70,70,70,70,70,70,77,77,77,77,77,77,77,77,77,77,77,77,77,77,77,77,77,77,77,77,77,77,77,77,77,82,82,82,82,82,82,82,82,82,96,96,96,96,96,96,96],"relics":["Ring of the Snake","Torii","Letter Opener","Tingsha","Strawberry","Odd Mushroom","Unceasing Top","White Beast Statue","Lantern","Anchor","Pen Nib","Snake Skull","Tiny House","Thread and Needle","Girya","Mango","Ginger","Red Mask"],"card_choices":[{"not_picked":["Infinite Blades","Malaise"],"picked":"Burst"},{"not_picked":["Flechettes","Dagger Throw"],"picked":"Flying Knee"},{"not_picked":["Deflect","Finisher"],"picked":"Bouncing Flask"},{"not_picked":["Deflect","Quick Slash"],"picked":"Prepared"},{"not_picked":["Distraction","Quick Slash"],"picked":"Dagger Spray"},{"not_picked":["Terror","Masterful Stab"],"picked":"Outmaneuver"},{"not_picked":["Slice","Blade Dance"],"picked":"Calculated Gamble"},{"not_picked":["PiercingWail","Deadly Poison"],"picked":"Backstab"},{"not_picked":["Tools of the Trade","After Image"],"picked":"Die Die Die"},{"not_picked":["Dash","Finisher"],"picked":"Choke"},{"not_picked":["Backflip","Crippling Poison"],"picked":"Skewer"},{"not_picked":["Dagger Throw","Slice"],"picked":"Poisoned Stab"},{"not_picked":["Prepared","After Image"],"picked":"Flying Knee"},{"not_picked":["Slice","Heel Hook"],"picked":"Quick Slash"},{"not_picked":["Eviscerate","Prepared"],"picked":"Distraction"},{"not_picked":["Acrobatics","Blur"],"picked":"Predator"},{"not_picked":["Flying Knee","Blur"],"picked":"Endless Agony"},{"not_picked":["Die Die Die","Bullet Time"],"picked":"Night Terror"},{"not_picked":["Outmaneuver","Distraction"],"picked":"Blade Dance"},{"not_picked":["Distraction","Calculated Gamble"],"picked":"Choke"},{"not_picked":["Acrobatics","Dodge and Roll"],"picked":"Deflect"},{"not_picked":["Deadly Poison","Prepared"],"picked":"Crippling Poison"},{"not_picked":["Unload","Night Terror"],"picked":"Poisoned Stab"},{"not_picked":["Quick Slash","PiercingWail"],"picked":"Blur"},{"not_picked":["Slice","Infinite Blades"],"picked":"Well Laid Plans"},{"not_picked":["Prepared","Dodge and Roll"],"picked":"Noxious Fumes"},{"not_picked":["Dash","Caltrops"],"picked":"Prepared"}],"player_experience":5419,"potions_floor_usage":[14,25,30,30,30,33,33,39,39,39,41,41,42,47,47,50,50],"damage_taken":[{"damage":2,"enemies":"2 Louse","floor":1,"turns":3},{"damage":0,"enemies":"Cultist","floor":5,"turns":3},{"damage":23,"enemies":"3 Sentries","floor":6,"turns":12},{"damage":9,"enemies":"Gremlin Nob","floor":8,"turns":4},{"damage":18,"enemies":"The Mushroom Lair","floor":10,"turns":3},{"damage":22,"enemies":"Lagavulin","floor":11,"turns":6},{"damage":0,"enemies":"Small Slimes","floor":12,"turns":2},{"damage":0,"enemies":"3 Louse","floor":14,"turns":2},{"damage":8,"enemies":"Slime Boss","floor":16,"turns":10},{"damage":0,"enemies":"3 Byrds","floor":18,"turns":3},{"damage":7,"enemies":"Shell Parasite","floor":19,"turns":3},{"damage":22,"enemies":"Book of Stabbing","floor":23,"turns":4},{"damage":1,"enemies":"Snake Plant","floor":25,"turns":3},{"damage":1,"enemies":"Slavers","floor":27,"turns":3},{"damage":1,"enemies":"Cultist and Chosen","floor":29,"turns":3},{"damage":27,"enemies":"Gremlin Leader","floor":30,"turns":3},{"damage":20,"enemies":"Snecko","floor":31,"turns":4},{"damage":42,"enemies":"Champ","floor":33,"turns":10},{"damage":0,"enemies":"Orb Walker","floor":35,"turns":3},{"damage":20,"enemies":"3 Shapes","floor":38,"turns":2},{"damage":11,"enemies":"Sphere and 2 Shapes","floor":39,"turns":4},{"damage":17,"enemies":"2 Orb Walkers","floor":41,"turns":4},{"damage":7,"enemies":"Maw","floor":42,"turns":5},{"damage":14,"enemies":"4 Shapes","floor":44,"turns":5},{"damage":11,"enemies":"Sphere and 2 Shapes","floor":46,"turns":4},{"damage":0,"enemies":"Mysterious Sphere","floor":47,"turns":3},{"damage":80,"enemies":"Awakened One","floor":50,"turns":9}],"event_choices":[{"event_name":"Wheel of Change","player_choice":"Relic","floor":3,"damage_taken":0},{"event_name":"Bonfire Elementals","player_choice":"BASIC","floor":4,"damage_taken":0},{"event_name":"Mushrooms","player_choice":"Fought Mushrooms","floor":10,"damage_taken":0},{"event_name":"Addict","player_choice":"Obtained Relic","floor":21,"damage_taken":0},{"event_name":"Back to Basics","player_choice":"Simplicity","floor":22,"damage_taken":0},{"event_name":"Mysterious Sphere","player_choice":"Fight","floor":47,"damage_taken":0},{"event_name":"Tomb of Lord Red Mask","player_choice":"Paid","floor":48,"damage_taken":0}],"boss_relics":[{"not_picked":["Lizard Tail","Sozu"],"picked":"White Beast Statue"},{"not_picked":["Question Card","Cursed Key"],"picked":"Tiny House"}],"potions_floor_spawned":[1,11,12,18,19,23,25,27,29,30,31,33,35,38,39,41,42,44,46,47],"seed_played":"-248481634448574577","killed_by":"Awakened One","ascension_level":0,"is_trial":false}