{"gold_per_floor":[113,29,104,121,121,121,156,2,2,2,22,50,60,60,60,157,157,169,18,36,135,135,135,153,166,166,166,197,214,214,214,214,214],"floor_reached":33,"playtime":1419,"items_purged":["Strike_R"],"score":339,"play_id":"df1c0ee8-5e49-4c17-a045-c4d9999535be","local_time":"20190521182716","is_ascension_mode":true,"campfire_choices":[{"data":"Discovery","floor":6,"key":"SMITH"},{"data":"Immolate","floor":10,"key":"SMITH"},{"floor":15,"key":"REST"},{"data":"Armaments","floor":23,"key":"SMITH"},{"floor":27,"key":"REST"},{"floor":30,"key":"REST"},{"floor":32,"key":"REST"}],"neow_cost":"TEN_PERCENT_HP_LOSS","seed_source_timestamp":240876615058300,"circlet_count":0,"master_deck":["Strike_R","Strike_R","Defend_R","Defend_R","Defend_R","Defend_R+1","Bash","Shrug It Off","Discovery+1","Flame Barrier+1","Dual Wield","Immolate+1","Thunderclap","Rage","Offering","Armaments+1","Shockwave","Spot Weakness","Demon Form","Inflame","Cleave"],"relics":["Burning Blood","Dodecahedron","War Paint","Odd Mushroom","Bronze Scales","Orrery","Omamori","Nloth\u0027s Gift","Art of War","Girya"],"potions_floor_usage":[7,16,24,28,29],"damage_taken":[{"damage":14,"enemies":"Jaw Worm","floor":1,"turns":3},{"damage":10,"enemies":"Small Slimes","floor":4,"turns":3},{"damage":18,"enemies":"Gremlin Nob","floor":7,"turns":4},{"damage":0,"enemies":"The Mushroom Lair","floor":11,"turns":1},{"damage":19,"enemies":"Lagavulin","floor":12,"turns":5},{"damage":0,"enemies":"Cultist","floor":13,"turns":4},{"damage":25,"enemies":"Hexaghost","floor":16,"turns":7},{"damage":9,"enemies":"Spheric Guardian","floor":18,"turns":4},{"damage":8,"enemies":"Chosen","floor":20,"turns":7},{"damage":39,"enemies":"Centurion and Healer","floor":24,"turns":6},{"damage":8,"enemies":"Snecko","floor":25,"turns":5},{"damage":30,"enemies":"Slavers","floor":28,"turns":5},{"damage":25,"enemies":"Cultist and Chosen","floor":29,"turns":5},{"damage":79,"enemies":"Automaton","floor":33,"turns":6}],"seed_played":"4382208939852354605","potions_obtained":[{"floor":4,"key":"Fruit Juice"},{"floor":13,"key":"Strength Potion"},{"floor":16,"key":"LiquidBronze"},{"floor":18,"key":"SkillPotion"},{"floor":28,"key":"SteroidPotion"}],"is_trial":false,"path_per_floor":["M","$","?","M","?","R","E","$","T","R","?","E","M","$","R","B",null,"M","$","M","?","?","R","M","M","T","R","E","M","R","?","R","B"],"character_chosen":"IRONCLAD","items_purchased":["Discovery","Immolate","Omamori"],"campfire_rested":4,"item_purchase_floors":[2,8,19],"current_hp_per_floor":[64,64,53,49,42,42,35,35,35,35,41,28,34,34,57,38,67,64,64,62,62,62,62,29,27,27,50,26,7,30,30,53,0],"gold":214,"neow_bonus":"ONE_RARE_RELIC","is_prod":false,"is_daily":false,"chose_seed":false,"campfire_upgraded":3,"win_rate":0,"timestamp":1558456036,"path_taken":["M","$","?","M","?","R","E","$","T","R","?","E","M","$","R","BOSS","M","$","M","?","?","R","M","M","T","R","E","?","R","?","R","BOSS"],"build_version":"2019-05-07","purchased_purges":1,"victory":false,"max_hp_per_floor":[72,72,72,72,72,72,77,77,77,77,77,77,77,77,77,77,77,77,77,77,77,77,77,77,77,77,77,77,77,77,77,77,77],"card_choices":[{"not_picked":["Headbutt","Intimidate"],"picked":"Shrug It Off","floor":1},{"not_picked":["Flex","Rampage"],"picked":"Flame Barrier","floor":4},{"not_picked":["Perfected Strike","Havoc"],"picked":"Dual Wield","floor":7},{"not_picked":["Second Wind","Perfected Strike"],"picked":"Thunderclap","floor":11},{"not_picked":["Clash","Sever Soul"],"picked":"Rage","floor":12},{"not_picked":["Bloodletting","Fire Breathing","Sword Boomerang"],"picked":"SKIP","floor":13},{"not_picked":["Berserk","Reaper"],"picked":"Offering","floor":16},{"not_picked":["Twin Strike","Clash"],"picked":"Armaments","floor":17},{"not_picked":["Shrug It Off","Sword Boomerang"],"picked":"Shockwave","floor":17},{"not_picked":["Warcry","Pommel Strike"],"picked":"Spot Weakness","floor":17},{"not_picked":["Rampage","Second Wind"],"picked":"Demon Form","floor":17},{"not_picked":["Infernal Blade","Havoc"],"picked":"Inflame","floor":18},{"not_picked":["Corruption+1","Body Slam","Power Through+1"],"picked":"SKIP","floor":20},{"not_picked":["Reckless Charge","Iron Wave","Pommel Strike"],"picked":"SKIP","floor":24},{"not_picked":["Metallicize","Pommel Strike"],"picked":"Cleave","floor":25},{"not_picked":["Demon Form","Barricade","Perfected Strike"],"picked":"SKIP","floor":28},{"not_picked":["Pommel Strike","Flame Barrier","Demon Form"],"picked":"SKIP","floor":29}],"player_experience":306401,"relics_obtained":[{"floor":7,"key":"Dodecahedron"},{"floor":9,"key":"War Paint"},{"floor":11,"key":"Odd Mushroom"},{"floor":12,"key":"Bronze Scales"},{"floor":26,"key":"Art of War"},{"floor":28,"key":"Girya"}],"event_choices":[{"damage_healed":0,"gold_gain":75,"player_choice":"Gather Gold","damage_taken":11,"max_hp_gain":0,"max_hp_loss":0,"event_name":"World of Goop","floor":3,"gold_loss":0},{"cards_removed":["Strike_R"],"damage_healed":0,"gold_gain":0,"player_choice":"Card Removal","damage_taken":7,"max_hp_gain":0,"max_hp_loss":0,"event_name":"Golden Wing","floor":5,"gold_loss":0},{"damage_healed":0,"gold_gain":0,"player_choice":"Fought Mushrooms","damage_taken":0,"max_hp_gain":0,"max_hp_loss":0,"event_name":"Mushrooms","floor":11,"gold_loss":0},{"damage_healed":0,"gold_gain":99,"player_choice":"Stole From Cult","damage_taken":0,"max_hp_gain":0,"max_hp_loss":0,"event_name":"Nest","floor":21,"gold_loss":0},{"damage_healed":0,"gold_gain":0,"player_choice":"Traded Relic","damage_taken":0,"relics_obtained":["Nloth\u0027s Gift"],"max_hp_gain":0,"max_hp_loss":0,"event_name":"N\u0027loth","floor":22,"relics_lost":["Incense Burner"],"gold_loss":0},{"cards_removed":["Strike_R"],"damage_healed":0,"gold_gain":0,"player_choice":"Elegance","damage_taken":0,"max_hp_gain":0,"max_hp_loss":0,"event_name":"Back to Basics","floor":31,"gold_loss":0}],"is_beta":true,"boss_relics":[{"not_picked":["White Beast Statue","Sozu"],"picked":"Orrery"}],"items_purged_floors":[8],"is_endless":false,"potions_floor_spawned":[4,13,16,18,28],"killed_by":"Automaton","ascension_level":5}