{"gold_per_floor":[115,131,149,159,234,234,260,260,260,260,285,285,303,319,319,395,395,405,405,378,60,72,72,102,116,116,42,57,57,69,69,69,69],"floor_reached":33,"playtime":2632,"items_purged":[],"score":634,"play_id":"9fcae5f1-6db9-4248-98f3-232dd5cc151b","local_time":"20190509224857","is_ascension_mode":true,"campfire_choices":[{"floor":6.0,"key":"REST"},{"data":"Footwork","floor":8.0,"key":"SMITH"},{"floor":10.0,"key":"REST"},{"floor":15.0,"key":"REST"},{"floor":23.0,"key":"REST"},{"floor":29.0,"key":"REST"},{"data":"Eviscerate","floor":32.0,"key":"SMITH"}],"neow_cost":"TEN_PERCENT_HP_LOSS","seed_source_timestamp":359913917211922,"circlet_count":0,"master_deck":["AscendersBane","Defend_G","Defend_G","Defend_G","Defend_G","Defend_G","Survivor","Neutralize","Quick Slash","Well Laid Plans","Heel Hook","Footwork+1","Blur","Caltrops","Cloak And Dagger","Backstab","Adrenaline","Quick Slash+1","Noxious Fumes","Noxious Fumes","Blade Dance","Madness","Dodge and Roll","Skewer+1","Endless Agony","Eviscerate+1","Dash","Bite","Bite","Bite","Bite","Bite"],"special_seed":0,"relics":["Ring of the Snake","Peace Pipe","Darkstone Periapt","FossilizedHelix","Pocketwatch","WristBlade","Snake Skull","Ice Cream","Pantograph","Art of War"],"potions_floor_usage":[],"damage_taken":[{"damage":1.0,"enemies":"Cultist","floor":1.0,"turns":4.0},{"damage":3.0,"enemies":"Jaw Worm","floor":2.0,"turns":4.0},{"damage":4.0,"enemies":"2 Louse","floor":3.0,"turns":3.0},{"damage":7.0,"enemies":"Gremlin Gang","floor":4.0,"turns":8.0},{"damage":22.0,"enemies":"3 Sentries","floor":7.0,"turns":14.0},{"damage":25.0,"enemies":"Lagavulin","floor":11.0,"turns":13.0},{"damage":5.0,"enemies":"Exordium Wildlife","floor":13.0,"turns":5.0},{"damage":0.0,"enemies":"Large Slime","floor":14.0,"turns":9.0},{"damage":0.0,"enemies":"The Guardian","floor":16.0,"turns":18.0},{"damage":3.0,"enemies":"Chosen","floor":18.0,"turns":7.0},{"damage":14.0,"enemies":"2 Thieves","floor":20.0,"turns":4.0},{"damage":24.0,"enemies":"Cultist and Chosen","floor":22.0,"turns":7.0},{"damage":20.0,"enemies":"Gremlin Leader","floor":24.0,"turns":7.0},{"damage":15.0,"enemies":"Snake Plant","floor":25.0,"turns":6.0},{"damage":0.0,"enemies":"Centurion and Healer","floor":28.0,"turns":7.0},{"damage":0.0,"enemies":"Snecko","floor":30.0,"turns":4.0},{"damage":63,"enemies":"Champ","floor":33,"turns":11}],"seed_played":"5301006686681432009","potions_obtained":[{"floor":11.0,"key":"Fruit Juice"},{"floor":12.0,"key":"Weak Potion"},{"floor":13.0,"key":"SpeedPotion"},{"floor":22.0,"key":"SkillPotion"},{"floor":24.0,"key":"Dexterity Potion"}],"is_trial":false,"path_per_floor":["M","M","M","M","?","R","E","R","T","R","E","?","M","M","R","B",null,"M","?","M","$","M","R","E","M","T","?","M","R","M","?","R","B"],"character_chosen":"THE_SILENT","items_purchased":["Snake Skull","Blade Dance","Madness"],"campfire_rested":5,"item_purchase_floors":[21,21,21],"current_hp_per_floor":[58,55,51,44,33,51,29,29,29,47,22,22,22,22,41,41,59,56,56,42,42,18,37,17,2,2,2,2,21,21,21,21,0],"gold":69,"neow_bonus":"ONE_RARE_RELIC","is_prod":false,"is_daily":false,"chose_seed":false,"campfire_upgraded":2,"win_rate":0,"timestamp":1557467337,"path_taken":["M","M","M","?","?","R","E","R","T","R","E","?","M","?","R","BOSS","M","?","M","$","M","R","E","M","T","?","?","R","?","?","R","BOSS"],"build_version":"2019-01-23","purchased_purges":0,"victory":false,"max_hp_per_floor":[60,60,60,60,60,60,60,60,60,60,60,60,65,65,65,65,65,65,65,65,65,65,65,65,65,65,65,65,65,65,45,45,45],"card_choices":[{"not_picked":["Dodge and Roll","Poisoned Stab"],"picked":"Quick Slash","floor":1.0},{"not_picked":["Skewer","Catalyst"],"picked":"Well Laid Plans","floor":2.0},{"not_picked":["Flying Knee","Quick Slash"],"picked":"Heel Hook","floor":3.0},{"not_picked":["Catalyst","Calculated Gamble"],"picked":"Footwork","floor":4.0},{"not_picked":["Dodge and Roll","Outmaneuver"],"picked":"Blur","floor":7.0},{"not_picked":["Noxious Fumes","Venomology"],"picked":"Caltrops","floor":11.0},{"not_picked":["Poisoned Stab","Sucker Punch"],"picked":"Cloak And Dagger","floor":13.0},{"not_picked":["Deflect","Eviscerate"],"picked":"Backstab","floor":14.0},{"not_picked":["Corpse Explosion","Wraith Form v2"],"picked":"Adrenaline","floor":16.0},{"not_picked":["Tactician","Heel Hook"],"picked":"Quick Slash+1","floor":18.0},{"not_picked":["Acrobatics","Sucker Punch"],"picked":"Noxious Fumes","floor":20.0},{"not_picked":["Poisoned Stab","Outmaneuver"],"picked":"Dodge and Roll","floor":22.0},{"not_picked":["Flying Knee","Poisoned Stab"],"picked":"Skewer+1","floor":24.0},{"not_picked":["Underhanded Strike","Dagger Throw"],"picked":"Endless Agony","floor":25.0},{"not_picked":["Backstab","Cloak And Dagger"],"picked":"Eviscerate","floor":28.0},{"not_picked":["Underhanded Strike","Concentrate"],"picked":"Dash","floor":30.0}],"player_experience":665881,"relics_obtained":[{"floor":7.0,"key":"Darkstone Periapt"},{"floor":9.0,"key":"FossilizedHelix"},{"floor":11.0,"key":"Pocketwatch"},{"floor":24.0,"key":"Ice Cream"},{"floor":26.0,"key":"Pantograph"}],"event_choices":[{"damage_healed":0.0,"max_hp_gain":0.0,"max_hp_loss":0.0,"gold_gain":75.0,"event_name":"World of Goop","player_choice":"Gather Gold","floor":5.0,"gold_loss":0.0,"damage_taken":11.0},{"damage_healed":0.0,"max_hp_gain":0.0,"max_hp_loss":0.0,"gold_gain":0.0,"event_name":"Lab","player_choice":"Got Potions","floor":12.0,"gold_loss":0.0,"damage_taken":0.0},{"damage_healed":0.0,"max_hp_gain":0.0,"max_hp_loss":0.0,"gold_gain":0.0,"event_name":"The Library","player_choice":"Read","floor":19.0,"gold_loss":0.0,"damage_taken":0.0,"cards_obtained":["Noxious Fumes"]},{"damage_healed":0.0,"max_hp_gain":0.0,"max_hp_loss":0.0,"gold_gain":0.0,"event_name":"WeMeetAgain","player_choice":"Paid Gold","floor":27.0,"gold_loss":74.0,"damage_taken":0.0,"relics_obtained":["Art of War"]},{"damage_healed":0.0,"max_hp_gain":0.0,"max_hp_loss":20.0,"gold_gain":0.0,"event_name":"Vampires","player_choice":"Became a vampire","floor":31.0,"gold_loss":0.0,"damage_taken":0.0,"cards_obtained":["Bite","Bite","Bite","Bite","Bite"]}],"is_beta":false,"boss_relics":[{"not_picked":["Busted Crown","Sozu"],"picked":"WristBlade"}],"items_purged_floors":[],"is_endless":false,"potions_floor_spawned":[11,13,22,24],"killed_by":"Champ","ascension_level":17}