{"path_per_floor":["M","M","?","M","M","E","R","E","T","?","R","?","M","E","R"],"character_chosen":"THE_SILENT","items_purchased":[],"gold_per_floor":[114,127,127,141,161,196,196,227,310,310,310,410,433,474,474],"floor_reached":16,"campfire_rested":2,"playtime":984,"current_hp_per_floor":[58,58,58,58,55,32,53,27,27,27,48,48,43,36,36],"items_purged":[],"gold":474,"score":162,"play_id":"7191a70e-ec18-4e45-8daa-9cb2b1d9db4c","is_prod":false,"is_daily":false,"is_ascension_mode":true,"campfire_upgraded":0,"path_taken":["M","M","?","M","M","E","R","E","T","?","R","?","M","E","R","BOSS"],"build_version":"2018-02-15-PROD1","purchased_purges":0,"victory":false,"master_deck":["Defend_G","Defend_G","Defend_G","Defend_G","Defend_G","Strike_G","Strike_G","Strike_G","Strike_G","Strike_G","Survivor","Neutralize+1","Sucker Punch","Bullet Time","Well Laid Plans","Cloak And Dagger","Injury","Blur","All Out Attack"],"max_hp_per_floor":[70,70,70,70,70,70,70,70,70,70,70,70,70,70,70],"relics":["Black Star","Meat on the Bone","The Courier","Lantern","Bag of Marbles","Tiny Chest","Golden Idol","Shovel","Calipers","Regal Pillow"],"card_choices":[{"not_picked":["Poisoned Stab","Riddle With Holes"],"picked":"Sucker Punch"},{"not_picked":["Bane","Sucker Punch"],"picked":"Bullet Time"},{"not_picked":["Slice","Eviscerate"],"picked":"Well Laid Plans"},{"not_picked":["Sucker Punch","Poisoned Stab"],"picked":"Cloak And Dagger"},{"not_picked":["Dodge and Roll","Slice"],"picked":"Blur"},{"not_picked":["A Thousand Cuts","Poisoned Stab"],"picked":"All Out Attack"}],"player_experience":217291,"potions_floor_usage":[5,8,13,13,16],"damage_taken":[{"damage":5,"enemies":"Small Slimes","floor":1,"turns":5},{"damage":0,"enemies":"Jaw Worm","floor":2,"turns":5},{"damage":0,"enemies":"2 Louse","floor":4,"turns":3},{"damage":3,"enemies":"Looter","floor":5,"turns":4},{"damage":23,"enemies":"3 Sentries","floor":6,"turns":10},{"damage":38,"enemies":"Gremlin Nob","floor":8,"turns":6},{"damage":17,"enemies":"Large Slime","floor":13,"turns":7},{"damage":19,"enemies":"3 Sentries","floor":14,"turns":11},{"damage":30,"enemies":"The Guardian","floor":16,"turns":20}],"event_choices":[{"event_name":"Living Wall","player_choice":"Grow","floor":3,"damage_taken":0},{"event_name":"Golden Idol","player_choice":"Take Wound","floor":10,"damage_taken":0},{"event_name":"Golden Shrine","player_choice":"Pray","floor":12,"damage_taken":0}],"boss_relics":[],"potions_floor_spawned":[2,4,6,8,14],"seed_played":"-7914917185744788864","killed_by":"The Guardian","ascension_level":7,"is_trial":false}