{"gold_per_floor":[109,122,297,314,11,39,39,72,97,112,112,145,145,145,145,243,243,261,261,261,311,325,325,344,344,396,396,428,478,473,491,491,491],"floor_reached":33,"playtime":1275,"items_purged":["Doubt"],"score":450,"play_id":"7a8b9083-38c5-4e11-a540-3bebe5da4afb","local_time":"20180710174558","is_ascension_mode":true,"campfire_choices":[{"data":"Corruption","floor":7,"key":"SMITH"},{"floor":11,"key":"REST"},{"floor":15,"key":"REST"},{"data":"Rampage","floor":23,"key":"SMITH"},{"data":"Whirlwind","floor":25,"key":"SMITH"},{"data":"Iron Wave","floor":27,"key":"SMITH"},{"floor":32,"key":"REST"}],"neow_cost":"","seed_source_timestamp":900765916957779,"circlet_count":0,"master_deck":["Strike_R","Strike_R","Strike_R","Strike_R","Defend_R","Defend_R","Defend_R","Defend_R","Bash","AscendersBane","Wild Strike","Corruption+1","Shrug It Off","Rampage+1","Iron Wave+1","Flame Barrier","Pommel Strike","Armaments+1","Shockwave","Immolate","Whirlwind+1","Metallicize","Offering"],"relics":["Burning Blood","Bag of Marbles","Oddly Smooth Stone","Dream Catcher","Blood Vial","Juzu Bracelet","Sozu","SsserpentHead","Calipers","Ancient Tea Set","Happy Flower","Tiny Chest"],"potions_floor_usage":[6,12,16,18],"damage_taken":[{"damage":0,"enemies":"2 Louse","floor":1,"turns":3},{"damage":13,"enemies":"Jaw Worm","floor":2,"turns":4},{"damage":24,"enemies":"Cultist","floor":4,"turns":5},{"damage":23,"enemies":"3 Sentries","floor":6,"turns":7},{"damage":29,"enemies":"Lagavulin","floor":8,"turns":6},{"damage":0,"enemies":"2 Fungi Beasts","floor":10,"turns":5},{"damage":21,"enemies":"Gremlin Nob","floor":12,"turns":5},{"damage":31,"enemies":"Slime Boss","floor":16,"turns":16},{"damage":5,"enemies":"Spheric Guardian","floor":18,"turns":3},{"damage":2,"enemies":"Shell Parasite","floor":22,"turns":5},{"damage":15,"enemies":"Centurion and Healer","floor":24,"turns":4},{"damage":42,"enemies":"Gremlin Leader","floor":28,"turns":8},{"damage":5,"enemies":"Snake Plant","floor":31,"turns":4},{"damage":54,"enemies":"Automaton","floor":33,"turns":6}],"seed_played":"1323548681305269582","potions_obtained":[{"floor":4,"key":"Explosive Potion"},{"floor":6,"key":"SpeedPotion"},{"floor":12,"key":"SpeedPotion"},{"floor":16,"key":"SteroidPotion"}],"is_trial":false,"path_per_floor":["M","M","?","M","$","E","R","E","T","M","R","E","?","?","R","B",null,"M","?","?","?","M","R","M","R","T","R","E","?","?","M","R"],"character_chosen":"IRONCLAD","items_purchased":["Bag of Marbles","Rampage"],"campfire_rested":3,"item_purchase_floors":[5,5],"current_hp_per_floor":[78,71,71,53,53,36,36,13,13,21,45,32,32,25,49,26,67,70,55,55,55,61,61,54,54,54,54,20,20,20,23,48,0],"gold":491,"neow_bonus":"","is_prod":false,"is_daily":false,"chose_seed":false,"campfire_upgraded":4,"win_rate":0,"timestamp":1531259158,"path_taken":["M","M","?","M","$","E","R","E","T","M","R","E","?","?","R","BOSS","M","?","?","?","M","R","M","R","T","R","E","?","?","M","R","BOSS"],"build_version":"2018-07-05","purchased_purges":1,"victory":false,"max_hp_per_floor":[80,80,80,80,80,80,80,80,80,80,80,80,80,80,80,80,80,80,85,85,85,85,85,85,85,85,85,85,85,85,85,85,85],"card_choices":[{"not_picked":["Armaments","Iron Wave"],"picked":"Wild Strike","floor":1},{"not_picked":["Battle Trance","Combust"],"picked":"Corruption","floor":2},{"not_picked":["Wild Strike","Corruption"],"picked":"Shrug It Off","floor":4},{"not_picked":["Flex","Thunderclap"],"picked":"Iron Wave","floor":6},{"not_picked":["Uppercut","Juggernaut"],"picked":"Flame Barrier","floor":8},{"not_picked":["Havoc","Flex"],"picked":"Pommel Strike","floor":10},{"not_picked":["Headbutt","Disarm"],"picked":"Armaments","floor":11},{"not_picked":["Anger","Flex","Clothesline"],"picked":"SKIP","floor":12},{"not_picked":["Combust","Headbutt"],"picked":"Shockwave","floor":15},{"not_picked":["Reaper","Barricade"],"picked":"Immolate","floor":16},{"not_picked":["True Grit","Body Slam","Armaments"],"picked":"SKIP","floor":18},{"not_picked":["Armaments","Entrench","Body Slam"],"picked":"SKIP","floor":22},{"not_picked":["Headbutt","Uppercut"],"picked":"Whirlwind","floor":24},{"not_picked":["Anger","Havoc"],"picked":"Metallicize","floor":28},{"not_picked":["Anger","Combust"],"picked":"Offering","floor":31}],"player_experience":427103,"relics_obtained":[{"floor":6,"key":"Oddly Smooth Stone"},{"floor":8,"key":"Dream Catcher"},{"floor":9,"key":"Blood Vial"},{"floor":12,"key":"Juzu Bracelet"},{"floor":26,"key":"Ancient Tea Set"},{"floor":28,"key":"Happy Flower"}],"event_choices":[{"event_name":"Liars Game","player_choice":"agreed","floor":3,"damage_taken":0},{"event_name":"Living Wall","player_choice":"Grow","floor":13,"damage_taken":0},{"event_name":"Golden Wing","player_choice":"Card Removal","floor":14,"damage_taken":0},{"event_name":"Forgotten Altar","player_choice":"Shed Blood","floor":19,"damage_taken":0},{"event_name":"FaceTrader","player_choice":"Trade","floor":20,"damage_taken":0},{"event_name":"The Mausoleum","player_choice":"Yes","floor":21,"damage_taken":0},{"event_name":"The Woman in Blue","player_choice":"Bought 0 Potions","floor":29,"damage_taken":0},{"event_name":"Addict","player_choice":"Obtained Relic","floor":30,"damage_taken":0}],"boss_relics":[{"not_picked":["White Beast Statue","Mark of Pain"],"picked":"Sozu"}],"items_purged_floors":[5],"is_endless":false,"potions_floor_spawned":[4,6,12,16,24,28],"killed_by":"Automaton","ascension_level":12}