{"path_per_floor":["M","M","$","M","M","R","M","R","T","?","?","R","M","M","R"],"character_chosen":"IRONCLAD","items_purchased":["Regal Pillow"],"gold_per_floor":[216,229,8,26,40,40,53,53,132,156,215,215,229,241,241,241],"floor_reached":16,"campfire_rested":0,"playtime":1760,"current_hp_per_floor":[80,77,77,77,75,75,77,77,77,80,66,66,67,71,71,0],"items_purged":["Strike_R"],"gold":241,"score":94,"play_id":"d87bf58c-6f44-4f22-8fb4-1dba38b07aca","local_time":"20180519183859","is_prod":false,"is_daily":false,"chose_seed":false,"is_ascension_mode":false,"campfire_upgraded":4,"timestamp":1526751539,"campfire_choices":[{"data":"Cleave","floor":6,"key":"SMITH"},{"data":"Whirlwind","floor":8,"key":"SMITH"},{"data":"Entrench","floor":12,"key":"SMITH"},{"data":"Headbutt","floor":15,"key":"SMITH"}],"path_taken":["M","M","$","M","M","R","M","R","T","?","?","R","?","M","R","BOSS"],"build_version":"2018-05-17","seed_source_timestamp":44680297348602,"purchased_purges":1,"victory":false,"master_deck":["Strike_R","Strike_R","Strike_R","Strike_R","Defend_R","Defend_R","Defend_R","Defend_R","Bash","Cleave+1","Shrug It Off","Whirlwind+1","Flex","Entrench+1","Headbutt+1"],"max_hp_per_floor":[80,80,80,80,80,80,80,80,80,80,80,80,80,80,80,80],"relics":["Burning Blood","Regal Pillow","Shuriken","Odd Mushroom","Calipers"],"card_choices":[{"not_picked":["Havoc","Sword Boomerang","Dropkick"],"picked":"SKIP","floor":1},{"not_picked":["Burning Pact","Shockwave"],"picked":"Cleave","floor":2},{"not_picked":["Feel No Pain","Disarm","Havoc"],"picked":"SKIP","floor":4},{"not_picked":["Blood for Blood","Reckless Charge"],"picked":"Shrug It Off","floor":5},{"not_picked":["Anger","Shrug It Off"],"picked":"Whirlwind","floor":7},{"not_picked":["Warcry","Whirlwind"],"picked":"Flex","floor":10},{"not_picked":["Thunderclap","Wild Strike"],"picked":"Entrench","floor":11},{"not_picked":["Clothesline","Heavy Blade","Hemokinesis"],"picked":"SKIP","floor":13},{"not_picked":["Perfected Strike","Shrug It Off"],"picked":"Headbutt","floor":14}],"player_experience":77182,"potions_floor_usage":[13,14,14,16,16],"damage_taken":[{"damage":2,"enemies":"Small Slimes","floor":1,"turns":4},{"damage":9,"enemies":"2 Louse","floor":2,"turns":4},{"damage":6,"enemies":"Cultist","floor":4,"turns":3},{"damage":8,"enemies":"Blue Slaver","floor":5,"turns":5},{"damage":4,"enemies":"3 Louse","floor":7,"turns":3},{"damage":1,"enemies":"The Mushroom Lair","floor":10,"turns":2},{"damage":20,"enemies":"3 Sentries","floor":11,"turns":7},{"damage":5,"enemies":"Large Slime","floor":13,"turns":5},{"damage":2,"enemies":"Exordium Thugs","floor":14,"turns":3},{"damage":72,"enemies":"The Guardian","floor":16,"turns":13}],"relics_obtained":[{"floor":9,"key":"Shuriken"},{"floor":10,"key":"Odd Mushroom"},{"floor":11,"key":"Calipers"}],"event_choices":[{"event_name":"Mushrooms","player_choice":"Fought Mushrooms","floor":10,"damage_taken":0},{"event_name":"Dead Adventurer","player_choice":"Searched \u00272\u0027 times","floor":11,"damage_taken":0}],"boss_relics":[],"potions_floor_spawned":[5,7,11,13,14],"seed_played":"3459821673626231981","killed_by":"The Guardian","ascension_level":0,"potions_obtained":[{"floor":5,"key":"SkillPotion"},{"floor":7,"key":"Poison Potion"},{"floor":11,"key":"FearPotion"},{"floor":13,"key":"AttackPotion"},{"floor":14,"key":"SkillPotion"}],"is_trial":false}