{"gold_per_floor":[111,122,133,133,133,161,161,187,264,264],"floor_reached":10,"playtime":279,"items_purged":[],"score":110,"play_id":"caaed27c-22a0-494f-a7bf-62f4e58399a9","local_time":"20190211180642","is_ascension_mode":true,"campfire_choices":[{"data":"Zap","floor":7,"key":"SMITH"}],"neow_cost":"NONE","seed_source_timestamp":2163004789733606,"circlet_count":0,"master_deck":["Strike_B","Strike_B","Strike_B","Strike_B","Defend_B","Defend_B","Defend_B","Defend_B","Zap+1","Dualcast","Gash","Cold Snap","Ball Lightning","Steam Power","Coolheaded"],"relics":["Cracked Core","NeowsBlessing","Molten Egg 2","CultistMask","Art of War","Symbiotic Virus","Tiny Chest"],"potions_floor_usage":[8,8],"damage_taken":[{"damage":0,"enemies":"Small Slimes","floor":1,"turns":1},{"damage":0,"enemies":"Cultist","floor":2,"turns":1},{"damage":0,"enemies":"Jaw Worm","floor":3,"turns":1},{"damage":29,"enemies":"3 Sentries","floor":6,"turns":8},{"damage":23,"enemies":"Lagavulin","floor":8,"turns":4},{"damage":17,"enemies":"3 Sentries","floor":10,"turns":6}],"seed_played":"482561638242952183","potions_obtained":[{"floor":2,"key":"Poison Potion"},{"floor":6,"key":"AttackPotion"}],"is_trial":false,"path_per_floor":["M","M","M","?","?","E","R","E","T","E"],"character_chosen":"DEFECT","items_purchased":[],"campfire_rested":0,"item_purchase_floors":[],"current_hp_per_floor":[68,68,68,65,65,36,36,13,13,0],"gold":264,"neow_bonus":"THREE_ENEMY_KILL","is_prod":false,"is_daily":false,"chose_seed":false,"campfire_upgraded":1,"win_rate":0,"timestamp":1549926402,"path_taken":["M","M","M","?","?","E","R","E","T","E"],"build_version":"2019-01-23","purchased_purges":0,"victory":false,"max_hp_per_floor":[75,75,75,75,75,75,75,75,75,75],"card_choices":[{"not_picked":["Compile Driver","Undo"],"picked":"Gash","floor":1},{"not_picked":["Stack","Double Energy"],"picked":"Cold Snap","floor":2},{"not_picked":["Lockon","Sweeping Beam"],"picked":"Ball Lightning","floor":3},{"not_picked":["Reprogram","Heatsinks"],"picked":"Steam Power","floor":6},{"not_picked":["Streamline+1","Turbo"],"picked":"Coolheaded","floor":8}],"player_experience":272083,"relics_obtained":[{"floor":6,"key":"Art of War"},{"floor":8,"key":"Symbiotic Virus"},{"floor":9,"key":"Tiny Chest"}],"event_choices":[{"damage_healed":0,"gold_gain":0,"player_choice":"Success","damage_taken":3,"relics_obtained":["Molten Egg 2"],"max_hp_gain":0,"max_hp_loss":0,"event_name":"Scrap Ooze","floor":4,"gold_loss":0},{"damage_healed":0,"gold_gain":0,"player_choice":"Trade","damage_taken":0,"relics_obtained":["CultistMask"],"max_hp_gain":0,"max_hp_loss":0,"event_name":"FaceTrader","floor":5,"gold_loss":0}],"is_beta":false,"boss_relics":[],"items_purged_floors":[],"is_endless":false,"potions_floor_spawned":[2,6],"killed_by":"3 Sentries","ascension_level":9}