{"gold_per_floor":[15,15,31,93,112,143,143,157,157,188,188,75,104,15,15,15],"floor_reached":16,"playtime":617,"items_purged":["Injury"],"score":135,"play_id":"66fcb443-79de-49e2-86eb-7a2df7871a0e","local_time":"20190223163902","is_ascension_mode":true,"campfire_choices":[{"data":"Feed","floor":7,"key":"SMITH"},{"floor":15,"key":"REST"}],"neow_cost":"NO_GOLD","seed_source_timestamp":922506681368659,"circlet_count":0,"master_deck":["Strike_R","Strike_R","Strike_R","Strike_R","Strike_R","Defend_R","Defend_R","Defend_R","Defend_R","Bash","Feed+1","Corruption","Whirlwind","Havoc","Dark Embrace","Seeing Red","Limit Break","Infernal Blade","Rage","Shrug It Off","Metallicize"],"relics":["Burning Blood","Blood Vial","Bag of Marbles","Singing Bowl","Golden Idol","Odd Mushroom"],"potions_floor_usage":[6,6,6,13],"damage_taken":[{"damage":6,"enemies":"Jaw Worm","floor":1,"turns":5},{"damage":10,"enemies":"Cultist","floor":3,"turns":5},{"damage":6,"enemies":"2 Louse","floor":5,"turns":3},{"damage":21,"enemies":"Gremlin Nob","floor":6,"turns":5},{"damage":7,"enemies":"2 Fungi Beasts","floor":8,"turns":4},{"damage":45,"enemies":"Lagavulin","floor":10,"turns":8},{"damage":18,"enemies":"The Mushroom Lair","floor":13,"turns":4},{"damage":59,"enemies":"Slime Boss","floor":16,"turns":10}],"seed_played":"5383496438867463975","potions_obtained":[{"floor":1,"key":"SteroidPotion"},{"floor":2,"key":"EssenceOfSteel"},{"floor":2,"key":"Weak Potion"},{"floor":8,"key":"EssenceOfSteel"}],"is_trial":false,"path_per_floor":["M","?","M","?","M","E","R","M","T","E","?","$","?","$","R","B"],"character_chosen":"IRONCLAD","items_purchased":["Infernal Blade","Shrug It Off","Metallicize"],"campfire_rested":1,"item_purchase_floors":[12,14,14],"current_hp_per_floor":[83,83,82,82,82,67,67,72,72,35,35,35,29,29,57,0],"gold":15,"neow_bonus":"THREE_RARE_CARDS","is_prod":false,"is_daily":false,"chose_seed":false,"campfire_upgraded":1,"win_rate":0,"timestamp":1550957942,"path_taken":["M","?","?","?","M","E","R","M","T","E","?","$","?","$","R","BOSS"],"build_version":"2019-01-23","purchased_purges":1,"victory":false,"max_hp_per_floor":[83,83,86,86,86,86,86,90,90,90,90,90,94,94,94,94],"card_choices":[{"not_picked":["Bludgeon","Fiend Fire"],"picked":"Feed","floor":0},{"not_picked":["Iron Wave","Dropkick"],"picked":"Corruption","floor":1},{"not_picked":["Clash","Perfected Strike"],"picked":"Whirlwind","floor":3},{"not_picked":["Pommel Strike","Clash"],"picked":"Havoc","floor":5},{"not_picked":["Blood for Blood","Power Through"],"picked":"Dark Embrace","floor":6},{"not_picked":["Clash","Sword Boomerang"],"picked":"Seeing Red","floor":8},{"not_picked":["Entrench","Pummel"],"picked":"Limit Break","floor":10},{"not_picked":["Armaments","Havoc"],"picked":"Rage","floor":13}],"player_experience":347373,"relics_obtained":[{"floor":6,"key":"Blood Vial"},{"floor":9,"key":"Bag of Marbles"},{"floor":10,"key":"Singing Bowl"},{"floor":13,"key":"Odd Mushroom"}],"event_choices":[{"damage_healed":0,"gold_gain":0,"player_choice":"Got Potions","damage_taken":0,"max_hp_gain":0,"max_hp_loss":0,"event_name":"Lab","floor":2,"gold_loss":0},{"damage_healed":0,"gold_gain":62,"player_choice":"Gained Gold","damage_taken":0,"max_hp_gain":0,"max_hp_loss":0,"event_name":"Golden Wing","floor":4,"gold_loss":0},{"damage_healed":0,"gold_gain":0,"player_choice":"Take Wound","damage_taken":0,"relics_obtained":["Golden Idol"],"max_hp_gain":0,"max_hp_loss":0,"event_name":"Golden Idol","floor":11,"gold_loss":0,"cards_obtained":["Injury"]},{"damage_healed":0,"gold_gain":0,"player_choice":"Fought Mushrooms","damage_taken":0,"max_hp_gain":0,"max_hp_loss":0,"event_name":"Mushrooms","floor":13,"gold_loss":0}],"is_beta":false,"boss_relics":[],"items_purged_floors":[12],"is_endless":false,"potions_floor_spawned":[1,5,8],"killed_by":"Slime Boss","ascension_level":5}