{"gold_per_floor":[113,133,133,157,157,195,214,230,287,287,326,347,62,76,76,201,201,215,240,254,277,277,321,321,354,381,381,402,402],"floor_reached":29,"playtime":1402,"items_purged":[],"score":405,"play_id":"8c484eb1-2563-4fd0-8368-c33a55792f93","local_time":"20190215152234","is_ascension_mode":true,"campfire_choices":[{"floor":10,"key":"REST"},{"floor":15,"key":"REST"},{"floor":24,"key":"REST"},{"floor":27,"key":"REST"}],"neow_cost":"NONE","seed_source_timestamp":225929077441869,"circlet_count":0,"master_deck":["Defend_G","Defend_G","Defend_G","Defend_G","Defend_G","Strike_G","Survivor","Neutralize","Sucker Punch","Backflip","Escape Plan","Bouncing Flask","Poisoned Stab","Malaise","PiercingWail","Metamorphosis","Well Laid Plans","PiercingWail","Cloak And Dagger","Die Die Die","Dagger Spray+1","Die Die Die+1","Outmaneuver+1","Leg Sweep+1","Dagger Throw+1","Escape Plan","Calculated Gamble","Envenom","Reflex"],"relics":["Fusion Hammer","Golden Idol","Girya","Tiny Chest","Omamori","Astrolabe","Oddly Smooth Stone","Art of War","Snake Skull"],"potions_floor_usage":[6,8,16,16,25,25,29],"damage_taken":[{"damage":0,"enemies":"Cultist","floor":1,"turns":5},{"damage":0,"enemies":"Jaw Worm","floor":2,"turns":4},{"damage":5,"enemies":"Small Slimes","floor":4,"turns":3},{"damage":38,"enemies":"Gremlin Nob","floor":6,"turns":9},{"damage":2,"enemies":"3 Louse","floor":7,"turns":4},{"damage":0,"enemies":"Blue Slaver","floor":8,"turns":3},{"damage":4,"enemies":"Lagavulin","floor":11,"turns":11},{"damage":0,"enemies":"Looter","floor":12,"turns":3},{"damage":3,"enemies":"Red Slaver","floor":14,"turns":4},{"damage":25,"enemies":"The Guardian","floor":16,"turns":12},{"damage":7,"enemies":"2 Thieves","floor":18,"turns":3},{"damage":6,"enemies":"Chosen","floor":19,"turns":5},{"damage":7,"enemies":"Snecko","floor":20,"turns":7},{"damage":16,"enemies":"Snake Plant","floor":21,"turns":6},{"damage":37,"enemies":"Slavers","floor":23,"turns":6},{"damage":19,"enemies":"Book of Stabbing","floor":25,"turns":7},{"damage":24,"enemies":"Cultist and Chosen","floor":28,"turns":9},{"damage":6,"enemies":"Gremlin Leader","floor":29,"turns":3}],"seed_played":"7341990500157038162","potions_obtained":[{"floor":1,"key":"SkillPotion"},{"floor":6,"key":"Block Potion"},{"floor":11,"key":"PowerPotion"},{"floor":14,"key":"LiquidBronze"},{"floor":16,"key":"Strength Potion"},{"floor":18,"key":"PowerPotion"},{"floor":28,"key":"GhostInAJar"}],"is_trial":false,"path_per_floor":["M","M","?","M","?","E","M","M","T","R","E","M","$","M","R","B",null,"M","M","M","M","?","E","R","E","T","R","M","E"],"character_chosen":"THE_SILENT","items_purchased":["Metamorphosis","Well Laid Plans","PiercingWail"],"campfire_rested":4,"item_purchase_floors":[13,13,13],"current_hp_per_floor":[63,63,46,41,41,3,1,1,1,22,18,18,18,15,36,11,55,48,42,35,19,42,5,26,7,7,28,4,0],"gold":402,"neow_bonus":"BOSS_RELIC","is_prod":false,"is_daily":false,"chose_seed":false,"campfire_upgraded":0,"win_rate":0,"timestamp":1550262154,"path_taken":["M","M","?","M","?","E","M","?","T","R","E","M","$","M","R","BOSS","M","M","M","M","?","E","R","E","T","R","M","E"],"build_version":"2019-01-23","purchased_purges":0,"victory":false,"max_hp_per_floor":[70,70,70,70,70,70,70,70,70,70,70,70,70,70,70,70,70,70,70,70,70,70,70,70,70,70,70,70,70],"card_choices":[{"not_picked":["Eviscerate","Blade Dance"],"picked":"Sucker Punch","floor":1},{"not_picked":["Backstab","Infinite Blades"],"picked":"Backflip","floor":2},{"not_picked":["Flechettes","Predator"],"picked":"Escape Plan","floor":4},{"not_picked":["Finisher","Blade Dance"],"picked":"Bouncing Flask","floor":6},{"not_picked":["Dagger Throw","Quick Slash"],"picked":"Poisoned Stab","floor":7},{"not_picked":["Infinite Blades","All Out Attack"],"picked":"Malaise","floor":8},{"not_picked":["Flying Knee","Sucker Punch"],"picked":"PiercingWail","floor":11},{"not_picked":["Bane","Dagger Throw","Storm of Steel"],"picked":"SKIP","floor":12},{"not_picked":["Quick Slash","Dagger Spray"],"picked":"Cloak And Dagger","floor":14},{"not_picked":["Bullet Time","Unload"],"picked":"Die Die Die","floor":16},{"not_picked":["Infinite Blades","Bane"],"picked":"Leg Sweep+1","floor":18},{"not_picked":["Accuracy","Flechettes"],"picked":"Dagger Throw+1","floor":19},{"not_picked":["Endless Agony","Blade Dance","Dodge and Roll"],"picked":"SKIP","floor":20},{"not_picked":["Dodge and Roll","Quick Slash"],"picked":"Escape Plan","floor":21},{"not_picked":["Slice","Flying Knee"],"picked":"Calculated Gamble","floor":23},{"not_picked":["Endless Agony","Die Die Die"],"picked":"Envenom","floor":25},{"not_picked":["Endless Agony","Blade Dance+1"],"picked":"Reflex","floor":28}],"player_experience":293026,"relics_obtained":[{"floor":6,"key":"Girya"},{"floor":9,"key":"Tiny Chest"},{"floor":11,"key":"Omamori"},{"floor":23,"key":"Oddly Smooth Stone"},{"floor":25,"key":"Art of War"},{"floor":26,"key":"Snake Skull"}],"event_choices":[{"damage_healed":0,"gold_gain":0,"player_choice":"Take Damage","damage_taken":17,"relics_obtained":["Golden Idol"],"max_hp_gain":0,"max_hp_loss":0,"event_name":"Golden Idol","floor":3,"gold_loss":0},{"cards_removed":["Strike_G"],"damage_healed":0,"gold_gain":0,"player_choice":"Offered Basic","damage_taken":0,"max_hp_gain":0,"max_hp_loss":0,"event_name":"Bonfire Elementals","floor":5,"gold_loss":0},{"damage_healed":23,"gold_gain":0,"player_choice":"Heal","damage_taken":0,"max_hp_gain":0,"max_hp_loss":0,"event_name":"The Library","floor":22,"gold_loss":0}],"is_beta":false,"boss_relics":[{"not_picked":["Philosopher\u0027s Stone","Eternal Feather"],"picked":"Astrolabe"}],"items_purged_floors":[],"is_endless":false,"potions_floor_spawned":[1,6,11,14,16,18,28],"killed_by":"Gremlin Leader","ascension_level":9}