{"gold_per_floor":[112,112,112,127,127,127,159,159,183,214,214,224,224,11,11,110,110,120,170,1,51,61,61,76,76,76,105,117,136,165,176,176,274,274,293,308,319,37,53,53,103,103,126,143,160,210,8,33,33,33],"floor_reached":51,"playtime":10682,"items_purged":["Strike_R","Strike_R","Strike_R+1","Strike_R+1"],"score":838,"play_id":"bb7663b4-c6dc-419c-b955-5f1b209488e1","local_time":"20190518130419","is_ascension_mode":true,"campfire_choices":[{"floor":6,"key":"REST"},{"floor":8,"key":"REST"},{"floor":11,"key":"REST"},{"data":"Limit Break","floor":13,"key":"SMITH"},{"data":"Heavy Blade","floor":15,"key":"SMITH"},{"data":"Feed","floor":23,"key":"SMITH"},{"data":"Panacea","floor":25,"key":"SMITH"},{"data":"Dual Wield","floor":32,"key":"SMITH"},{"data":"Madness","floor":40,"key":"SMITH"},{"data":"Limit Break","floor":42,"key":"SMITH"},{"data":"Shrug It Off","floor":49,"key":"SMITH"}],"neow_cost":"PERCENT_DAMAGE","seed_source_timestamp":90853781550172,"circlet_count":0,"master_deck":["Strike_R+1","Defend_R+1","Defend_R+1","Defend_R+1","Defend_R+1","Bash+1","Battle Trance","Limit Break+1","Panacea+1","Heavy Blade+1","Feed+1","Metallicize","Entrench+1","Ghostly Armor+1","Limit Break+1","Headbutt+1","Dual Wield+1","Madness+1","Metallicize","Flex+1","Disarm+1","Madness","Madness","Purity","Shrug It Off+1"],"relics":["Burning Blood","Torii","Sundial","SsserpentHead","Bag of Preparation","Vajra","Anchor","Coffee Dripper","Blood Vial","Prayer Wheel","Potion Belt","Busted Crown","Omamori","Meat on the Bone"],"potions_floor_usage":[16,18,27,35,35,35,39,48,50],"damage_taken":[{"damage":2,"enemies":"Cultist","floor":1,"turns":4},{"damage":2,"enemies":"2 Louse","floor":4,"turns":4},{"damage":33,"enemies":"Gremlin Nob","floor":7,"turns":5},{"damage":42,"enemies":"Lagavulin","floor":10,"turns":7},{"damage":0,"enemies":"Small Slimes","floor":12,"turns":3},{"damage":0,"enemies":"Slime Boss","floor":16,"turns":6},{"damage":11,"enemies":"2 Thieves","floor":18,"turns":3},{"damage":0,"enemies":"Chosen","floor":22,"turns":4},{"damage":1,"enemies":"Shelled Parasite and Fungi","floor":24,"turns":7},{"damage":8,"enemies":"Book of Stabbing","floor":27,"turns":6},{"damage":2,"enemies":"Sentry and Sphere","floor":28,"turns":8},{"damage":8,"enemies":"3 Cultists","floor":29,"turns":5},{"damage":2,"enemies":"Slavers","floor":30,"turns":7},{"damage":1,"enemies":"Centurion and Healer","floor":31,"turns":5},{"damage":8,"enemies":"Champ","floor":33,"turns":9},{"damage":20,"enemies":"3 Darklings","floor":35,"turns":6},{"damage":0,"enemies":"Orb Walker","floor":36,"turns":3},{"damage":1,"enemies":"3 Darklings","floor":37,"turns":5},{"damage":32,"enemies":"Transient","floor":39,"turns":5},{"damage":11,"enemies":"Jaw Worm Horde","floor":44,"turns":5},{"damage":0,"enemies":"Spire Growth","floor":45,"turns":2},{"damage":40,"enemies":"Reptomancer","floor":48,"turns":9},{"damage":30,"enemies":"Donu and Deca","floor":50,"turns":8}],"seed_played":"-2673734258802825588","potions_obtained":[{"floor":10,"key":"Strength Potion"},{"floor":12,"key":"Dexterity Potion"},{"floor":22,"key":"Block Potion"},{"floor":27,"key":"PowerPotion"},{"floor":28,"key":"Swift Potion"},{"floor":33,"key":"Swift Potion"},{"floor":36,"key":"GamblersBrew"},{"floor":39,"key":"Poison Potion"},{"floor":45,"key":"EssenceOfSteel"},{"floor":48,"key":"SpeedPotion"}],"is_trial":false,"path_per_floor":["M","?","?","M","?","R","E","R","T","E","R","M","R","$","R","B",null,"M","?","$","?","M","R","M","R","T","E","M","M","E","M","R","B",null,"M","M","M","$","M","R","?","R","T","M","M","?","$","E","R","B",null],"character_chosen":"IRONCLAD","items_purchased":["Panacea","Heavy Blade","Metallicize","Madness","Metallicize","Shrug It Off"],"campfire_rested":3,"item_purchase_floors":[14,14,20,38,38,47],"current_hp_per_floor":[60,35,35,39,39,63,36,60,60,24,48,54,54,54,54,60,80,78,62,62,62,71,71,80,80,80,80,90,94,104,111,111,109,111,97,105,111,111,85,85,71,71,71,72,84,84,84,52,52,42],"gold":33,"neow_bonus":"ONE_RARE_RELIC","is_prod":false,"is_daily":false,"chose_seed":false,"campfire_upgraded":8,"win_rate":0,"timestamp":1558181059,"path_taken":["M","?","?","M","?","R","E","R","T","E","R","M","R","$","R","BOSS","M","?","$","?","M","R","M","R","T","E","M","M","E","M","R","BOSS","M","M","M","$","M","R","?","R","T","M","M","?","$","E","R","BOSS"],"build_version":"2019-01-23","purchased_purges":4,"victory":true,"max_hp_per_floor":[80,80,80,80,80,80,80,80,80,80,80,80,80,80,80,80,80,83,88,88,88,91,91,95,95,95,95,99,103,107,111,111,111,111,111,111,111,111,111,111,111,111,111,115,119,119,119,119,119,119],"card_choices":[{"not_picked":["Havoc","Perfected Strike","Armaments"],"picked":"SKIP","floor":1},{"not_picked":["Twin Strike","Sword Boomerang","Body Slam"],"picked":"SKIP","floor":4},{"not_picked":["Twin Strike","Thunderclap"],"picked":"Battle Trance","floor":7},{"not_picked":["Clash","Inflame"],"picked":"Limit Break","floor":10},{"not_picked":["Thunderclap","Havoc","Clash"],"picked":"SKIP","floor":12},{"not_picked":["Dark Embrace","Impervious"],"picked":"Feed","floor":16},{"not_picked":["Warcry","Evolve","Wild Strike"],"picked":"SKIP","floor":18},{"not_picked":["Cleave","Warcry"],"picked":"Entrench+1","floor":22},{"not_picked":["Evolve","Clothesline"],"picked":"Ghostly Armor+1","floor":24},{"not_picked":["Shrug It Off+1","Anger"],"picked":"Limit Break","floor":27},{"not_picked":["Dropkick","Anger","Rupture"],"picked":"SKIP","floor":28},{"not_picked":["Uppercut","Perfected Strike","Twin Strike+1"],"picked":"SKIP","floor":28},{"not_picked":["Body Slam","Pommel Strike","Havoc"],"picked":"SKIP","floor":29},{"not_picked":["Body Slam","Sword Boomerang","True Grit"],"picked":"SKIP","floor":29},{"not_picked":["Dark Embrace","Infernal Blade+1"],"picked":"Headbutt+1","floor":30},{"not_picked":["True Grit","Wild Strike+1"],"picked":"Dual Wield","floor":31},{"not_picked":["Dual Wield","Sever Soul+1","Thunderclap"],"picked":"SKIP","floor":31},{"not_picked":["Twin Strike"],"picked":"SKIP","floor":35},{"not_picked":["Infernal Blade+1"],"picked":"SKIP","floor":35},{"not_picked":["Clothesline+1"],"picked":"SKIP","floor":36},{"not_picked":["Sentinel"],"picked":"SKIP","floor":36},{"not_picked":["Headbutt"],"picked":"SKIP","floor":37},{"not_picked":["Havoc"],"picked":"SKIP","floor":37},{"not_picked":[],"picked":"Flex+1","floor":39},{"not_picked":[],"picked":"Disarm+1","floor":39},{"not_picked":["Perfected Strike+1"],"picked":"SKIP","floor":44},{"not_picked":["Evolve"],"picked":"SKIP","floor":44},{"not_picked":["Wild Strike"],"picked":"SKIP","floor":45},{"not_picked":["Rupture+1"],"picked":"SKIP","floor":45},{"not_picked":["Wild Strike"],"picked":"SKIP","floor":45},{"not_picked":["Rupture+1"],"picked":"SKIP","floor":45},{"not_picked":[],"picked":"Purity","floor":46},{"not_picked":["Clothesline"],"picked":"SKIP","floor":48}],"player_experience":497646,"relics_obtained":[{"floor":7,"key":"Bag of Preparation"},{"floor":9,"key":"Vajra"},{"floor":10,"key":"Anchor"},{"floor":26,"key":"Blood Vial"},{"floor":27,"key":"Prayer Wheel"},{"floor":30,"key":"Potion Belt"},{"floor":43,"key":"Omamori"},{"floor":48,"key":"Meat on the Bone"}],"event_choices":[{"damage_healed":0,"gold_gain":0,"player_choice":"Success","damage_taken":25,"relics_obtained":["Sundial"],"max_hp_gain":0,"max_hp_loss":0,"event_name":"Scrap Ooze","floor":2,"gold_loss":0},{"damage_healed":0,"gold_gain":0,"player_choice":"Grow","damage_taken":0,"max_hp_gain":0,"max_hp_loss":0,"event_name":"Living Wall","floor":3,"gold_loss":0,"cards_upgraded":["Bash"]},{"damage_healed":0,"gold_gain":0,"player_choice":"Trade","damage_taken":0,"relics_obtained":["SsserpentHead"],"max_hp_gain":0,"max_hp_loss":0,"event_name":"FaceTrader","floor":5,"gold_loss":0},{"damage_healed":0,"gold_gain":0,"player_choice":"Shed Blood","damage_taken":21,"max_hp_gain":5,"max_hp_loss":0,"event_name":"Forgotten Altar","floor":19,"gold_loss":0},{"damage_healed":0,"gold_gain":0,"player_choice":"Simplicity","damage_taken":0,"max_hp_gain":0,"max_hp_loss":0,"event_name":"Back to Basics","floor":21,"gold_loss":0,"cards_upgraded":["Strike_R","Strike_R","Strike_R","Defend_R","Defend_R","Defend_R","Defend_R"]},{"damage_healed":0,"gold_gain":0,"player_choice":"Embrace Madness","damage_taken":14,"max_hp_gain":0,"max_hp_loss":0,"event_name":"Winding Halls","floor":41,"gold_loss":0,"cards_obtained":["Madness","Madness"]},{"damage_healed":0,"gold_gain":0,"player_choice":"Memory 1","damage_taken":0,"max_hp_gain":0,"max_hp_loss":0,"event_name":"SensoryStone","floor":46,"gold_loss":0}],"is_beta":false,"boss_relics":[{"not_picked":["Runic Dome","Cursed Key"],"picked":"Coffee Dripper"},{"not_picked":["Empty Cage","Tiny House"],"picked":"Busted Crown"}],"items_purged_floors":[14,20,38,47],"is_endless":false,"potions_floor_spawned":[10,12,22,27,28,33,36,39,45,48],"ascension_level":1}