{"gold_per_floor":[115,131,142,142,155,155,190,202,202,237,25,44,44,55,55,130,130,87,12,31,31],"floor_reached":21,"playtime":910,"items_purged":[],"score":386,"play_id":"75892b59-c518-4400-8743-2ef2da387646","local_time":"20181027090832","is_ascension_mode":true,"campfire_choices":[{"data":"All Out Attack","floor":6,"key":"SMITH"},{"floor":13,"key":"REST"},{"data":"Terror","floor":15,"key":"SMITH"}],"neow_cost":"NONE","seed_source_timestamp":1514734269441012,"circlet_count":0,"master_deck":["Defend_G","Defend_G","Defend_G","Defend_G","Defend_G","Strike_G","Strike_G","Strike_G","Survivor","Neutralize","AscendersBane","Leg Sweep","Dagger Throw","PiercingWail","All Out Attack+1","Flying Knee","Flechettes","Quick Slash","Escape Plan","Terror+1","Wraith Form v2","Deflect+1","Prepared"],"relics":["Ring of the Serpent","StoneCalendar","Oddly Smooth Stone","MawBank","ClockworkSouvenir"],"potions_floor_usage":[7,10,10,16,16,21],"damage_taken":[{"damage":0,"enemies":"Jaw Worm","floor":1,"turns":9},{"damage":0,"enemies":"Cultist","floor":2,"turns":5},{"damage":6,"enemies":"2 Louse","floor":3,"turns":4},{"damage":5,"enemies":"Red Slaver","floor":5,"turns":5},{"damage":30,"enemies":"Lagavulin","floor":7,"turns":8},{"damage":0,"enemies":"3 Louse","floor":8,"turns":1},{"damage":12,"enemies":"3 Sentries","floor":10,"turns":6},{"damage":2,"enemies":"Looter","floor":12,"turns":3},{"damage":0,"enemies":"Blue Slaver","floor":14,"turns":4},{"damage":9,"enemies":"Slime Boss","floor":16,"turns":7},{"damage":25,"enemies":"2 Thieves","floor":18,"turns":5},{"damage":6,"enemies":"Shell Parasite","floor":20,"turns":5},{"damage":16,"enemies":"Sentry and Sphere","floor":21,"turns":6}],"seed_played":"2471732777637373321","potions_obtained":[{"floor":1,"key":"Fire Potion"},{"floor":7,"key":"Dexterity Potion"},{"floor":8,"key":"FearPotion"},{"floor":12,"key":"AttackPotion"},{"floor":14,"key":"GamblersBrew"},{"floor":18,"key":"Swift Potion"}],"is_trial":false,"path_per_floor":["M","M","M","?","M","R","E","M","T","E","$","M","R","M","R","B",null,"M","?","M"],"character_chosen":"THE_SILENT","items_purchased":["ClockworkSouvenir"],"campfire_rested":1,"item_purchase_floors":[11],"current_hp_per_floor":[59,59,53,53,48,48,18,18,18,6,6,4,23,23,23,14,53,28,28,22,6],"gold":31,"neow_bonus":"THREE_CARDS","is_prod":false,"is_daily":false,"chose_seed":false,"campfire_upgraded":2,"win_rate":0,"timestamp":1540645712,"path_taken":["M","M","M","?","?","R","E","M","T","E","$","M","R","M","R","BOSS","M","?","M","M"],"build_version":"2018-10-25v2","purchased_purges":0,"victory":false,"max_hp_per_floor":[66,66,66,66,66,66,66,66,66,66,66,66,66,66,66,66,66,66,66,66,66],"card_choices":[{"not_picked":["Slice","Underhanded Strike"],"picked":"Leg Sweep","floor":0},{"not_picked":["Caltrops","Flying Knee"],"picked":"Dagger Throw","floor":1},{"not_picked":["Bane","Endless Agony"],"picked":"PiercingWail","floor":2},{"not_picked":["Dodge and Roll","Backflip"],"picked":"All Out Attack","floor":3},{"not_picked":["Doppelganger","Sucker Punch"],"picked":"Flying Knee","floor":5},{"not_picked":["Crippling Poison","Grand Finale"],"picked":"Flechettes","floor":7},{"not_picked":["Sucker Punch","Crippling Poison","Flying Knee"],"picked":"SKIP","floor":8},{"not_picked":["Burst","Reflex"],"picked":"Quick Slash","floor":10},{"not_picked":["Distraction","Outmaneuver"],"picked":"Escape Plan","floor":12},{"not_picked":["Dagger Throw","Cloak And Dagger"],"picked":"Terror","floor":14},{"not_picked":["Storm of Steel","Burst"],"picked":"Wraith Form v2","floor":16},{"not_picked":["Skewer","Well Laid Plans"],"picked":"Deflect+1","floor":18},{"not_picked":["Sucker Punch","Deadly Poison"],"picked":"Prepared","floor":20}],"player_experience":840455,"relics_obtained":[{"floor":7,"key":"StoneCalendar"},{"floor":9,"key":"Oddly Smooth Stone"},{"floor":10,"key":"MawBank"}],"event_choices":[{"cards_removed":["Strike_G"],"damage_healed":0,"gold_gain":0,"player_choice":"Offered Basic","damage_taken":0,"max_hp_gain":0,"max_hp_loss":0,"event_name":"Bonfire Elementals","floor":4,"gold_loss":0},{"cards_removed":["Strike_G"],"damage_healed":0,"gold_gain":0,"player_choice":"Gave Gold","damage_taken":0,"max_hp_gain":0,"max_hp_loss":0,"event_name":"Beggar","floor":19,"gold_loss":75}],"is_beta":false,"boss_relics":[{"not_picked":["Tiny House","Calling Bell"],"picked":"Ring of the Serpent"}],"items_purged_floors":[],"is_endless":false,"potions_floor_spawned":[1,7,8,12,14,18],"killed_by":"Sentry and Sphere","ascension_level":20}