{"gold_per_floor":[111,111,126,126,142,170,170,185,185,218,0,13,13,46,46,149,149,159,159,8,188,202,202],"floor_reached":23,"playtime":1085,"items_purged":["Strike_G"],"score":209,"play_id":"2846b84b-997d-4094-adf7-c3c44958d7ba","local_time":"20190520142642","is_ascension_mode":false,"campfire_choices":[{"floor":7,"key":"REST"},{"floor":15,"key":"REST"}],"neow_cost":"NONE","seed_source_timestamp":336178585032600,"circlet_count":0,"master_deck":["Defend_G","Defend_G","Defend_G","Defend_G","Defend_G","Strike_G","Strike_G","Strike_G","Strike_G","Survivor","Neutralize","Catalyst","Dash","Dagger Spray","Dagger Spray","Poisoned Stab","Deadly Poison+1","Flying Knee","Terror","Adrenaline","Bouncing Flask","Envenom","Noxious Fumes","Catalyst"],"relics":["Ring of the Snake","NeowsBlessing","Sundial","Calipers","Girya","Boot","TwistedFunnel","Nunchaku","Orrery"],"potions_floor_usage":[16,23],"damage_taken":[{"damage":0,"enemies":"Jaw Worm","floor":1,"turns":1},{"damage":0,"enemies":"Small Slimes","floor":3,"turns":1},{"damage":0,"enemies":"2 Louse","floor":5,"turns":1},{"damage":37,"enemies":"Lagavulin","floor":6,"turns":11},{"damage":6,"enemies":"Gremlin Gang","floor":8,"turns":3},{"damage":17,"enemies":"3 Sentries","floor":10,"turns":8},{"damage":0,"enemies":"Looter","floor":12,"turns":3},{"damage":1,"enemies":"Gremlin Nob","floor":14,"turns":3},{"damage":35,"enemies":"Slime Boss","floor":16,"turns":4},{"damage":17,"enemies":"2 Thieves","floor":18,"turns":3},{"damage":22,"enemies":"Shell Parasite","floor":22,"turns":4},{"damage":39,"enemies":"Snake Plant","floor":23,"turns":3}],"seed_played":"-9042550632353680994","potions_obtained":[{"floor":1,"key":"Fire Potion"},{"floor":5,"key":"SkillPotion"},{"floor":6,"key":"SpeedPotion"},{"floor":14,"key":"GhostInAJar"},{"floor":18,"key":"Regen Potion"}],"is_trial":false,"path_per_floor":["M","?","M","$","M","E","R","M","T","E","$","M","?","E","R","B",null,"M","?","$","?","M","M"],"character_chosen":"THE_SILENT","items_purchased":["TwistedFunnel","Deadly Poison","Noxious Fumes"],"campfire_rested":2,"item_purchase_floors":[11,11,20],"current_hp_per_floor":[70,63,63,63,63,26,47,41,41,24,24,24,24,23,44,9,70,53,70,70,49,27,0],"gold":202,"neow_bonus":"THREE_ENEMY_KILL","is_prod":false,"is_daily":false,"chose_seed":false,"campfire_upgraded":0,"win_rate":0,"timestamp":1558391202,"path_taken":["M","?","M","?","M","E","R","M","T","E","$","?","?","E","R","BOSS","M","?","$","?","?","M"],"build_version":"2019-01-23","purchased_purges":1,"victory":false,"max_hp_per_floor":[70,70,70,70,70,70,70,70,70,70,70,70,70,70,70,70,70,70,70,70,70,70,70],"card_choices":[{"not_picked":["Masterful Stab","Concentrate"],"picked":"Catalyst","floor":1},{"not_picked":["Bane","Flying Knee"],"picked":"Dash","floor":3},{"not_picked":["Acrobatics","PiercingWail","Choke"],"picked":"SKIP","floor":5},{"not_picked":["Catalyst","Slice"],"picked":"Dagger Spray","floor":6},{"not_picked":["Outmaneuver","Setup"],"picked":"Dagger Spray","floor":8},{"not_picked":["Footwork","Outmaneuver"],"picked":"Poisoned Stab","floor":10},{"not_picked":["Escape Plan","Backflip"],"picked":"Flying Knee","floor":12},{"not_picked":["Flechettes","Wraith Form v2"],"picked":"Terror","floor":14},{"not_picked":["Tools of the Trade","Storm of Steel"],"picked":"Adrenaline","floor":16},{"not_picked":["Deadly Poison","Bane"],"picked":"Bouncing Flask","floor":17},{"not_picked":["Backflip","Tactician"],"picked":"Envenom","floor":18},{"not_picked":["Bane","Slice+1"],"picked":"Catalyst","floor":22}],"player_experience":356287,"relics_obtained":[{"floor":6,"key":"Calipers"},{"floor":9,"key":"Girya"},{"floor":10,"key":"Boot"},{"floor":14,"key":"Nunchaku"}],"event_choices":[{"damage_healed":0,"gold_gain":0,"player_choice":"Success","damage_taken":7,"relics_obtained":["Sundial"],"max_hp_gain":0,"max_hp_loss":0,"event_name":"Scrap Ooze","floor":2,"gold_loss":0},{"damage_healed":0,"gold_gain":0,"player_choice":"Grow","damage_taken":0,"max_hp_gain":0,"max_hp_loss":0,"event_name":"Living Wall","floor":13,"gold_loss":0,"cards_upgraded":["Deadly Poison"]},{"damage_healed":23,"gold_gain":0,"player_choice":"Heal","damage_taken":0,"max_hp_gain":0,"max_hp_loss":0,"event_name":"The Library","floor":19,"gold_loss":0},{"damage_healed":0,"gold_gain":180,"player_choice":"GOLD GOLD ","damage_taken":21,"max_hp_gain":0,"max_hp_loss":0,"event_name":"Knowing Skull","floor":21,"potions_obtained":[],"gold_loss":0,"cards_obtained":[]}],"is_beta":false,"boss_relics":[{"not_picked":["Fusion Hammer","Cursed Key"],"picked":"Orrery"}],"items_purged_floors":[20],"is_endless":false,"potions_floor_spawned":[1,5,6,10,14,18],"killed_by":"Snake Plant","ascension_level":0}