{"path_per_floor":["M","?","M","M","?","R","E","R","T","M","M","M","M","M","R","B",null,"M","$","?","M","?","R","E","R","T","M","$","R","M","?","R"],"character_chosen":"IRONCLAD","items_purchased":["Apotheosis","Impervious","Shrug It Off"],"gold_per_floor":[210,160,171,184,284,284,318,318,318,336,306,325,336,346,346,446,446,460,69,69,56,56,56,83,83,83,98,73,73,83,83,83],"floor_reached":33,"campfire_rested":1,"playtime":3052,"current_hp_per_floor":[80,80,79,75,75,75,31,31,31,23,29,30,25,33,57,22,80,80,80,64,48,48,48,17,17,17,25,25,25,26,26,26],"items_purged":["Strike_R"],"gold":83,"play_id":"252d7137-d55b-49f2-bd8e-8e1c5ac67644","is_prod":false,"is_daily":false,"is_ascension_mode":false,"campfire_upgraded":3,"path_taken":["M","?","?","?","?","R","E","R","T","M","M","M","M","M","R","BOSS","M","$","?","M","?","R","E","R","T","M","?","R","M","?","R","BOSS"],"build_version":"2018-01-25-PROD3","purchased_purges":1,"victory":false,"master_deck":["Strike_R","Strike_R","Strike_R","Strike_R","Defend_R","Defend_R","Defend_R","Defend_R","Armaments+1","Barricade+1","Shrug It Off","Battle Trance","Twin Strike","Rampage","Fiend Fire+1","Apotheosis+1","Impervious","Necronomicurse","Heavy Blade","Headbutt","Shrug It Off"],"max_hp_per_floor":[80,80,80,80,80,80,80,80,80,80,80,80,80,80,80,80,80,80,80,80,80,80,80,80,80,80,80,80,80,80,80,80],"relics":["Burning Blood","Bird Faced Urn","Gremlin Horn","Sozu","Necronomicon","Girya","Shovel","Orichalcum","Pantograph"],"card_choices":[{"not_picked":["Thunderclap","Bloodletting"],"picked":"Armaments"},{"not_picked":["Headbutt","Heavy Blade"],"picked":"Barricade"},{"not_picked":["Thunderclap","Cleave"],"picked":"Shrug It Off"},{"not_picked":["Sword Boomerang","Warcry"],"picked":"Battle Trance"},{"not_picked":["Disarm","Clash"],"picked":"Twin Strike"},{"not_picked":["Iron Wave","Warcry"],"picked":"Rampage"},{"not_picked":["Feed","Bludgeon"],"picked":"Fiend Fire"},{"not_picked":["Feel No Pain","Combust"],"picked":"Heavy Blade"},{"not_picked":["Sever Soul","Pommel Strike"],"picked":"Headbutt"}],"player_experience":27352,"potions_floor_usage":[16,16],"damage_taken":[{"damage":6,"enemies":"Cultist","floor":1,"turns":3},{"damage":7,"enemies":"2 Louse","floor":3,"turns":3},{"damage":10,"enemies":"Blue Slaver","floor":4,"turns":7},{"damage":50,"enemies":"Lagavulin","floor":7,"turns":14},{"damage":16,"enemies":"Lots of Slimes","floor":10,"turns":6},{"damage":0,"enemies":"Looter","floor":11,"turns":4},{"damage":7,"enemies":"Gremlin Gang","floor":12,"turns":8},{"damage":13,"enemies":"3 Louse","floor":13,"turns":4},{"damage":0,"enemies":"Large Slime","floor":14,"turns":8},{"damage":43,"enemies":"The Guardian","floor":16,"turns":11},{"damage":4,"enemies":"Shell Parasite","floor":18,"turns":6},{"damage":24,"enemies":"2 Thieves","floor":21,"turns":4},{"damage":39,"enemies":"Book of Stabbing","floor":24,"turns":7},{"damage":0,"enemies":"Snake Plant","floor":27,"turns":5},{"damage":7,"enemies":"Centurion and Healer","floor":30,"turns":5},{"damage":71,"enemies":"Collector","floor":33,"turns":6}],"event_choices":[{"event_name":"The Cleric","player_choice":"Card Removal","floor":2,"damage_taken":0},{"event_name":"Golden Shrine","player_choice":"Pray","floor":5,"damage_taken":0},{"event_name":"Cursed Tome","player_choice":"Obtained Book","floor":20,"damage_taken":0},{"event_name":"Beggar","player_choice":"Ignored","floor":22,"damage_taken":0},{"event_name":"Accursed Blacksmith","player_choice":"Forge","floor":31,"damage_taken":0}],"boss_relics":[{"not_picked":["Philosopher\u0027s Stone","Calling Bell"],"picked":"Sozu"}],"potions_floor_spawned":[4,12,14,30],"seed_played":"6682571728838134217","killed_by":"Collector","ascension_level":0,"is_trial":false}