{"gold_per_floor":[214,58,68,87,87,122,142,158,204,229,243,243,253,272,272,349,349,359,118,138,153,166,196,196,196,275,303,303],"floor_reached":28,"playtime":1274,"items_purged":[],"score":480,"play_id":"0f87e740-7a96-49ed-ba16-6d86fa3f729f","local_time":"20190114003034","is_ascension_mode":true,"campfire_choices":[{"data":"Reaper","floor":12.0,"key":"SMITH"},{"data":"Iron Wave","floor":15.0,"key":"SMITH"},{"floor":25,"key":"REST"}],"neow_cost":"NONE","seed_source_timestamp":0,"circlet_count":0,"master_deck":["AscendersBane","Strike_R","Strike_R","Strike_R+1","Strike_R","Strike_R","Defend_R+1","Defend_R","Defend_R+1","Defend_R","Bash+1","Carnage+1","Iron Wave+1","Double Tap+1","Second Wind+1","Flame Barrier+1","Corruption","Reaper+1","Juggernaut","Feel No Pain","Havoc+1","True Grit+1","Intimidate+1","Necronomicurse"],"special_seed":0,"relics":["Burning Blood","War Paint","Toxic Egg 2","Whetstone","Gremlin Horn","Fusion Hammer","Ornamental Fan","Juzu Bracelet","Necronomicon","Meat on the Bone","Unceasing Top"],"potions_floor_usage":[22,22],"damage_taken":[{"damage":14.0,"enemies":"Small Slimes","floor":1.0,"turns":4.0},{"damage":12.0,"enemies":"Jaw Worm","floor":3.0,"turns":2.0},{"damage":3.0,"enemies":"2 Louse","floor":4.0,"turns":3.0},{"damage":40.0,"enemies":"Gremlin Nob","floor":6.0,"turns":5.0},{"damage":0.0,"enemies":"Blue Slaver","floor":7.0,"turns":2.0},{"damage":4.0,"enemies":"2 Fungi Beasts","floor":8.0,"turns":3.0},{"damage":12.0,"enemies":"3 Sentries","floor":10.0,"turns":8.0},{"damage":6.0,"enemies":"Exordium Thugs","floor":11.0,"turns":4.0},{"damage":0.0,"enemies":"Lots of Slimes","floor":13.0,"turns":1.0},{"damage":0.0,"enemies":"2 Fungi Beasts","floor":14.0,"turns":3.0},{"damage":26.0,"enemies":"Slime Boss","floor":16.0,"turns":10.0},{"damage":12,"enemies":"Chosen","floor":18,"turns":4},{"damage":13,"enemies":"2 Thieves","floor":20,"turns":4},{"damage":0,"enemies":"3 Cultists","floor":21,"turns":5},{"damage":8,"enemies":"Chosen and Byrds","floor":22,"turns":7},{"damage":29,"enemies":"Slavers","floor":23,"turns":5},{"damage":63,"enemies":"Book of Stabbing","floor":27,"turns":6},{"damage":23,"enemies":"Colosseum Slavers","floor":28,"turns":1}],"seed_played":"7108085656101084570","potions_obtained":[{"floor":3.0,"key":"Regen Potion"},{"floor":7.0,"key":"LiquidBronze"},{"floor":10.0,"key":"Strength Potion"},{"floor":11.0,"key":"Explosive Potion"},{"floor":18,"key":"Weak Potion"},{"floor":20,"key":"PowerPotion"}],"is_trial":false,"path_per_floor":["M","$","M","M","?","E","M","M","T","E","M","R","M","M","R","B",null,"M","$","M","M","M","E","?","R","T","E","?"],"character_chosen":"IRONCLAD","items_purchased":["War Paint","Ornamental Fan"],"campfire_rested":1,"item_purchase_floors":[2,19],"current_hp_per_floor":[60,60,54,57,57,37,43,45,45,39,39,39,45,51,51,55,70,71,71,64,70,71,53,32,54,54,19,0],"gold":303,"neow_bonus":"HUNDRED_GOLD","is_prod":false,"is_daily":false,"chose_seed":false,"campfire_upgraded":2,"win_rate":0,"timestamp":1547443834,"path_taken":["M","$","M","M","?","E","M","M","T","E","M","R","M","M","R","BOSS","M","$","M","M","M","E","?","R","T","E","?"],"build_version":"2019-01-10","purchased_purges":0,"victory":false,"max_hp_per_floor":[75,75,75,75,75,75,75,75,75,75,75,75,75,75,75,75,75,75,75,75,75,75,75,75,75,75,75,75],"card_choices":[{"not_picked":["Sword Boomerang","Rupture"],"picked":"Carnage","floor":1.0},{"not_picked":["Reckless Charge","Twin Strike"],"picked":"Iron Wave","floor":3.0},{"not_picked":["Rupture","Twin Strike","Second Wind"],"picked":"SKIP","floor":4.0},{"not_picked":["Clothesline","Cleave"],"picked":"Double Tap","floor":6.0},{"not_picked":["Sever Soul","Power Through+1"],"picked":"Second Wind+1","floor":7.0},{"not_picked":["Pommel Strike","Wild Strike"],"picked":"Flame Barrier+1","floor":8.0},{"not_picked":["Sword Boomerang","Reckless Charge"],"picked":"Corruption","floor":10.0},{"not_picked":["Armaments+1","Iron Wave"],"picked":"Reaper","floor":11.0},{"not_picked":["Headbutt","Cleave","Clash"],"picked":"SKIP","floor":13.0},{"not_picked":["Hemokinesis","Ghostly Armor+1","Iron Wave"],"picked":"SKIP","floor":14.0},{"not_picked":["Fiend Fire","Bludgeon"],"picked":"Juggernaut","floor":16.0},{"not_picked":["Flex+1","Searing Blow","Rampage"],"picked":"SKIP","floor":18},{"not_picked":["Body Slam","Warcry+1"],"picked":"Feel No Pain","floor":20},{"not_picked":["Entrench+1","Cleave"],"picked":"Havoc+1","floor":21},{"not_picked":["Rupture","Ghostly Armor+1"],"picked":"True Grit+1","floor":22},{"not_picked":["Impervious+1","Perfected Strike"],"picked":"Intimidate+1","floor":23},{"not_picked":["Hemokinesis","Corruption","Uppercut"],"picked":"SKIP","floor":27}],"player_experience":1020560,"relics_obtained":[{"floor":6.0,"key":"Toxic Egg 2"},{"floor":9.0,"key":"Whetstone"},{"floor":10.0,"key":"Gremlin Horn"},{"floor":23,"key":"Juzu Bracelet"},{"floor":24,"key":"Necronomicon"},{"floor":26,"key":"Meat on the Bone"},{"floor":27,"key":"Unceasing Top"}],"event_choices":[{"damage_healed":0.0,"max_hp_gain":0.0,"max_hp_loss":0.0,"gold_gain":0.0,"event_name":"Living Wall","player_choice":"Grow","floor":5.0,"gold_loss":0.0,"damage_taken":0.0,"cards_upgraded":["Carnage"]},{"damage_healed":0,"gold_gain":0,"player_choice":"Obtained Book","damage_taken":21,"max_hp_gain":0,"max_hp_loss":0,"event_name":"Cursed Tome","floor":24,"gold_loss":0},{"damage_healed":0,"gold_gain":0,"player_choice":"Fight","damage_taken":0,"max_hp_gain":0,"max_hp_loss":0,"event_name":"Colosseum","floor":28,"gold_loss":0}],"is_beta":false,"boss_relics":[{"not_picked":["Sozu","Runic Cube"],"picked":"Fusion Hammer"}],"items_purged_floors":[],"is_endless":false,"potions_floor_spawned":[3,7,10,11,18,20],"killed_by":"Colosseum Slavers","ascension_level":15}