{"gold_per_floor":[116,116,41,60,71,102,117,117,117,117,151,151,168,178,178,281,281,299,317,317,317,317],"floor_reached":22,"playtime":1232,"items_purged":["Defend_B"],"score":216,"play_id":"08c24b10-9e02-4614-bfd8-e6f89deece19","local_time":"20180819154751","is_ascension_mode":true,"campfire_choices":[{"floor":10,"key":"REST"},{"data":"Sunder","floor":12,"key":"SMITH"},{"data":"Sunder","floor":15,"key":"SMITH"}],"neow_cost":"NONE","seed_source_timestamp":70573220295241,"circlet_count":0,"master_deck":["Zap","Dualcast","Conserve Battery","Gash","White Noise","Sunder+1","Ball Lightning","Sunder+1","Machine Learning","Electrodynamics","Streamline","Beam Cell","Steam","Darkness","Lockon","Steam","Defragment","BootSequence","Decay"],"relics":["Cracked Core","The Courier","Question Card","Shuriken","Pandora\u0027s Box"],"potions_floor_usage":[18],"damage_taken":[{"damage":2,"enemies":"Jaw Worm","floor":1,"turns":3},{"damage":7,"enemies":"Small Slimes","floor":4,"turns":3},{"damage":1,"enemies":"Cultist","floor":5,"turns":3},{"damage":24,"enemies":"Lagavulin","floor":6,"turns":5},{"damage":0,"enemies":"Large Slime","floor":7,"turns":4},{"damage":6,"enemies":"Gremlin Nob","floor":11,"turns":3},{"damage":2,"enemies":"2 Fungi Beasts","floor":13,"turns":2},{"damage":0,"enemies":"Gremlin Gang","floor":14,"turns":2},{"damage":28,"enemies":"The Guardian","floor":16,"turns":10},{"damage":11,"enemies":"Spheric Guardian","floor":18,"turns":3},{"damage":32,"enemies":"2 Thieves","floor":19,"turns":4},{"damage":19,"enemies":"Cultist and Chosen","floor":22,"turns":5}],"seed_played":"681159343507894589","potions_obtained":[{"floor":5,"key":"AttackPotion"},{"floor":6,"key":"SpeedPotion"},{"floor":13,"key":"FearPotion"},{"floor":14,"key":"Ancient Potion"},{"floor":18,"key":"SteroidPotion"}],"is_trial":false,"path_per_floor":["M","?","$","M","M","E","M","?","T","R","E","R","M","M","R","B",null,"M","M","?","?"],"character_chosen":"DEFECT","items_purchased":[],"campfire_rested":1,"item_purchase_floors":[],"current_hp_per_floor":[73,58,58,51,50,26,33,26,26,48,42,42,40,40,40,12,75,64,32,32,18,0],"gold":317,"neow_bonus":"THREE_CARDS","is_prod":false,"is_daily":false,"chose_seed":false,"campfire_upgraded":2,"win_rate":0,"timestamp":1534690071,"path_taken":["M","?","$","?","M","E","M","?","T","R","E","R","M","M","R","BOSS","M","M","?","?","?"],"build_version":"2018-08-16","purchased_purges":1,"victory":false,"max_hp_per_floor":[75,75,75,75,75,75,75,75,75,75,75,75,75,75,75,75,75,75,75,75,80,80],"card_choices":[{"not_picked":["Reinforced Body","Lockon"],"picked":"Conserve Battery","floor":0},{"not_picked":["Hologram","Stack","Turbo"],"picked":"SKIP","floor":1},{"not_picked":["Scrape","Steam"],"picked":"Gash","floor":4},{"not_picked":["Hologram","Hello World"],"picked":"White Noise","floor":5},{"not_picked":["Redo","Stack","Tempest"],"picked":"SKIP","floor":6},{"not_picked":["Barrage","Rebound"],"picked":"Sunder","floor":7},{"not_picked":["Scrape","Sweeping Beam","Stack"],"picked":"Ball Lightning","floor":11},{"not_picked":["Static Discharge","Stack","Aggregate"],"picked":"Sunder","floor":13},{"not_picked":["Static Discharge","Heatsinks","Redo"],"picked":"Machine Learning","floor":14},{"not_picked":["All For One","Meteor Strike","Hyperbeam"],"picked":"Electrodynamics","floor":16},{"not_picked":["Melter","Redo","Conserve Battery"],"picked":"Defragment","floor":18},{"not_picked":["Steam","Undo","Conserve Battery"],"picked":"BootSequence","floor":19}],"player_experience":444245,"relics_obtained":[{"floor":6,"key":"The Courier"},{"floor":9,"key":"Question Card"},{"floor":11,"key":"Shuriken"}],"event_choices":[{"event_name":"Shining Light","player_choice":"Entered Light","floor":2,"damage_taken":0},{"event_name":"Golden Wing","player_choice":"Card Removal","floor":8,"damage_taken":0},{"event_name":"Wheel of Change","player_choice":"Curse","floor":20,"damage_taken":0},{"event_name":"Forgotten Altar","player_choice":"Shed Blood","floor":21,"damage_taken":0}],"is_beta":false,"boss_relics":[{"not_picked":["Cursed Key","Sozu"],"picked":"Pandora\u0027s Box"}],"items_purged_floors":[3],"is_endless":false,"potions_floor_spawned":[5,6,13,14,18],"killed_by":"Cultist and Chosen","ascension_level":2}