{"path_per_floor":["M","M","?","?","M","E","M","R","T","R","M","E","R","?","R"],"character_chosen":"IRONCLAD","items_purchased":[],"gold_per_floor":[115,133,133,133,153,180,197,197,249,249,259,289,289,289,289,289],"floor_reached":16,"campfire_rested":2,"playtime":1018,"item_purchase_floors":[],"current_hp_per_floor":[80,80,80,80,80,26,25,49,49,49,51,45,45,38,64,0],"items_purged":[],"gold":289,"score":110,"play_id":"8fe7b111-838e-45a8-b798-110b2bdde668","local_time":"20180527222343","is_prod":false,"is_daily":false,"chose_seed":false,"is_ascension_mode":false,"campfire_upgraded":2,"win_rate":0,"timestamp":1527456223,"campfire_choices":[{"floor":8,"key":"REST"},{"data":"Armaments","floor":10,"key":"SMITH"},{"data":"Whirlwind","floor":13,"key":"SMITH"},{"floor":15,"key":"REST"}],"path_taken":["M","?","?","?","M","E","M","R","T","R","M","E","R","?","R","BOSS"],"build_version":"2018-05-24","seed_source_timestamp":449740375084517,"purchased_purges":0,"victory":false,"master_deck":["Strike_R","Strike_R","Strike_R","Strike_R","Defend_R","Defend_R","Defend_R","Defend_R","Bash+1","Armaments+1","Whirlwind+1","Headbutt","Iron Wave"],"max_hp_per_floor":[80,80,80,80,80,80,80,80,80,80,80,87,87,87,87,87],"relics":["Burning Blood","NeowsBlessing","Gremlin Horn","Pen Nib","Strawberry"],"card_choices":[{"not_picked":["Perfected Strike","Fire Breathing","Flame Barrier"],"picked":"SKIP","floor":1},{"not_picked":["Blood for Blood","Warcry","Perfected Strike"],"picked":"SKIP","floor":2},{"not_picked":["Seeing Red","Body Slam"],"picked":"Armaments","floor":5},{"not_picked":["Dropkick","Body Slam"],"picked":"Whirlwind","floor":6},{"not_picked":["Power Through","Reckless Charge","Pummel"],"picked":"SKIP","floor":7},{"not_picked":["Perfected Strike","Shrug It Off"],"picked":"Headbutt","floor":11},{"not_picked":["Burning Pact","Armaments"],"picked":"Iron Wave","floor":12}],"player_experience":142644,"potions_floor_usage":[6,7,11],"damage_taken":[{"damage":0,"enemies":"Cultist","floor":1,"turns":1},{"damage":0,"enemies":"Jaw Worm","floor":2,"turns":1},{"damage":0,"enemies":"2 Louse","floor":5,"turns":1},{"damage":60,"enemies":"Lagavulin","floor":6,"turns":11},{"damage":7,"enemies":"Exordium Thugs","floor":7,"turns":5},{"damage":4,"enemies":"2 Fungi Beasts","floor":11,"turns":2},{"damage":19,"enemies":"Gremlin Nob","floor":12,"turns":4},{"damage":66,"enemies":"Hexaghost","floor":16,"turns":11}],"relics_obtained":[{"floor":6,"key":"Gremlin Horn"},{"floor":9,"key":"Pen Nib"},{"floor":12,"key":"Strawberry"}],"event_choices":[{"event_name":"Liars Game","player_choice":"disagreed","floor":3,"damage_taken":0},{"event_name":"Accursed Blacksmith","player_choice":"Forge","floor":4,"damage_taken":0},{"event_name":"Golden Wing","player_choice":"Card Removal","floor":14,"damage_taken":0}],"boss_relics":[],"items_purged_floors":[],"potions_floor_spawned":[2,6,7],"seed_played":"-251351774191861561","killed_by":"Hexaghost","ascension_level":0,"potions_obtained":[{"floor":2,"key":"AttackPotion"},{"floor":6,"key":"SkillPotion"},{"floor":7,"key":"Energy Potion"}],"is_trial":false}