{"gold_per_floor":[118,118,143,93,93,136,136,23,23,23,62,62,80,96,96,220,220,245,288,312,331,331,331,370,383,435,448,464,464,464],"floor_reached":30,"playtime":2212,"items_purged":["Strike_G"],"score":286,"play_id":"efdbdcc0-912f-4fc0-8fa7-85c2a82f1990","local_time":"20190117114914","is_ascension_mode":true,"campfire_choices":[{"data":"Infinite Blades","floor":7,"key":"SMITH"},{"data":"Neutralize","floor":10,"key":"SMITH"},{"floor":15,"key":"REST"},{"floor":23,"key":"REST"}],"neow_cost":"NONE","seed_source_timestamp":667892255506765,"circlet_count":0,"master_deck":["Defend_G","Defend_G","Defend_G","Defend_G","Defend_G","Strike_G+1","Strike_G","Strike_G","Survivor","Neutralize+1","Wraith Form v2","Acrobatics+1","Cloak And Dagger","Finisher","Infinite Blades+1","Choke","Backflip","Prepared","Backflip","Tools of the Trade","Cloak And Dagger","Sucker Punch","Accuracy+1","Heel Hook","Infinite Blades+1","Phantasmal Killer","All Out Attack","Escape Plan","Underhanded Strike"],"relics":["Ring of the Snake","Bloody Idol","Letter Opener","Paper Crane","Lantern","Philosopher\u0027s Stone","Red Mask","Potion Belt","Anchor"],"potions_floor_usage":[6,6,6,11,16,16,16,19,30],"damage_taken":[{"damage":3,"enemies":"2 Louse","floor":1,"turns":4},{"damage":1,"enemies":"Jaw Worm","floor":3,"turns":4},{"damage":13,"enemies":"3 Sentries","floor":6,"turns":8},{"damage":20,"enemies":"Gremlin Nob","floor":11,"turns":4},{"damage":2,"enemies":"Small Slimes","floor":13,"turns":3},{"damage":2,"enemies":"Blue Slaver","floor":14,"turns":3},{"damage":19,"enemies":"Hexaghost","floor":16,"turns":8},{"damage":18,"enemies":"Chosen","floor":18,"turns":8},{"damage":25,"enemies":"Masked Bandits","floor":19,"turns":6},{"damage":1,"enemies":"3 Byrds","floor":20,"turns":3},{"damage":1,"enemies":"Centurion and Healer","floor":21,"turns":6},{"damage":18,"enemies":"Slavers","floor":24,"turns":6},{"damage":22,"enemies":"Sentry and Sphere","floor":25,"turns":4},{"damage":0,"enemies":"Chosen and Byrds","floor":27,"turns":4},{"damage":1,"enemies":"Centurion and Healer","floor":28,"turns":5},{"damage":8,"enemies":"Book of Stabbing","floor":30,"turns":2}],"seed_played":"-2517224249965181986","potions_obtained":[{"floor":1,"key":"Strength Potion"},{"floor":3,"key":"EntropicBrew"},{"floor":11,"key":"Strength Potion"},{"floor":14,"key":"PowerPotion"},{"floor":18,"key":"Dexterity Potion"},{"floor":25,"key":"PowerPotion"},{"floor":27,"key":"Strength Potion"}],"is_trial":false,"path_per_floor":["M","?","M","?","?","E","R","$","T","R","E","?","M","M","R","B",null,"M","?","M","M","?","R","E","M","T","M","M","?","E"],"character_chosen":"THE_SILENT","items_purchased":["Choke"],"campfire_rested":2,"item_purchase_floors":[8],"current_hp_per_floor":[67,67,66,66,66,53,53,53,53,53,33,19,17,15,36,17,70,52,27,26,25,25,46,28,6,6,6,5,5,0],"gold":464,"neow_bonus":"ONE_RANDOM_RARE_CARD","is_prod":false,"is_daily":false,"chose_seed":false,"campfire_upgraded":2,"win_rate":0,"timestamp":1547743754,"path_taken":["M","?","M","?","?","E","R","?","T","R","E","?","M","M","R","BOSS","M","?","M","M","?","R","E","M","T","?","M","?","E"],"build_version":"2019-01-10","purchased_purges":1,"victory":false,"max_hp_per_floor":[70,70,70,70,70,70,70,70,70,70,70,70,70,70,70,70,70,70,70,70,70,70,70,70,70,70,70,70,70,70],"card_choices":[{"not_picked":["Riddle With Holes","Dagger Throw"],"picked":"Acrobatics","floor":1},{"not_picked":["Masterful Stab","Dagger Spray"],"picked":"Cloak And Dagger","floor":3},{"not_picked":["Dodge and Roll","Dagger Spray"],"picked":"Infinite Blades","floor":6},{"not_picked":["Sucker Punch","Flechettes"],"picked":"Backflip","floor":11},{"not_picked":["Dagger Throw","Deadly Poison"],"picked":"Prepared","floor":13},{"not_picked":["Flying Knee","Outmaneuver"],"picked":"Backflip","floor":14},{"not_picked":["Wraith Form v2","Unload"],"picked":"Tools of the Trade","floor":16},{"not_picked":["Blur","PiercingWail+1"],"picked":"Cloak And Dagger","floor":18},{"not_picked":["Deadly Poison","Backflip"],"picked":"Sucker Punch","floor":19},{"not_picked":["Prepared+1","Bane"],"picked":"Accuracy+1","floor":20},{"not_picked":["Acrobatics+1","Outmaneuver+1"],"picked":"Heel Hook","floor":21},{"not_picked":["Flying Knee","Poisoned Stab"],"picked":"Phantasmal Killer","floor":24},{"not_picked":["Catalyst","Backflip"],"picked":"All Out Attack","floor":25},{"not_picked":["Footwork+1","Accuracy"],"picked":"Escape Plan","floor":27},{"not_picked":["Backflip","Escape Plan"],"picked":"Underhanded Strike","floor":28}],"player_experience":124469,"relics_obtained":[{"floor":6,"key":"Letter Opener"},{"floor":9,"key":"Paper Crane"},{"floor":11,"key":"Lantern"},{"floor":19,"key":"Red Mask"},{"floor":24,"key":"Potion Belt"},{"floor":26,"key":"Anchor"}],"event_choices":[{"damage_healed":0,"gold_gain":0,"player_choice":"Take Wound","damage_taken":0,"relics_obtained":["Golden Idol"],"max_hp_gain":0,"max_hp_loss":0,"event_name":"Golden Idol","floor":2,"gold_loss":0,"cards_obtained":["Injury"]},{"cards_removed":["Injury"],"damage_healed":0,"gold_gain":0,"player_choice":"Card Removal","damage_taken":0,"max_hp_gain":0,"max_hp_loss":0,"event_name":"The Cleric","floor":4,"gold_loss":50},{"damage_healed":0,"gold_gain":0,"cards_transformed":["Strike_G"],"player_choice":"Change","damage_taken":0,"max_hp_gain":0,"max_hp_loss":0,"event_name":"Living Wall","floor":5,"gold_loss":0,"cards_obtained":["Finisher"]},{"damage_healed":0,"gold_gain":0,"player_choice":"Entered Light","damage_taken":14,"max_hp_gain":0,"max_hp_loss":0,"event_name":"Shining Light","floor":12,"gold_loss":0,"cards_upgraded":["Strike_G","Acrobatics"]},{"damage_healed":0,"gold_gain":0,"player_choice":"Fought Bandits","damage_taken":0,"max_hp_gain":0,"max_hp_loss":0,"event_name":"Masked Bandits","floor":19,"gold_loss":0},{"damage_healed":0,"gold_gain":0,"player_choice":"Copied","damage_taken":0,"max_hp_gain":0,"max_hp_loss":0,"event_name":"Duplicator","floor":22,"gold_loss":0,"cards_obtained":["Infinite Blades"]},{"damage_healed":0,"gold_gain":0,"player_choice":"Gave Idol","damage_taken":0,"relics_obtained":["Bloody Idol"],"max_hp_gain":0,"max_hp_loss":0,"event_name":"Forgotten Altar","floor":29,"relics_lost":["Golden Idol"],"gold_loss":0}],"is_beta":false,"boss_relics":[{"not_picked":["Ring of the Serpent","Coffee Dripper"],"picked":"Philosopher\u0027s Stone"}],"items_purged_floors":[8],"is_endless":false,"potions_floor_spawned":[1,3,11,14,18,25,27],"killed_by":"Book of Stabbing","ascension_level":2}