{"gold_per_floor":[118,118,132,97,112,144,144,144,216,20,20,58,83,8,8,129,192,217,217,241,156,170,170,170,170,170,269,269],"floor_reached":28,"playtime":1154,"items_purged":["Strike_B"],"score":269,"play_id":"33f27caf-5fb2-466f-8d83-6973fa73979c","local_time":"20181119195007","is_ascension_mode":true,"campfire_choices":[{"data":"Auto Shields","floor":7,"key":"SMITH"},{"data":"Static Discharge","floor":11,"key":"SMITH"},{"floor":15,"key":"REST"},{"floor":23,"key":"REST"}],"neow_cost":"NONE","seed_source_timestamp":357014125680602,"circlet_count":0,"master_deck":["Strike_B","Strike_B+1","Defend_B","Defend_B+1","Defend_B","Defend_B+1","Zap+1","Dualcast","Auto Shields+1","Static Discharge+1","Sweeping Beam","Injury","Doom and Gloom","Multi-Cast","Echo Form","Auto Shields","Genetic Algorithm","Compile Driver+1","Leap+1"],"special_seed":0,"relics":["Cracked Core","War Paint","Golden Idol","Gremlin Horn","Mercury Hourglass","Odd Mushroom","Tiny House","Toxic Egg 2","Mango"],"potions_floor_usage":[16,22],"damage_taken":[{"damage":2.0,"enemies":"Jaw Worm","floor":1.0,"turns":3.0},{"damage":16.0,"enemies":"Small Slimes","floor":3.0,"turns":3.0},{"damage":2.0,"enemies":"2 Louse","floor":5.0,"turns":3.0},{"damage":22.0,"enemies":"3 Sentries","floor":6.0,"turns":6.0},{"damage":13,"enemies":"Lagavulin","floor":12,"turns":6},{"damage":2,"enemies":"The Mushroom Lair","floor":13,"turns":3},{"damage":18,"enemies":"The Guardian","floor":16,"turns":10},{"damage":25,"enemies":"2 Thieves","floor":18,"turns":3},{"damage":15,"enemies":"3 Byrds","floor":20,"turns":4},{"damage":33,"enemies":"Centurion and Healer","floor":22,"turns":4},{"damage":15,"enemies":"Colosseum Slavers","floor":25,"turns":4},{"damage":37,"enemies":"3 Cultists","floor":28,"turns":4}],"seed_played":"1856395768408150994","potions_obtained":[{"floor":3.0,"key":"Fire Potion"},{"floor":13,"key":"EssenceOfSteel"},{"floor":17,"key":"Poison Potion"},{"floor":22,"key":"FearPotion"}],"is_trial":false,"path_per_floor":["M","?","M","?","M","E","E","R","?","T","$","R","E","?","$","R","B",null,"M","?","M","?","M","R","?","?","T","?","M"],"character_chosen":"DEFECT","items_purchased":["Doom and Gloom","Multi-Cast"],"campfire_rested":2,"item_purchase_floors":[10,10],"current_hp_per_floor":[73,66,50,68,66,44,44,44,44,44,44,31,29,29,51,33,80,55,55,40,40,7,31,31,16,30,30,0],"gold":269,"neow_bonus":"UPGRADE_CARD","is_prod":false,"is_daily":false,"chose_seed":false,"campfire_upgraded":2,"win_rate":0,"timestamp":1542653407,"path_taken":["M","?","M","?","M","E","R","?","T","$","R","E","?","$","R","BOSS","M","?","M","?","?","R","?","?","T","?","M"],"build_version":"2018-11-15","purchased_purges":1,"victory":false,"max_hp_per_floor":[75,75,75,75,75,75,75,75,75,75,75,75,75,75,75,75,80,80,80,80,80,80,80,80,80,94,94,94],"card_choices":[{"not_picked":["Barrage","Steam","Redo"],"picked":"SKIP","floor":1.0},{"not_picked":["Redo","Stack"],"picked":"Auto Shields","floor":3.0},{"not_picked":["Glacier","Hologram"],"picked":"Static Discharge","floor":5.0},{"not_picked":["Coolheaded","Ball Lightning"],"picked":"Sweeping Beam","floor":6},{"not_picked":["Recycle","Heatsinks","Sweeping Beam"],"picked":"SKIP","floor":12},{"not_picked":["Meteor Strike","All For One"],"picked":"Echo Form","floor":16},{"not_picked":["Turbo","Stack+1"],"picked":"Auto Shields","floor":18},{"not_picked":["Cold Snap","Multi-Cast"],"picked":"Compile Driver+1","floor":20},{"not_picked":["Rip and Tear","Sweeping Beam"],"picked":"Leap+1","floor":22}],"player_experience":237407,"relics_obtained":[{"floor":6,"key":"War Paint"},{"floor":9,"key":"Gremlin Horn"},{"floor":12,"key":"Mercury Hourglass"},{"floor":13,"key":"Odd Mushroom"},{"floor":26,"key":"Mango"}],"event_choices":[{"cards_removed":["Strike_B"],"damage_healed":0.0,"max_hp_gain":0.0,"max_hp_loss":0.0,"gold_gain":0.0,"event_name":"Golden Wing","player_choice":"Card Removal","floor":2.0,"gold_loss":0.0,"damage_taken":7.0},{"damage_healed":18.0,"max_hp_gain":0.0,"max_hp_loss":0.0,"gold_gain":0.0,"event_name":"The Cleric","player_choice":"Healed","floor":4.0,"gold_loss":35.0,"damage_taken":0.0},{"damage_healed":0,"gold_gain":0,"player_choice":"Take Wound","damage_taken":0,"relics_obtained":["Golden Idol"],"max_hp_gain":0,"max_hp_loss":0,"event_name":"Golden Idol","floor":8,"gold_loss":0,"cards_obtained":["Injury"]},{"damage_healed":0,"gold_gain":0,"player_choice":"Fought Mushrooms","damage_taken":0,"max_hp_gain":0,"max_hp_loss":0,"event_name":"Mushrooms","floor":13,"gold_loss":0},{"damage_healed":0,"gold_gain":0,"player_choice":"Read","damage_taken":0,"max_hp_gain":0,"max_hp_loss":0,"event_name":"The Library","floor":19,"gold_loss":0,"cards_obtained":["Genetic Algorithm"]},{"damage_healed":0,"gold_gain":0,"player_choice":"Obtained Relic","damage_taken":0,"relics_obtained":["Toxic Egg 2"],"max_hp_gain":0,"max_hp_loss":0,"event_name":"Addict","floor":21,"gold_loss":85},{"damage_healed":0,"gold_gain":0,"player_choice":"Ignored","damage_taken":0,"max_hp_gain":0,"max_hp_loss":0,"event_name":"The Mausoleum","floor":24,"gold_loss":0},{"damage_healed":0,"gold_gain":0,"player_choice":"Fight","damage_taken":0,"max_hp_gain":0,"max_hp_loss":0,"event_name":"Colosseum","floor":25,"gold_loss":0},{"damage_healed":0,"gold_gain":0,"player_choice":"Fled From Nobs","damage_taken":0,"max_hp_gain":0,"max_hp_loss":0,"event_name":"Colosseum","floor":25,"gold_loss":0},{"damage_healed":0,"gold_gain":99,"player_choice":"Stole From Cult","damage_taken":0,"max_hp_gain":0,"max_hp_loss":0,"event_name":"Nest","floor":27,"gold_loss":0}],"is_beta":true,"boss_relics":[{"not_picked":["Runic Dome","Astrolabe"],"picked":"Tiny House"}],"items_purged_floors":[14],"is_endless":false,"potions_floor_spawned":[3,13,22],"killed_by":"3 Cultists","ascension_level":2}