{"path_per_floor":["M","?","M","M","$","E","R","?","T","?","M","R","$","E","R","B",null,"M","?","M","?","?","E","R","$","T","M"],"character_chosen":"THE_SILENT","items_purchased":["Dagger Throw"],"gold_per_floor":[118,68,87,101,2,37,37,37,37,99,111,111,11,70,70,175,175,161,161,178,178,178,212,212,87,87,98,98],"floor_reached":28,"campfire_rested":2,"playtime":4478,"item_purchase_floors":[],"current_hp_per_floor":[77,77,77,77,77,76,76,76,76,53,53,53,53,41,64,24,77,59,59,45,45,45,12,35,35,35,16,0],"items_purged":["Strike_G","Defend_G","Strike_G"],"gold":98,"score":244,"play_id":"7ba2da3d-6a42-436a-ac06-d4b231ddfb37","local_time":"20180601223754","is_prod":false,"is_daily":false,"chose_seed":false,"is_ascension_mode":false,"campfire_upgraded":2,"win_rate":0,"timestamp":1527889074,"campfire_choices":[{"data":"Noxious Fumes","floor":7.0,"key":"SMITH"},{"data":"Neutralize","floor":12,"key":"SMITH"},{"floor":15,"key":"REST"},{"floor":24,"key":"REST"}],"path_taken":["M","?","M","M","$","E","R","?","T","?","M","R","$","E","R","BOSS","M","?","M","?","?","E","R","$","T","M","E"],"build_version":"2018-05-31","seed_source_timestamp":0,"purchased_purges":3,"victory":false,"master_deck":["Defend_G","Defend_G","Defend_G","Defend_G","Strike_G","Survivor","Neutralize+1","Footwork","Malaise","Dagger Throw","Noxious Fumes+1","Acrobatics","Heel Hook+1","Tools of the Trade","Burst","Escape Plan","Backflip","Poisoned Stab+1","Noxious Fumes+1"],"max_hp_per_floor":[77,77,77,77,77,77,77,77,77,77,77,77,77,77,77,77,77,77,77,77,77,77,77,77,77,77,77,77],"relics":["Ring of the Snake","Unceasing Top","Peace Pipe","Molten Egg 2","Tiny Chest","Black Star","Pantograph","Gremlin Horn","Bottled Flame"],"card_choices":[{"not_picked":["Flying Knee","Quick Slash"],"picked":"Footwork","floor":1.0},{"not_picked":["Poisoned Stab","PiercingWail","Dagger Spray"],"picked":"SKIP","floor":3.0},{"not_picked":["Slice","Dodge and Roll"],"picked":"Malaise","floor":4.0},{"not_picked":["Dagger Spray","Dodge and Roll"],"picked":"Noxious Fumes","floor":6.0},{"not_picked":["Bane","Finisher"],"picked":"Acrobatics","floor":10.0},{"not_picked":["Flying Knee+1","Underhanded Strike+1"],"picked":"Heel Hook+1","floor":11},{"not_picked":["Dodge and Roll","Choke+1"],"picked":"Tools of the Trade","floor":14},{"not_picked":["Unload+1","Tactician"],"picked":"Burst","floor":16},{"not_picked":["Outmaneuver","PiercingWail","All Out Attack+1"],"picked":"SKIP","floor":18},{"not_picked":["Infinite Blades","Dodge and Roll"],"picked":"Escape Plan","floor":20},{"not_picked":["Escape Plan+1","Prepared"],"picked":"Poisoned Stab+1","floor":23},{"not_picked":["Well Laid Plans","Dagger Spray+1"],"picked":"Noxious Fumes+1","floor":27}],"player_experience":193466,"potions_floor_usage":[14,23,28],"damage_taken":[{"damage":0.0,"enemies":"Jaw Worm","floor":1.0,"turns":5.0},{"damage":0.0,"enemies":"2 Louse","floor":3.0,"turns":5.0},{"damage":0.0,"enemies":"Small Slimes","floor":4.0,"turns":4.0},{"damage":1.0,"enemies":"Lagavulin","floor":6.0,"turns":14.0},{"damage":23.0,"enemies":"Gremlin Nob","floor":10.0,"turns":7.0},{"damage":0,"enemies":"Red Slaver","floor":11,"turns":7},{"damage":12,"enemies":"Gremlin Nob","floor":14,"turns":5},{"damage":40,"enemies":"Slime Boss","floor":16,"turns":12},{"damage":18,"enemies":"2 Thieves","floor":18,"turns":5},{"damage":14,"enemies":"Chosen","floor":20,"turns":9},{"damage":33,"enemies":"Gremlin Leader","floor":23,"turns":10},{"damage":19,"enemies":"Sentry and Sphere","floor":27,"turns":6},{"damage":21,"enemies":"Slavers","floor":28,"turns":3}],"relics_obtained":[{"floor":6.0,"key":"Unceasing Top"},{"floor":9.0,"key":"Peace Pipe"},{"floor":10.0,"key":"Molten Egg 2"},{"floor":14,"key":"Tiny Chest"},{"floor":23,"key":"Pantograph"},{"floor":23,"key":"Gremlin Horn"},{"floor":26,"key":"Bottled Flame"}],"event_choices":[{"event_name":"The Cleric","player_choice":"Card Removal","floor":2.0,"damage_taken":0.0},{"event_name":"The Lab","player_choice":"Got Potions","floor":8.0,"damage_taken":0.0},{"event_name":"Dead Adventurer","player_choice":"Searched \u00272\u0027 times","floor":10.0,"damage_taken":0.0},{"event_name":"Drug Dealer","player_choice":"Ignored","floor":19,"damage_taken":0},{"event_name":"Vampires","player_choice":"Ignored","floor":21,"damage_taken":0},{"event_name":"Transmorgrifier","player_choice":"Transform","floor":22,"damage_taken":0}],"boss_relics":[{"not_picked":["Orrery","Cursed Key"],"picked":"Black Star"}],"items_purged_floors":[],"potions_floor_spawned":[1,10,11,18,20],"seed_played":"-6905882974339729788","killed_by":"Slavers","ascension_level":0,"potions_obtained":[{"floor":1.0,"key":"Weak Potion"},{"floor":8.0,"key":"FearPotion"},{"floor":8.0,"key":"Weak Potion"},{"floor":10.0,"key":"SpeedPotion"},{"floor":18,"key":"Block Potion"},{"floor":20,"key":"GhostInAJar"}],"is_trial":false}