{"gold_per_floor":[114,129,129,145,161,161,216,229,298,298,298,323,341,358,358,454,454,464,464,464,464,478,506,506,506,506,506,526,541,557,583,583,678,678,696,711,589,599,159,159,174,174,197,197,229,0,10,10,10,10],"floor_reached":51,"playtime":3316,"items_purged":[],"score":804,"play_id":"03abbd2d-b894-4dd6-9cac-827209008fa2","local_time":"20190115161103","is_ascension_mode":false,"campfire_choices":[{"data":"Hyperbeam","floor":6,"key":"SMITH"},{"floor":11,"key":"REST"},{"floor":15,"key":"REST"},{"data":"Sunder","floor":24,"key":"SMITH"},{"data":"Loop","floor":27,"key":"SMITH"},{"data":"Lockon","floor":32,"key":"SMITH"},{"floor":40,"key":"REST"},{"floor":42,"key":"REST"},{"data":"Buffer","floor":49,"key":"SMITH"}],"neow_cost":"NONE","seed_source_timestamp":509672986853002,"circlet_count":0,"master_deck":["Strike_B+1","Strike_B+1","Strike_B+1","Defend_B+1","Defend_B+1","Defend_B+1","Defend_B+1","Zap+1","Dualcast","Barrage","Loop+1","Force Field","Leap","Hyperbeam+1","Redo","Go for the Eyes","Bandage Up+1","Sunder+1","Leap+1","Electrodynamics","Rainbow+1","Redo+1","Hologram+1","Beam Cell+1","White Noise+1","Steam+1","Rainbow+1","Lockon+1","Core Surge","Hologram+1","Fusion+1","Madness+1","Auto Shields+1","Turbo+1","Enlightenment+1","Conserve Battery+1","Tempest+1","FTL","Buffer+1","Defragment+1","Redo+1","Beam Cell","Auto Shields+1","Doubt"],"relics":["FrozenCore","Tiny Chest","Toxic Egg 2","Girya","Dream Catcher","Juzu Bracelet","Bottled Flame","Ornamental Fan","Inserter","ClockworkSouvenir","Lantern","Centennial Puzzle","Red Mask"],"potions_floor_usage":[7,12,16,23,45,50],"damage_taken":[{"damage":2,"enemies":"2 Louse","floor":1,"turns":3},{"damage":1,"enemies":"Cultist","floor":2,"turns":4},{"damage":11,"enemies":"Jaw Worm","floor":4,"turns":3},{"damage":0,"enemies":"2 Fungi Beasts","floor":5,"turns":3},{"damage":38,"enemies":"Lagavulin","floor":7,"turns":7},{"damage":7,"enemies":"Blue Slaver","floor":8,"turns":3},{"damage":12,"enemies":"Gremlin Nob","floor":12,"turns":4},{"damage":11,"enemies":"Large Slime","floor":13,"turns":2},{"damage":4,"enemies":"Exordium Thugs","floor":14,"turns":2},{"damage":19,"enemies":"The Guardian","floor":16,"turns":10},{"damage":28,"enemies":"Spheric Guardian","floor":18,"turns":6},{"damage":1,"enemies":"Chosen","floor":22,"turns":5},{"damage":9,"enemies":"Slavers","floor":23,"turns":4},{"damage":13,"enemies":"Centurion and Healer","floor":28,"turns":5},{"damage":10,"enemies":"Cultist and Chosen","floor":29,"turns":5},{"damage":4,"enemies":"Snecko","floor":30,"turns":6},{"damage":0,"enemies":"Gremlin Leader","floor":31,"turns":5},{"damage":56,"enemies":"Automaton","floor":33,"turns":11},{"damage":12,"enemies":"Orb Walker","floor":35,"turns":4},{"damage":5,"enemies":"3 Darklings","floor":36,"turns":9},{"damage":26,"enemies":"Transient","floor":38,"turns":5},{"damage":41,"enemies":"Writhing Mass","floor":41,"turns":7},{"damage":0,"enemies":"Nemesis","floor":45,"turns":9},{"damage":40,"enemies":"Maw","floor":47,"turns":7},{"damage":75,"enemies":"Awakened One","floor":50,"turns":14}],"seed_played":"5236623873474693785","potions_obtained":[{"floor":2,"key":"FocusPotion"},{"floor":5,"key":"Regen Potion"},{"floor":7,"key":"SpeedPotion"},{"floor":14,"key":"Poison Potion"},{"floor":16,"key":"SpeedPotion"},{"floor":18,"key":"Energy Potion"},{"floor":28,"key":"Fire Potion"},{"floor":33,"key":"Block Potion"},{"floor":41,"key":"FairyPotion"}],"is_trial":false,"path_per_floor":["M","M","?","M","M","R","E","M","T","?","R","E","M","M","R","B",null,"M","?","?","T","M","E","R","?","T","R","M","M","M","E","R","B",null,"M","M","$","M","$","R","M","R","T","?","E","?","M","?","R","B",null],"character_chosen":"DEFECT","items_purchased":["Madness+1","Auto Shields+1","ClockworkSouvenir","Enlightenment+1","Conserve Battery+1","Tempest+1","FTL"],"campfire_rested":4,"item_purchase_floors":[37,37,39,39,39,39,39],"current_hp_per_floor":[73,72,72,61,61,61,37,30,30,30,52,46,35,31,53,40,75,47,47,72,72,75,72,72,72,72,72,65,61,63,69,69,19,75,63,64,64,44,44,66,31,53,53,53,59,59,25,72,72,3],"gold":10,"neow_bonus":"UPGRADE_CARD","is_prod":false,"is_daily":false,"chose_seed":false,"campfire_upgraded":5,"win_rate":0.0,"timestamp":1547586663,"path_taken":["M","M","?","M","M","R","E","M","T","?","R","E","?","M","R","BOSS","M","?","?","?","M","E","R","?","T","R","M","M","M","E","R","BOSS","M","M","$","M","$","R","M","R","T","?","E","?","M","?","R","BOSS"],"build_version":"2019-01-10","purchased_purges":0,"victory":true,"max_hp_per_floor":[75,75,75,75,75,75,75,75,75,75,75,75,75,75,75,75,75,75,75,75,75,75,75,75,75,75,75,75,75,75,75,75,75,75,75,75,75,75,75,75,75,75,75,72,72,72,72,72,72,72],"card_choices":[{"not_picked":["Stack","Gash"],"picked":"Barrage","floor":1},{"not_picked":["Static Discharge","Hologram"],"picked":"Loop","floor":2},{"not_picked":["Gash","Loop"],"picked":"Leap","floor":4},{"not_picked":["Reinforced Body","Streamline"],"picked":"Hyperbeam","floor":5},{"not_picked":["Doom and Gloom","Aggregate"],"picked":"Redo","floor":7},{"not_picked":["Sweeping Beam","Stack"],"picked":"Go for the Eyes","floor":8},{"not_picked":["Coolheaded+1","Storm"],"picked":"Sunder","floor":12},{"not_picked":["Cold Snap","Doom and Gloom"],"picked":"Leap+1","floor":13},{"not_picked":["Coolheaded+1","Defragment"],"picked":"Electrodynamics","floor":14},{"not_picked":["Creative AI","Core Surge"],"picked":"Rainbow+1","floor":16},{"not_picked":["Rebound","Gash+1"],"picked":"Redo+1","floor":18},{"not_picked":["Hello World+1","Compile Driver"],"picked":"Hologram+1","floor":22},{"not_picked":["Stack+1","Steam+1"],"picked":"Beam Cell+1","floor":23},{"not_picked":["Loop+1","Redo+1"],"picked":"White Noise+1","floor":28},{"not_picked":["Hologram+1","Darkness+1"],"picked":"Steam+1","floor":29},{"not_picked":["Redo+1","Barrage"],"picked":"Rainbow+1","floor":30},{"not_picked":["Darkness+1","Amplify+1"],"picked":"Lockon","floor":31},{"not_picked":["All For One","Thunder Strike"],"picked":"Core Surge","floor":33},{"not_picked":["Beam Cell+1","Gash+1"],"picked":"Hologram+1","floor":35},{"not_picked":["Barrage","Coolheaded+1"],"picked":"Fusion+1","floor":36},{"not_picked":["Conserve Battery+1","Streamline"],"picked":"Turbo+1","floor":38},{"not_picked":["Sweeping Beam+1","Melter+1"],"picked":"Buffer","floor":40},{"not_picked":["Cold Snap","Barrage+1"],"picked":"Defragment+1","floor":41},{"not_picked":["Beam Cell","Conserve Battery+1"],"picked":"Redo+1","floor":42},{"not_picked":["Lockon+1","Hello World+1"],"picked":"Beam Cell","floor":45},{"not_picked":["Rebound","Beam Cell"],"picked":"Auto Shields+1","floor":47}],"player_experience":65188,"relics_obtained":[{"floor":7,"key":"Tiny Chest"},{"floor":9,"key":"Toxic Egg 2"},{"floor":12,"key":"Girya"},{"floor":21,"key":"Dream Catcher"},{"floor":23,"key":"Juzu Bracelet"},{"floor":26,"key":"Bottled Flame"},{"floor":31,"key":"Ornamental Fan"},{"floor":43,"key":"Lantern"},{"floor":45,"key":"Centennial Puzzle"}],"event_choices":[{"damage_healed":0,"gold_gain":0,"cards_transformed":["Strike_B"],"player_choice":"Change","damage_taken":0,"max_hp_gain":0,"max_hp_loss":0,"event_name":"Living Wall","floor":3,"gold_loss":0,"cards_obtained":["Force Field"]},{"damage_healed":0,"gold_gain":0,"player_choice":"1 cards matched","damage_taken":0,"max_hp_gain":0,"max_hp_loss":0,"event_name":"Match and Keep!","floor":10,"gold_loss":0,"cards_obtained":["Bandage Up"]},{"damage_healed":0,"gold_gain":0,"player_choice":"Simplicity","damage_taken":0,"max_hp_gain":0,"max_hp_loss":0,"event_name":"Back to Basics","floor":19,"gold_loss":0,"cards_upgraded":["Strike_B","Strike_B","Strike_B","Defend_B","Defend_B","Defend_B","Defend_B"]},{"damage_healed":25,"gold_gain":0,"player_choice":"Heal","damage_taken":0,"max_hp_gain":0,"max_hp_loss":0,"event_name":"The Library","floor":20,"gold_loss":0},{"damage_healed":0,"gold_gain":0,"player_choice":"Ignored","damage_taken":0,"max_hp_gain":0,"max_hp_loss":0,"event_name":"Vampires","floor":25,"gold_loss":0},{"cards_removed":["Parasite"],"damage_healed":0,"gold_gain":0,"player_choice":"Card Removal","damage_taken":0,"max_hp_gain":0,"max_hp_loss":0,"event_name":"Wheel of Change","floor":44,"gold_loss":0},{"damage_healed":0,"gold_gain":0,"player_choice":"Paid","damage_taken":0,"relics_obtained":["Red Mask"],"max_hp_gain":0,"max_hp_loss":0,"event_name":"Tomb of Lord Red Mask","floor":46,"gold_loss":229},{"damage_healed":47,"gold_gain":0,"player_choice":"Heal","damage_taken":0,"max_hp_gain":0,"max_hp_loss":0,"event_name":"MindBloom","floor":48,"gold_loss":0,"cards_obtained":["Doubt"]}],"is_beta":false,"boss_relics":[{"not_picked":["Coffee Dripper","Empty Cage"],"picked":"FrozenCore"},{"not_picked":["Lizard Tail","Runic Pyramid"],"picked":"Inserter"}],"items_purged_floors":[],"is_endless":false,"potions_floor_spawned":[2,5,7,14,16,18,28,33,35,41],"ascension_level":0}