{"gold_per_floor":[113,288,300,310,323,323,283,311,311,336,354,379,1,36,36,134,134,149,149,2,19,36,36,36],"floor_reached":24,"playtime":1696,"items_purged":["Doubt"],"score":351,"play_id":"9a810e0e-8b3e-4a65-8c7b-37c7dae52f64","local_time":"20190131151838","is_ascension_mode":true,"campfire_choices":[{"floor":6,"key":"REST"},{"floor":15,"key":"REST"},{"floor":23,"key":"REST"}],"neow_cost":"PERCENT_DAMAGE","seed_source_timestamp":1201099846700535,"circlet_count":0,"master_deck":["Strike_B","Strike_B","Strike_B","Defend_B","Defend_B","Defend_B","Defend_B","Zap","Dualcast","Creative AI","Self Repair","Steam","Coolheaded","BootSequence","Cold Snap","Ball Lightning","Hologram","Conserve Battery","Go for the Eyes+1","Turbo","Doom and Gloom"],"relics":["Cracked Core","Bag of Marbles","Kunai","StoneCalendar","Ancient Tea Set","Singing Bowl","Dodecahedron","Sozu","DataDisk"],"potions_floor_usage":[3,5,5,8,10,10,14,22,24],"damage_taken":[{"damage":13,"enemies":"Jaw Worm","floor":1,"turns":5},{"damage":5,"enemies":"Small Slimes","floor":3,"turns":2},{"damage":14,"enemies":"Cultist","floor":4,"turns":5},{"damage":16,"enemies":"Lots of Slimes","floor":5,"turns":4},{"damage":10,"enemies":"Lagavulin","floor":8,"turns":9},{"damage":23,"enemies":"3 Sentries","floor":10,"turns":8},{"damage":6,"enemies":"Gremlin Gang","floor":11,"turns":7},{"damage":0,"enemies":"Lagavulin","floor":12,"turns":7},{"damage":11,"enemies":"3 Sentries","floor":14,"turns":7},{"damage":37,"enemies":"Hexaghost","floor":16,"turns":11},{"damage":5,"enemies":"Shell Parasite","floor":18,"turns":7},{"damage":11,"enemies":"3 Byrds","floor":21,"turns":5},{"damage":62,"enemies":"3 Cultists","floor":22,"turns":7},{"damage":39,"enemies":"Slavers","floor":24,"turns":3}],"seed_played":"875996788611025375","potions_obtained":[{"floor":1,"key":"AttackPotion"},{"floor":3,"key":"PowerPotion"},{"floor":4,"key":"PowerPotion"},{"floor":7,"key":"Block Potion"},{"floor":7,"key":"LiquidBronze"},{"floor":7,"key":"LiquidBronze"},{"floor":8,"key":"Strength Potion"},{"floor":14,"key":"Swift Potion"}],"is_trial":false,"path_per_floor":["M","?","M","M","M","R","?","E","T","E","M","E","$","E","R","B",null,"M","?","$","M","M","R","E"],"character_chosen":"DEFECT","items_purchased":["Singing Bowl","PowerPotion","DataDisk"],"campfire_rested":3,"item_purchase_floors":[13,13,20],"current_hp_per_floor":[37,37,32,25,16,38,38,42,42,26,27,34,34,39,62,34,68,70,70,70,66,11,34,0],"gold":36,"neow_bonus":"THREE_RARE_CARDS","is_prod":false,"is_daily":false,"chose_seed":false,"campfire_upgraded":0,"win_rate":0,"timestamp":1548965918,"path_taken":["M","?","M","M","M","R","?","E","T","E","M","E","$","E","R","BOSS","M","?","$","M","M","R","E"],"build_version":"2019-01-23","purchased_purges":1,"victory":false,"max_hp_per_floor":[75,75,75,75,75,75,75,75,75,75,75,75,75,77,77,79,79,79,79,79,79,79,79,79],"card_choices":[{"not_picked":["Echo Form","Reboot"],"picked":"Creative AI","floor":0},{"not_picked":["Compile Driver","Rip and Tear"],"picked":"Self Repair","floor":1},{"not_picked":["Reinforced Body","Conserve Battery"],"picked":"Steam","floor":3},{"not_picked":["Ball Lightning","Rebound"],"picked":"Coolheaded","floor":4},{"not_picked":["Reinforced Body","Go for the Eyes"],"picked":"BootSequence","floor":5},{"not_picked":["Rebound","Leap"],"picked":"Cold Snap","floor":8},{"not_picked":["Sweeping Beam","Loop"],"picked":"Ball Lightning","floor":10},{"not_picked":["Blizzard","Redo"],"picked":"Hologram","floor":11},{"not_picked":["Tempest","Cold Snap"],"picked":"Conserve Battery","floor":12},{"not_picked":["Cold Snap","Creative AI","Streamline"],"picked":"Singing Bowl","floor":14},{"not_picked":["Amplify","Biased Cognition","Seek"],"picked":"Singing Bowl","floor":16},{"not_picked":["Gash+1","Undo"],"picked":"Go for the Eyes+1","floor":18},{"not_picked":["Coolheaded+1","Stack"],"picked":"Turbo","floor":21},{"not_picked":["Sunder","Loop"],"picked":"Doom and Gloom","floor":22}],"player_experience":237513,"relics_obtained":[{"floor":8,"key":"Bag of Marbles"},{"floor":9,"key":"Kunai"},{"floor":10,"key":"StoneCalendar"},{"floor":12,"key":"Ancient Tea Set"},{"floor":14,"key":"Dodecahedron"}],"event_choices":[{"damage_healed":0,"gold_gain":175,"player_choice":"AGREE","damage_taken":0,"max_hp_gain":0,"max_hp_loss":0,"event_name":"Liars Game","floor":2,"gold_loss":0,"cards_obtained":["Doubt"]},{"damage_healed":0,"gold_gain":0,"player_choice":"Bought 3 Potions","damage_taken":0,"max_hp_gain":0,"max_hp_loss":0,"event_name":"The Woman in Blue","floor":7,"gold_loss":0},{"cards_removed":["Strike_B"],"damage_healed":0,"gold_gain":0,"player_choice":"Offered Basic","damage_taken":0,"max_hp_gain":0,"max_hp_loss":0,"event_name":"Bonfire Elementals","floor":19,"gold_loss":0}],"is_beta":false,"boss_relics":[{"not_picked":["Snecko Eye","Fusion Hammer"],"picked":"Sozu"}],"items_purged_floors":[13],"is_endless":false,"potions_floor_spawned":[1,3,4,8,14,21,22],"killed_by":"Slavers","ascension_level":8}