{"gold_per_floor":[109,109,109,130,130,168,187,225,251,251],"floor_reached":10,"playtime":461,"items_purged":[],"score":116,"play_id":"61f5e5d7-6a28-4898-adf8-925e370685ed","local_time":"20190117185522","is_ascension_mode":true,"campfire_choices":[],"neow_cost":"NONE","seed_source_timestamp":5727992283826,"circlet_count":0,"master_deck":["Strike_R","Strike_R","Strike_R","Strike_R","Strike_R","Defend_R","Defend_R","Defend_R","Defend_R","Bash","Rage","Clash"],"relics":["Burning Blood","NeowsBlessing","Golden Idol","Bronze Scales","Art of War","Vajra"],"potions_floor_usage":[],"damage_taken":[{"damage":0,"enemies":"2 Louse","floor":1,"turns":1},{"damage":0,"enemies":"Small Slimes","floor":4,"turns":1},{"damage":0,"enemies":"Lagavulin","floor":6,"turns":1},{"damage":3,"enemies":"Jaw Worm","floor":7,"turns":3},{"damage":37,"enemies":"Gremlin Nob","floor":8,"turns":5},{"damage":49,"enemies":"3 Sentries","floor":10,"turns":5}],"seed_played":"-6561343494363229776","potions_obtained":[{"floor":1,"key":"GamblersBrew"},{"floor":6,"key":"FearPotion"},{"floor":7,"key":"SpeedPotion"},{"floor":8,"key":"Dexterity Potion"}],"is_trial":false,"path_per_floor":["M","?","?","M","?","E","M","E","T","E"],"character_chosen":"IRONCLAD","items_purchased":[],"campfire_rested":0,"item_purchase_floors":[],"current_hp_per_floor":[80,60,60,66,66,72,75,44,44,0],"gold":251,"neow_bonus":"THREE_ENEMY_KILL","is_prod":false,"is_daily":false,"chose_seed":false,"campfire_upgraded":0,"win_rate":0,"timestamp":1547769322,"path_taken":["M","?","?","M","?","E","M","E","T","E"],"build_version":"2019-01-10","purchased_purges":0,"victory":false,"max_hp_per_floor":[80,80,80,80,80,80,80,80,80,80],"card_choices":[{"not_picked":["Second Wind","Havoc","Burning Pact"],"picked":"SKIP","floor":1},{"not_picked":["Carnage","Body Slam","Sever Soul"],"picked":"SKIP","floor":4},{"not_picked":["Ghostly Armor","Entrench"],"picked":"Rage","floor":6},{"not_picked":["True Grit","Blood for Blood","Twin Strike"],"picked":"SKIP","floor":7},{"not_picked":["Shockwave","Combust"],"picked":"Clash","floor":8}],"player_experience":135600,"relics_obtained":[{"floor":6,"key":"Bronze Scales"},{"floor":8,"key":"Art of War"},{"floor":9,"key":"Vajra"}],"event_choices":[{"damage_healed":0,"gold_gain":0,"player_choice":"Take Damage","damage_taken":20,"relics_obtained":["Golden Idol"],"max_hp_gain":0,"max_hp_loss":0,"event_name":"Golden Idol","floor":2,"gold_loss":0},{"damage_healed":0,"gold_gain":0,"player_choice":"Ignored","damage_taken":0,"max_hp_gain":0,"max_hp_loss":0,"event_name":"Golden Wing","floor":3,"gold_loss":0},{"damage_healed":0,"gold_gain":0,"player_choice":"Leave","damage_taken":0,"max_hp_gain":0,"max_hp_loss":0,"event_name":"The Cleric","floor":5,"gold_loss":0}],"is_beta":false,"boss_relics":[],"items_purged_floors":[],"is_endless":false,"potions_floor_spawned":[1,6,7,8],"killed_by":"3 Sentries","ascension_level":3}