{"path_per_floor":["M","M","?","$","?","M","R","E","T","M","R","$","M","?","R","B",null,"M","?","?","$","?","R","$","R","T","?","?","$","M","E","R","B",null,"M","?","M","$","?","R","E","M","T","$","R","?"],"character_chosen":"IRONCLAD","items_purchased":["Juzu Bracelet","Battle Trance"],"gold_per_floor":[109,129,229,154,154,174,174,203,230,248,248,0,15,15,15,119,119,119,119,119,119,119,119,50,50,50,50,50,50,50,50,50,50,50,50,50,50,50,50,50,50,50,50,50,50,50],"floor_reached":47,"campfire_rested":1,"playtime":3755,"current_hp_per_floor":[80,75,75,75,75,80,80,70,70,75,75,75,77,70,70,40,80,80,80,80,80,80,80,80,80,80,65,65,65,69,47,47,50,85,69,69,71,71,53,78,84,85,85,85,85,85],"items_purged":["Strike_R","Strike_R"],"gold":50,"play_id":"9136b6ef-dc2d-4aa0-9441-43e46a6c2a7c","is_prod":false,"is_daily":false,"is_ascension_mode":false,"campfire_upgraded":7,"path_taken":["M","M","?","$","?","M","R","E","T","M","R","?","M","?","R","BOSS","M","?","?","$","?","R","$","R","T","?","?","?","M","E","R","BOSS","M","?","M","?","?","R","E","M","T","$","R","?","E"],"build_version":"2018-01-25-PROD3","purchased_purges":2,"victory":false,"master_deck":["Strike_R","Defend_R","Defend_R","Defend_R","Defend_R","Bash","Rampage+1","Spot Weakness","Armaments+1","Double Tap","Body Slam+1","Warcry+1","Inflame+1","Battle Trance+1","Metallicize+1","Barricade+1","Headbutt"],"max_hp_per_floor":[80,80,80,80,80,80,80,80,80,80,80,80,80,80,80,80,80,80,80,80,80,80,80,80,80,80,85,85,85,85,85,85,85,85,85,85,85,85,85,85,85,85,85,85,85,85],"relics":["Burning Blood","Bag of Marbles","Ice Cream","Omamori","Bag of Preparation","Juzu Bracelet","Ectoplasm","Thread and Needle","Bottled Flame","Dream Catcher","Velvet Choker","Gambling Chip","Regal Pillow","Ginger"],"card_choices":[{"not_picked":["Intimidate","Feel No Pain"],"picked":"Rampage"},{"not_picked":["Evolve","Warcry"],"picked":"Spot Weakness"},{"not_picked":["Flex","Anger"],"picked":"Armaments"},{"not_picked":["Fire Breathing","Second Wind"],"picked":"Double Tap"},{"not_picked":["Cleave","Armaments"],"picked":"Body Slam"},{"not_picked":["Double Tap","Feed"],"picked":"Fiend Fire"},{"not_picked":["Sword Boomerang","Flame Barrier"],"picked":"Warcry"},{"not_picked":["Warcry","Feel No Pain"],"picked":"Metallicize"},{"not_picked":["Thunderclap","Shrug It Off"],"picked":"Barricade"},{"not_picked":["Corruption","Sever Soul"],"picked":"Headbutt"}],"player_experience":48664,"potions_floor_usage":[16,18,31,47,47],"damage_taken":[{"damage":0,"enemies":"Cultist","floor":1,"turns":3},{"damage":11,"enemies":"Blue Slaver","floor":2,"turns":5},{"damage":1,"enemies":"Jaw Worm","floor":6,"turns":3},{"damage":16,"enemies":"Lagavulin","floor":8,"turns":5},{"damage":1,"enemies":"2 Fungi Beasts","floor":10,"turns":3},{"damage":4,"enemies":"Gremlin Gang","floor":13,"turns":5},{"damage":36,"enemies":"Hexaghost","floor":16,"turns":5},{"damage":0,"enemies":"Chosen","floor":18,"turns":3},{"damage":2,"enemies":"Shell Parasite","floor":30,"turns":3},{"damage":28,"enemies":"Gremlin Leader","floor":31,"turns":4},{"damage":3,"enemies":"Champ","floor":33,"turns":8},{"damage":22,"enemies":"3 Darklings","floor":35,"turns":5},{"damage":4,"enemies":"Orb Walker","floor":37,"turns":4},{"damage":24,"enemies":"Mysterious Sphere","floor":39,"turns":8},{"damage":0,"enemies":"Nemesis","floor":41,"turns":7},{"damage":4,"enemies":"4 Shapes","floor":42,"turns":7},{"damage":92,"enemies":"2 Orb Walkers","floor":47,"turns":5}],"event_choices":[{"event_name":"Golden Shrine","player_choice":"Pray","floor":3,"damage_taken":0},{"event_name":"Wheel of Change","player_choice":"Relic","floor":5,"damage_taken":0},{"event_name":"Golden Wing","player_choice":"Card Removal","floor":14,"damage_taken":0},{"event_name":"Wheel of Change","player_choice":"Card Removal","floor":19,"damage_taken":0},{"event_name":"The Mausoleum","player_choice":"Yes","floor":20,"damage_taken":0},{"event_name":"The Library","player_choice":"Read","floor":22,"damage_taken":0},{"event_name":"Forgotten Altar","player_choice":"Shed Blood","floor":27,"damage_taken":0},{"event_name":"Addict","player_choice":"Ignored","floor":28,"damage_taken":0},{"event_name":"Mysterious Sphere","player_choice":"Fight","floor":39,"damage_taken":0},{"event_name":"The Woman in Blue","player_choice":"Bought 0 Potions","floor":46,"damage_taken":0}],"boss_relics":[{"not_picked":["Black Blood","Runic Cube"],"picked":"Ectoplasm"},{"not_picked":["Calling Bell","Sozu"],"picked":"Velvet Choker"}],"potions_floor_spawned":[1,6,8,16,30,33,35,39],"seed_played":"-6384483423125896307","killed_by":"2 Orb Walkers","ascension_level":0,"is_trial":false}