{"path_per_floor":["M","M","M","M","T","E","M","M","T","M","R","E","M","M","R","B",null,"M","?","?","?","M","R","M","R","T","M","$","M","R","E","R"],"character_chosen":"IRONCLAD","items_purchased":["Perfected Strike","Finesse","Flame Barrier","Apotheosis"],"gold_per_floor":[113,133,150,160,160,194,211,231,231,242,242,275,293,306,306,401,401,413,413,413,413,432,432,451,451,451,467,1,17,17,48,48,48],"floor_reached":33,"campfire_rested":4,"playtime":4876,"current_hp_per_floor":[80,80,80,80,80,67,64,70,70,71,71,53,59,59,80,67,80,67,67,67,67,66,66,43,67,67,55,55,40,64,47,71,0],"items_purged":["Searing Blow"],"gold":48,"score":283,"play_id":"c12fcbfa-d848-47a0-91ea-d45b4168f1bc","local_time":"20180513190217","is_prod":false,"is_daily":false,"chose_seed":false,"is_ascension_mode":false,"campfire_upgraded":2,"timestamp":1526234537,"path_taken":["M","M","?","M","?","E","M","M","T","M","R","E","M","M","R","BOSS","M","?","?","?","M","R","M","R","T","M","$","M","R","E","R","BOSS"],"build_version":"2018-05-10","seed_source_timestamp":154906033849327,"purchased_purges":1,"victory":false,"master_deck":["Strike_R","Strike_R","Strike_R","Strike_R","Defend_R","Defend_R","Defend_R","Defend_R","Anger","Cleave","Perfected Strike","Metallicize","Anger","Shrug It Off","Seeing Red+1","Clash","Headbutt","Searing Blow+1","Impervious","Sword Boomerang+1","Rage","Burning Pact","Body Slam+1","Flex+1","Perfected Strike","Finesse","Flame Barrier","Apotheosis","Perfected Strike","Flame Barrier"],"max_hp_per_floor":[80,80,80,80,80,80,80,80,80,80,80,80,80,80,80,80,80,80,80,80,80,80,80,80,80,80,80,80,80,80,80,80,80],"relics":["Burning Blood","Unceasing Top","Centennial Puzzle","Self Forming Clay","Juzu Bracelet","Mark of Pain","Lantern","Darkstone Periapt","Happy Flower"],"card_choices":[{"not_picked":["Cleave","Flex"],"picked":"Anger","floor":1},{"not_picked":["Reckless Charge","Entrench"],"picked":"Cleave","floor":2},{"not_picked":["Flex","Burning Pact"],"picked":"Perfected Strike","floor":3},{"not_picked":["Body Slam","Reckless Charge"],"picked":"Searing Blow","floor":4},{"not_picked":["Pommel Strike","Clothesline"],"picked":"Metallicize","floor":6},{"not_picked":["Armaments","Cleave"],"picked":"Anger","floor":7},{"not_picked":["Cleave","Thunderclap"],"picked":"Shrug It Off","floor":8},{"not_picked":["Flame Barrier","Sword Boomerang"],"picked":"Seeing Red","floor":10},{"not_picked":["Hemokinesis","Berserk"],"picked":"Clash","floor":12},{"not_picked":["Armaments","Twin Strike"],"picked":"Headbutt","floor":13},{"not_picked":["Headbutt","Flex"],"picked":"Searing Blow","floor":14},{"not_picked":["Brutality","Juggernaut"],"picked":"Impervious","floor":16},{"not_picked":["Body Slam","Feel No Pain"],"picked":"Sword Boomerang","floor":18},{"not_picked":["Body Slam","Perfected Strike"],"picked":"Burning Pact","floor":22},{"not_picked":["Feel No Pain","Thunderclap"],"picked":"Body Slam","floor":24},{"not_picked":["Brutality","Body Slam"],"picked":"Flex","floor":27},{"not_picked":["Pommel Strike","Searing Blow"],"picked":"Perfected Strike","floor":29},{"not_picked":["Twin Strike","Rupture"],"picked":"Flame Barrier","floor":31}],"player_experience":5313,"potions_floor_usage":[3],"damage_taken":[{"damage":1,"enemies":"Cultist","floor":1,"turns":4},{"damage":0,"enemies":"2 Louse","floor":2,"turns":4},{"damage":0,"enemies":"Small Slimes","floor":3,"turns":3},{"damage":5,"enemies":"Looter","floor":4,"turns":3},{"damage":19,"enemies":"3 Sentries","floor":6,"turns":6},{"damage":9,"enemies":"Blue Slaver","floor":7,"turns":4},{"damage":0,"enemies":"Large Slime","floor":8,"turns":5},{"damage":5,"enemies":"Gremlin Gang","floor":10,"turns":4},{"damage":24,"enemies":"Lagavulin","floor":12,"turns":6},{"damage":0,"enemies":"2 Fungi Beasts","floor":13,"turns":3},{"damage":6,"enemies":"Large Slime","floor":14,"turns":4},{"damage":19,"enemies":"Slime Boss","floor":16,"turns":11},{"damage":19,"enemies":"3 Byrds","floor":18,"turns":7},{"damage":7,"enemies":"Shell Parasite","floor":22,"turns":4},{"damage":29,"enemies":"Snake Plant","floor":24,"turns":6},{"damage":18,"enemies":"3 Cultists","floor":27,"turns":7},{"damage":21,"enemies":"Slaver and Parasite","floor":29,"turns":6},{"damage":23,"enemies":"Gremlin Leader","floor":31,"turns":7},{"damage":83,"enemies":"Automaton","floor":33,"turns":6}],"event_choices":[{"event_name":"The Mausoleum","player_choice":"Yes","floor":19,"damage_taken":0},{"event_name":"The Library","player_choice":"Read","floor":20,"damage_taken":0},{"event_name":"Bonfire Elementals","player_choice":"BASIC","floor":21,"damage_taken":0}],"boss_relics":[{"not_picked":["White Beast Statue","Ectoplasm"],"picked":"Mark of Pain"}],"potions_floor_spawned":[2,3,7,13,14,22,31],"seed_played":"6018292217459335406","killed_by":"Automaton","ascension_level":0,"is_trial":false}