{"gold_per_floor":[118,137,150,163,163,163,188,201,255,255,287,303,78,104,104,104],"floor_reached":16,"playtime":619,"items_purged":["Strike_R"],"score":214,"play_id":"7f9ff85e-6807-4071-8a18-9f4cfa90e781","local_time":"20190118184332","is_ascension_mode":true,"campfire_choices":[{"data":"Havoc","floor":6,"key":"SMITH"},{"floor":10,"key":"REST"},{"data":"Juggernaut","floor":15,"key":"SMITH"}],"neow_cost":"NONE","seed_source_timestamp":7329669606048,"circlet_count":0,"master_deck":["AscendersBane","Strike_R","Strike_R","Strike_R","Strike_R","Defend_R","Defend_R","Defend_R","Defend_R","Bash","Iron Wave","Havoc+1","Pommel Strike+1","Combust","Dropkick","Juggernaut+1"],"relics":["Burning Blood","Potion Belt","Art of War","Blue Candle","Anchor"],"potions_floor_usage":[11,14],"damage_taken":[{"damage":7,"enemies":"2 Louse","floor":1,"turns":3},{"damage":6,"enemies":"Cultist","floor":2,"turns":4},{"damage":0,"enemies":"Small Slimes","floor":3,"turns":3},{"damage":2,"enemies":"Looter","floor":4,"turns":4},{"damage":42,"enemies":"Lagavulin","floor":7,"turns":6},{"damage":13,"enemies":"Exordium Wildlife","floor":8,"turns":4},{"damage":20,"enemies":"Gremlin Nob","floor":11,"turns":4},{"damage":8,"enemies":"3 Louse","floor":12,"turns":3},{"damage":13,"enemies":"Lagavulin","floor":14,"turns":7},{"damage":40,"enemies":"The Guardian","floor":16,"turns":5}],"seed_played":"-6298123295859047591","potions_obtained":[{"floor":7,"key":"Dexterity Potion"},{"floor":8,"key":"PowerPotion"},{"floor":11,"key":"Ancient Potion"},{"floor":12,"key":"Explosive Potion"}],"is_trial":false,"path_per_floor":["M","M","M","M","?","R","E","M","T","R","E","M","$","E","R","B"],"character_chosen":"IRONCLAD","items_purchased":["Juggernaut","EssenceOfSteel"],"campfire_rested":1,"item_purchase_floors":[13,13],"current_hp_per_floor":[74,74,80,82,82,82,46,39,39,63,49,47,47,40,40,0],"gold":104,"neow_bonus":"TEN_PERCENT_HP_BONUS","is_prod":false,"is_daily":false,"chose_seed":false,"campfire_upgraded":2,"win_rate":0,"timestamp":1547855012,"path_taken":["M","M","M","M","?","R","E","M","T","R","E","?","$","E","R","BOSS"],"build_version":"2019-01-17v2","purchased_purges":1,"victory":false,"max_hp_per_floor":[82,82,82,82,82,82,82,82,82,82,82,82,82,82,82,82],"card_choices":[{"not_picked":["Warcry","Clothesline"],"picked":"Iron Wave","floor":1},{"not_picked":["Second Wind","Body Slam"],"picked":"Havoc","floor":2},{"not_picked":["Pummel","Sword Boomerang","Hemokinesis"],"picked":"SKIP","floor":3},{"not_picked":["Sword Boomerang","Hemokinesis"],"picked":"Pommel Strike","floor":4},{"not_picked":["Warcry","Twin Strike"],"picked":"Combust","floor":7},{"not_picked":["Sword Boomerang","Flex"],"picked":"Dropkick","floor":8},{"not_picked":["Barricade","Anger","True Grit"],"picked":"SKIP","floor":11},{"not_picked":["Body Slam","Perfected Strike","Clothesline"],"picked":"SKIP","floor":12},{"not_picked":["Anger","Perfected Strike","Cleave"],"picked":"SKIP","floor":14}],"player_experience":1028221,"relics_obtained":[{"floor":7,"key":"Potion Belt"},{"floor":9,"key":"Art of War"},{"floor":11,"key":"Blue Candle"},{"floor":14,"key":"Anchor"}],"event_choices":[{"damage_healed":0,"gold_gain":0,"player_choice":"Upgraded","damage_taken":0,"max_hp_gain":0,"max_hp_loss":0,"event_name":"Upgrade Shrine","floor":5,"gold_loss":0,"cards_upgraded":["Pommel Strike"]}],"is_beta":false,"boss_relics":[],"items_purged_floors":[13],"is_endless":false,"potions_floor_spawned":[7,8,11,12],"killed_by":"The Guardian","ascension_level":15}