{"gold_per_floor":[139,139,139,149,324,324,396,396,396,431,469,469,14,32,32,32],"floor_reached":16,"playtime":561,"items_purged":["Doubt"],"score":145,"play_id":"3afa3427-16c2-4b98-b944-6c359d8dfd1b","local_time":"20190214090909","is_ascension_mode":true,"campfire_choices":[{"data":"Zap","floor":6,"key":"SMITH"},{"floor":8,"key":"REST"},{"floor":15,"key":"REST"}],"neow_cost":"CURSE","seed_source_timestamp":117954011831625,"circlet_count":0,"master_deck":["Strike_B","Strike_B","Strike_B","Strike_B","Defend_B","Defend_B","Defend_B","Defend_B","Zap+1","Dualcast","Transmutation","HandOfGreed","Doom and Gloom","Go for the Eyes","Cold Snap","Leap","Conserve Battery","Fission","Good Instincts"],"special_seed":0,"relics":["Cracked Core","NlothsMask","Letter Opener","Singing Bowl","Regal Pillow"],"potions_floor_usage":[7,14],"damage_taken":[{"damage":1.0,"enemies":"Cultist","floor":1.0,"turns":3.0},{"damage":4,"enemies":"Jaw Worm","floor":4,"turns":3},{"damage":47,"enemies":"3 Sentries","floor":7,"turns":9},{"damage":0,"enemies":"Small Slimes","floor":10,"turns":3},{"damage":0,"enemies":"Exordium Wildlife","floor":11,"turns":3},{"damage":1,"enemies":"Large Slime","floor":14,"turns":4},{"damage":55,"enemies":"Slime Boss","floor":16,"turns":10}],"seed_played":"-6871128882473009635","potions_obtained":[{"floor":4,"key":"GamblersBrew"},{"floor":7,"key":"SkillPotion"}],"is_trial":false,"path_per_floor":["M","?","?","M","?","R","E","R","T","M","M","?","$","M","R","B"],"character_chosen":"DEFECT","items_purchased":["Regal Pillow","Fission","Good Instincts"],"campfire_rested":2,"item_purchase_floors":[13,13,13],"current_hp_per_floor":[67,67,67,63,63,63,16,38,38,38,38,5,5,6,44,0],"gold":32,"neow_bonus":"RANDOM_COLORLESS_2","is_prod":false,"is_daily":false,"chose_seed":false,"campfire_upgraded":1,"win_rate":0,"timestamp":1550153349,"path_taken":["M","?","?","?","?","R","E","R","T","M","M","?","$","M","R","BOSS"],"build_version":"2019-01-23","purchased_purges":1,"victory":false,"max_hp_per_floor":[75,75,75,75,75,75,75,75,75,75,75,75,75,77,77,77],"card_choices":[{"not_picked":["Rebound","Turbo"],"picked":"Doom and Gloom","floor":1.0},{"not_picked":["Streamline","Recycle"],"picked":"Go for the Eyes","floor":4},{"not_picked":["Hello World","Sweeping Beam"],"picked":"Cold Snap","floor":7},{"not_picked":["Chaos","Force Field"],"picked":"Leap","floor":10},{"not_picked":["Go for the Eyes","Coolheaded"],"picked":"Conserve Battery","floor":11},{"not_picked":["Storm","Barrage","Compile Driver"],"picked":"Singing Bowl","floor":14}],"player_experience":277169,"relics_obtained":[{"floor":7,"key":"Letter Opener"}],"event_choices":[{"cards_removed":["Normality"],"damage_healed":0,"gold_gain":0,"player_choice":"Forget","damage_taken":0,"max_hp_gain":0,"max_hp_loss":0,"event_name":"Living Wall","floor":2,"gold_loss":0},{"damage_healed":0,"gold_gain":0,"player_choice":"Trade","damage_taken":0,"relics_obtained":["NlothsMask"],"max_hp_gain":0,"max_hp_loss":0,"event_name":"FaceTrader","floor":3,"gold_loss":0},{"damage_healed":0,"gold_gain":175,"player_choice":"AGREE","damage_taken":0,"max_hp_gain":0,"max_hp_loss":0,"event_name":"Liars Game","floor":5,"gold_loss":0,"cards_obtained":["Doubt"]},{"damage_healed":0,"gold_gain":0,"player_choice":"Success","damage_taken":33,"relics_obtained":["Singing Bowl"],"max_hp_gain":0,"max_hp_loss":0,"event_name":"Scrap Ooze","floor":12,"gold_loss":0}],"is_beta":false,"boss_relics":[],"items_purged_floors":[13],"is_endless":false,"potions_floor_spawned":[4,7],"killed_by":"Slime Boss","ascension_level":9}