{"gold_per_floor":[116,141,153,228,228,256,256,267,267,139,164,164,164,198,198,301,301,314,331,343,357,357,390,390,315,338,87,87,98,110,110,110,210,210,221,241,258,273,0,0,30,30,30,30,30,61,61,91,91,91],"floor_reached":50,"playtime":2624,"items_purged":[],"score":912,"play_id":"be50bc8b-2756-42de-b3ae-50ea04b997cf","local_time":"20190308171317","is_ascension_mode":true,"campfire_choices":[{"floor":7,"key":"REST"},{"floor":12,"key":"REST"},{"data":"Footwork","floor":15,"key":"SMITH"},{"data":"Well Laid Plans","floor":24,"key":"SMITH"},{"data":"Wraith Form v2","floor":28,"key":"SMITH"},{"floor":32,"key":"REST"},{"floor":40,"key":"REST"},{"floor":42,"key":"REST"},{"floor":47,"key":"REST"},{"floor":49,"key":"RECALL"}],"neow_cost":"NONE","seed_source_timestamp":300299833317760,"circlet_count":0,"master_deck":["AscendersBane","Survivor","Neutralize+1","Riddle With Holes","Deflect","Wraith Form v2+1","Unload","Backflip","Quick Slash+1","Dagger Spray","Calculated Gamble","Footwork+1","Escape Plan","Prepared","Noxious Fumes","Cloak And Dagger","Cloak And Dagger","Adrenaline","Deadly Poison+1","Well Laid Plans+1","Dagger Throw+1","Cloak And Dagger","Footwork+1","Poisoned Stab+1","Tactician+1"],"relics":["Pandora\u0027s Box","Bronze Scales","Blood Vial","Singing Bowl","Ancient Tea Set","Blue Candle","Busted Crown","MutagenicStrength","Pantograph","Strawberry","Shuriken","Red Mask","Darkstone Periapt","Molten Egg 2","Whetstone"],"potions_floor_usage":[6,14,23,23,35,41,46,46,50],"damage_taken":[{"damage":0,"enemies":"Cultist","floor":1,"turns":2},{"damage":0,"enemies":"2 Louse","floor":3,"turns":2},{"damage":16,"enemies":"3 Sentries","floor":6,"turns":4},{"damage":0,"enemies":"Jaw Worm","floor":8,"turns":3},{"damage":27,"enemies":"Gremlin Nob","floor":11,"turns":4},{"damage":4,"enemies":"Lagavulin","floor":14,"turns":6},{"damage":12,"enemies":"The Guardian","floor":16,"turns":12},{"damage":0,"enemies":"Spheric Guardian","floor":18,"turns":4},{"damage":6,"enemies":"3 Byrds","floor":19,"turns":3},{"damage":8,"enemies":"3 Cultists","floor":20,"turns":5},{"damage":20,"enemies":"Sentry and Sphere","floor":21,"turns":6},{"damage":0,"enemies":"Slavers","floor":23,"turns":5},{"damage":8,"enemies":"Centurion and Healer","floor":29,"turns":5},{"damage":10,"enemies":"Snake Plant","floor":30,"turns":4},{"damage":18,"enemies":"Colosseum Slavers","floor":31,"turns":4},{"damage":66,"enemies":"Collector","floor":33,"turns":9},{"damage":21,"enemies":"3 Darklings","floor":35,"turns":6},{"damage":0,"enemies":"Orb Walker","floor":36,"turns":4},{"damage":3,"enemies":"Maw","floor":37,"turns":8},{"damage":38,"enemies":"3 Darklings","floor":38,"turns":5},{"damage":13,"enemies":"Nemesis","floor":41,"turns":9},{"damage":6,"enemies":"Reptomancer","floor":46,"turns":7},{"damage":12,"enemies":"Nemesis","floor":48,"turns":9},{"damage":137,"enemies":"Time Eater","floor":50,"turns":11}],"seed_played":"-7696018602806474616","potions_obtained":[{"floor":1,"key":"Energy Potion"},{"floor":3,"key":"Strength Potion"},{"floor":6,"key":"Block Potion"},{"floor":11,"key":"LiquidBronze"},{"floor":21,"key":"EssenceOfSteel"},{"floor":23,"key":"Fire Potion"},{"floor":33,"key":"Block Potion"},{"floor":35,"key":"PowerPotion"},{"floor":41,"key":"Regen Potion"}],"is_trial":false,"path_per_floor":["M","T","M","?","?","E","R","M","T","$","E","R","?","E","R","B",null,"M","M","M","M","?","E","R","?","T","$","R","M","M","?","R","B",null,"M","M","M","M","?","R","E","R","T","$","?","E","R","E","R","B"],"character_chosen":"THE_SILENT","items_purchased":["Noxious Fumes","Cloak And Dagger","Shuriken"],"campfire_rested":6,"item_purchase_floors":[10,10,27],"current_hp_per_floor":[63,63,63,52,52,36,57,59,59,59,36,57,57,55,55,45,65,67,65,61,45,45,47,47,47,54,54,54,50,44,28,54,17,73,56,60,59,23,23,51,40,68,68,68,68,79,95,83,83,0],"gold":91,"neow_bonus":"BOSS_RELIC","is_prod":false,"is_daily":false,"chose_seed":false,"campfire_upgraded":3,"win_rate":0,"timestamp":1552083197,"path_taken":["M","?","?","?","?","E","R","M","T","$","E","R","?","E","R","BOSS","M","?","?","?","?","E","R","?","T","$","R","?","M","?","R","BOSS","M","M","M","M","?","R","E","R","T","$","?","E","R","E","R","BOSS"],"build_version":"2019-01-23","purchased_purges":0,"victory":false,"max_hp_per_floor":[70,70,70,70,70,70,70,70,70,70,72,72,72,72,72,72,72,72,74,76,78,78,78,78,78,85,85,85,87,89,89,89,91,91,93,95,95,95,95,95,95,95,95,95,95,95,95,95,95,95],"card_choices":[{"not_picked":["Finisher","Tactician"],"picked":"Escape Plan","floor":1},{"not_picked":["Blade Dance","Footwork","Flechettes"],"picked":"SKIP","floor":3},{"not_picked":["Quick Slash","Blur"],"picked":"Prepared","floor":6},{"not_picked":["Poisoned Stab","Flechettes"],"picked":"Slice","floor":8},{"not_picked":["Acrobatics","Flechettes","Riddle With Holes"],"picked":"Singing Bowl","floor":11},{"not_picked":["Dagger Throw","Dagger Spray"],"picked":"Cloak And Dagger","floor":14},{"not_picked":["Wraith Form v2","Night Terror"],"picked":"Adrenaline","floor":16},{"not_picked":[],"picked":"Deadly Poison+1","floor":18},{"not_picked":["Finisher"],"picked":"Singing Bowl","floor":19},{"not_picked":["Prepared"],"picked":"Singing Bowl","floor":20},{"not_picked":["Bane"],"picked":"Singing Bowl","floor":21},{"not_picked":[],"picked":"Well Laid Plans","floor":23},{"not_picked":["Deflect"],"picked":"Singing Bowl","floor":29},{"not_picked":["Flying Knee"],"picked":"Singing Bowl","floor":30},{"not_picked":["Phantasmal Killer"],"picked":"Singing Bowl","floor":33},{"not_picked":["Concentrate+1"],"picked":"Singing Bowl","floor":35},{"not_picked":["Quick Slash"],"picked":"Singing Bowl","floor":36},{"not_picked":[],"picked":"Dagger Throw+1","floor":37},{"not_picked":[],"picked":"Cloak And Dagger","floor":38},{"not_picked":[],"picked":"Footwork+1","floor":41},{"not_picked":[],"picked":"Poisoned Stab+1","floor":46},{"not_picked":[],"picked":"Tactician+1","floor":48}],"player_experience":424396,"relics_obtained":[{"floor":2,"key":"Bronze Scales"},{"floor":6,"key":"Blood Vial"},{"floor":9,"key":"Singing Bowl"},{"floor":11,"key":"Ancient Tea Set"},{"floor":14,"key":"Blue Candle"},{"floor":23,"key":"Pantograph"},{"floor":26,"key":"Strawberry"},{"floor":41,"key":"Darkstone Periapt"},{"floor":46,"key":"Molten Egg 2"},{"floor":48,"key":"Whetstone"}],"event_choices":[{"damage_healed":0,"gold_gain":75,"player_choice":"Gather Gold","damage_taken":11,"max_hp_gain":0,"max_hp_loss":0,"event_name":"World of Goop","floor":4,"gold_loss":0},{"damage_healed":0,"gold_gain":0,"player_choice":"Ignored","damage_taken":0,"max_hp_gain":0,"max_hp_loss":0,"event_name":"Liars Game","floor":5,"gold_loss":0},{"damage_healed":0,"gold_gain":0,"player_choice":"Bought 0 Potions","damage_taken":0,"max_hp_gain":0,"max_hp_loss":0,"event_name":"The Woman in Blue","floor":13,"gold_loss":0},{"damage_healed":0,"gold_gain":0,"player_choice":"Inject Mutagens","damage_taken":0,"relics_obtained":["MutagenicStrength"],"max_hp_gain":0,"max_hp_loss":0,"event_name":"Drug Dealer","floor":22,"gold_loss":0},{"cards_removed":["Slice"],"damage_healed":0,"gold_gain":0,"player_choice":"Gave Gold","damage_taken":0,"max_hp_gain":0,"max_hp_loss":0,"event_name":"Beggar","floor":25,"gold_loss":75},{"damage_healed":0,"gold_gain":0,"player_choice":"Fight","damage_taken":0,"max_hp_gain":0,"max_hp_loss":0,"event_name":"Colosseum","floor":31,"gold_loss":0},{"damage_healed":0,"gold_gain":0,"player_choice":"Fled From Nobs","damage_taken":0,"max_hp_gain":0,"max_hp_loss":0,"event_name":"Colosseum","floor":31,"gold_loss":0},{"damage_healed":0,"gold_gain":0,"player_choice":"Paid","damage_taken":0,"relics_obtained":["Red Mask"],"max_hp_gain":0,"max_hp_loss":0,"event_name":"Tomb of Lord Red Mask","floor":39,"gold_loss":273},{"cards_removed":["Glass Knife"],"damage_healed":0,"gold_gain":0,"player_choice":"Removed Attack","damage_taken":0,"max_hp_gain":0,"max_hp_loss":0,"event_name":"Falling","floor":45,"gold_loss":0}],"is_beta":false,"boss_relics":[{"not_picked":["Fusion Hammer","Philosopher\u0027s Stone"],"picked":"Busted Crown"},{"not_picked":["Velvet Choker","Runic Dome","Empty Cage"]}],"items_purged_floors":[],"is_endless":false,"potions_floor_spawned":[1,3,6,11,21,23,31,33,35,41],"killed_by":"Time Eater","ascension_level":10}