{"gold_per_floor":[118,118,131,145,164,164,195,195,195,271,96,116,116,86,86,179,179,199,199,22,22,22,22,66,89,89,103,103,67,102,125,125,125],"floor_reached":33,"playtime":1799,"items_purged":["Strike_G","Poisoned Stab"],"score":579,"play_id":"b4fa96cd-9c4e-4a0b-962a-4ae741e1b1b4","local_time":"20180719173810","is_ascension_mode":true,"campfire_choices":[{"data":"Neutralize","floor":6,"key":"SMITH"},{"data":"1","floor":13,"key":"LIFT"},{"data":"2","floor":15,"key":"LIFT"},{"data":"Concentrate","floor":23,"key":"SMITH"},{"data":"3","floor":28,"key":"LIFT"},{"data":"Malaise","floor":32,"key":"SMITH"}],"neow_cost":"NONE","seed_source_timestamp":467977529648897,"circlet_count":0,"master_deck":["Survivor","Neutralize+1","AscendersBane","Cloak And Dagger","Quick Slash","Terror","Malaise+1","Infinite Blades","Bandage Up","Backflip","Concentrate+1","Tools of the Trade","Quick Slash","Slice","PiercingWail","Skewer","Leg Sweep","Cloak And Dagger","Underhanded Strike","Prepared","Blur","Blur","Calculated Gamble","Noxious Fumes","Skewer+1"],"relics":["Black Star","Golden Idol","Calipers","Mango","Girya","Tough Bandages","Pandora\u0027s Box","Orichalcum","Anchor","Bronze Scales","Potion Belt","Bird Faced Urn","Dead Branch"],"potions_floor_usage":[5,10,10,16,18,18,30,33],"damage_taken":[{"damage":2,"enemies":"Jaw Worm","floor":1,"turns":6},{"damage":0,"enemies":"Small Slimes","floor":3,"turns":4},{"damage":0,"enemies":"2 Louse","floor":4,"turns":3},{"damage":17,"enemies":"Lots of Slimes","floor":5,"turns":7},{"damage":20,"enemies":"Lagavulin","floor":7,"turns":10},{"damage":24,"enemies":"Lagavulin Event","floor":10,"turns":6},{"damage":7,"enemies":"Large Slime","floor":12,"turns":7},{"damage":1,"enemies":"Looter","floor":14,"turns":4},{"damage":0,"enemies":"Hexaghost","floor":16,"turns":10},{"damage":10,"enemies":"2 Thieves","floor":18,"turns":4},{"damage":27,"enemies":"Gremlin Leader","floor":24,"turns":11},{"damage":6,"enemies":"Spheric Guardian","floor":27,"turns":5},{"damage":30,"enemies":"Slavers","floor":30,"turns":7},{"damage":0,"enemies":"3 Cultists","floor":31,"turns":5},{"damage":26,"enemies":"Automaton","floor":33,"turns":4}],"seed_played":"-4920192251751893045","potions_obtained":[{"floor":1,"key":"Dexterity Potion"},{"floor":8,"key":"Regen Potion"},{"floor":8,"key":"Strength Potion"},{"floor":10,"key":"Explosive Potion"},{"floor":10,"key":"Swift Potion"},{"floor":16,"key":"Dexterity Potion"},{"floor":18,"key":"GamblersBrew"},{"floor":31,"key":"AttackPotion"}],"is_trial":false,"path_per_floor":["M","?","M","M","M","R","E","?","T","?","$","M","R","M","R","B",null,"M","?","$","?","?","R","E","T","T","M","R","$","E","M","R"],"character_chosen":"THE_SILENT","items_purchased":["Bandage Up","Blur","Noxious Fumes"],"campfire_rested":0,"item_purchase_floors":[11,20,29],"current_hp_per_floor":[57,57,57,57,40,40,34,34,34,25,25,22,22,25,25,29,63,57,57,57,57,57,57,34,34,34,32,32,32,6,18,18,0],"gold":125,"neow_bonus":"BOSS_RELIC","is_prod":false,"is_daily":false,"chose_seed":false,"campfire_upgraded":3,"win_rate":0,"timestamp":1532036290,"path_taken":["M","?","M","M","M","R","E","?","T","?","$","?","R","M","R","BOSS","M","?","$","?","?","R","E","?","T","M","R","$","E","M","R","BOSS"],"build_version":"2018-07-12","purchased_purges":2,"victory":false,"max_hp_per_floor":[66,60,60,60,60,60,74,74,74,74,74,74,74,74,74,74,74,74,74,74,74,74,74,74,74,74,74,74,74,74,74,74,74],"card_choices":[{"not_picked":["Masterful Stab","Prepared"],"picked":"Cloak And Dagger","floor":1},{"not_picked":["Crippling Poison","Predator"],"picked":"Quick Slash","floor":3},{"not_picked":["Acrobatics","Cloak And Dagger"],"picked":"Terror","floor":4},{"not_picked":["Catalyst","Corpse Explosion"],"picked":"Malaise","floor":5},{"not_picked":["Deadly Poison","Underhanded Strike","Sucker Punch"],"picked":"SKIP","floor":7},{"not_picked":["Quick Slash","Bane"],"picked":"Infinite Blades","floor":10},{"not_picked":["Endless Agony","Terror"],"picked":"Backflip","floor":12},{"not_picked":["Dodge and Roll","Venomology"],"picked":"Concentrate","floor":14},{"not_picked":["Unload","Wraith Form v2"],"picked":"Tools of the Trade","floor":16},{"not_picked":["Predator","Finisher"],"picked":"Prepared","floor":18},{"not_picked":["Dagger Throw","Crippling Poison"],"picked":"Blur","floor":24},{"not_picked":["Sucker Punch","Quick Slash"],"picked":"Calculated Gamble","floor":27},{"not_picked":["Acrobatics","Escape Plan"],"picked":"Skewer+1","floor":30},{"not_picked":["Flying Knee+1","Acrobatics","Sucker Punch"],"picked":"SKIP","floor":31}],"player_experience":491177,"relics_obtained":[{"floor":7,"key":"Calipers"},{"floor":7,"key":"Mango"},{"floor":9,"key":"Girya"},{"floor":10,"key":"Tough Bandages"},{"floor":24,"key":"Orichalcum"},{"floor":24,"key":"Anchor"},{"floor":25,"key":"Bronze Scales"},{"floor":26,"key":"Potion Belt"},{"floor":30,"key":"Bird Faced Urn"},{"floor":30,"key":"Dead Branch"}],"event_choices":[{"event_name":"Golden Idol","player_choice":"Lose Max HP","floor":2,"damage_taken":0},{"event_name":"The Lab","player_choice":"Got Potions","floor":8,"damage_taken":0},{"event_name":"Dead Adventurer","player_choice":"Searched \u00271\u0027 times","floor":10,"damage_taken":0},{"event_name":"Back to Basics","player_choice":"Elegance","floor":19,"damage_taken":0},{"event_name":"Drug Dealer","player_choice":"Ignored","floor":21,"damage_taken":0},{"event_name":"Beggar","player_choice":"Ignored","floor":22,"damage_taken":0}],"boss_relics":[{"not_picked":["Philosopher\u0027s Stone","Lizard Tail"],"picked":"Pandora\u0027s Box"}],"items_purged_floors":[11,20],"is_endless":false,"potions_floor_spawned":[1,10,10,12,16,18,31],"killed_by":"Automaton","ascension_level":15}