{"path_per_floor":["M","M","?","M","$","R","E","$","T","R","M","M","M","?","R","B",null,"M","M","$","M","?"],"character_chosen":"THE_SILENT","items_purchased":["Footwork"],"gold_per_floor":[117,127,127,138,71,71,98,23,94,94,104,114,131,111,111,209,209,219,199,99,115,15],"floor_reached":23,"campfire_rested":0,"playtime":879,"current_hp_per_floor":[63,62,62,58,58,58,48,48,48,48,48,48,48,48,48,29,60,49,32,32,7,7],"items_purged":["Strike_G","Strike_G"],"gold":15,"score":279,"play_id":"881e2767-a3de-4b18-bb10-2bc97240d79e","is_prod":false,"is_daily":false,"is_ascension_mode":true,"campfire_upgraded":3,"path_taken":["M","M","?","M","$","R","E","$","T","R","M","M","M","?","R","BOSS","M","M","$","?","?","E"],"build_version":"2018-02-22-PROD2","purchased_purges":2,"victory":false,"master_deck":["Defend_G","Defend_G","Defend_G","Defend_G","Defend_G","Strike_G","Strike_G","Strike_G","Survivor","Neutralize+1","Glass Knife+1","Slice","Backflip","Finisher","Footwork+1","Quick Slash","Cloak And Dagger","Burst","Injury","Writhe","Injury","Footwork","Well Laid Plans","Noxious Fumes","J.A.X."],"max_hp_per_floor":[70,70,70,70,70,70,70,70,70,70,70,70,70,70,70,70,70,70,70,70,70,70],"relics":["Ring of the Snake","Spirit Poop","Ninja Scroll","Blue Candle","Calling Bell","Bag of Preparation","Ice Cream","Calipers"],"card_choices":[{"not_picked":["Tactician","Doppelganger"],"picked":"Glass Knife"},{"not_picked":["Poisoned Stab","Finisher"],"picked":"Slice"},{"not_picked":["Slice","Poisoned Stab"],"picked":"Backflip"},{"not_picked":["Eviscerate","Prepared"],"picked":"Finisher"},{"not_picked":["Deflect","Heel Hook"],"picked":"Quick Slash"},{"not_picked":["Deadly Poison","Distraction"],"picked":"Cloak And Dagger"},{"not_picked":["Grand Finale","Wraith Form"],"picked":"Burst"},{"not_picked":["Bane","Well Laid Plans"],"picked":"Footwork"},{"not_picked":["Outmaneuver","Malaise"],"picked":"Well Laid Plans"},{"not_picked":["Predator","Sucker Punch"],"picked":"Noxious Fumes"}],"player_experience":240813,"potions_floor_usage":[7,13,16,16,21],"damage_taken":[{"damage":0,"enemies":"Jaw Worm","floor":1,"turns":4},{"damage":1,"enemies":"Cultist","floor":2,"turns":4},{"damage":4,"enemies":"Small Slimes","floor":4,"turns":3},{"damage":25,"enemies":"Lagavulin","floor":7,"turns":6},{"damage":0,"enemies":"Blue Slaver","floor":11,"turns":2},{"damage":0,"enemies":"Gremlin Gang","floor":12,"turns":2},{"damage":0,"enemies":"Exordium Thugs","floor":13,"turns":2},{"damage":19,"enemies":"Slime Boss","floor":16,"turns":7},{"damage":11,"enemies":"Chosen","floor":18,"turns":6},{"damage":17,"enemies":"2 Thieves","floor":19,"turns":4},{"damage":25,"enemies":"Snecko","floor":21,"turns":7},{"damage":0,"enemies":"Slavers","floor":23,"turns":1}],"event_choices":[{"event_name":"Bonfire Elementals","player_choice":"CURSE","floor":3,"damage_taken":0},{"event_name":"The Woman in Blue","player_choice":"Bought 1 Potion","floor":14,"damage_taken":0},{"event_name":"Drug Dealer","player_choice":"Got JAXXED","floor":22,"damage_taken":0}],"boss_relics":[{"not_picked":["Astrolabe","The Specimen"],"picked":"Calling Bell"}],"potions_floor_spawned":[2,11,12,13,18],"seed_played":"-8836116108608274430","killed_by":"Slavers","ascension_level":9,"is_trial":false}