{"gold_per_floor":[113,13,13,23,42,77,97,97,97,129,129,154,174,174,174,251,251,271,284,284,284,294,325,325,360,360,395,411,411,136,155,155,229,229,248,248,209,227,0,25,25,56,56,56,72,72,90,90,90,90],"floor_reached":50,"playtime":2459,"items_purged":["Shame"],"score":1135,"play_id":"3bbc449c-ab80-4bbb-811d-2ceac05ddd36","local_time":"20190225230454","is_ascension_mode":true,"campfire_choices":[{"data":"Zap","floor":8,"key":"SMITH"},{"data":"White Noise","floor":15,"key":"SMITH"},{"data":"Dualcast","floor":24,"key":"SMITH"},{"floor":29,"key":"REST"},{"data":"Darkness","floor":32,"key":"SMITH"},{"floor":41,"key":"RECALL"},{"floor":46,"key":"REST"},{"floor":49,"key":"REST"}],"neow_cost":"CURSE","seed_source_timestamp":1116616602000040,"circlet_count":0,"master_deck":["AscendersBane","Strike_B","Defend_B","Defend_B","Defend_B","Defend_B","Zap+1","Dualcast+1","Stack","Conserve Battery","Cold Snap+1","Steam","White Noise+1","Ball Lightning","Seek","Hologram","Ball Lightning","Gash","Biased Cognition","Steam","Writhe","Turbo","Darkness+1","Steam","Doom and Gloom+1","Self Repair+1","Steam","Hello World+1","Echo Form+1","Stack","Jack Of All Trades","Blizzard","Auto Shields","Steam+1","Cold Snap","Parasite","Skim+1"],"relics":["Cracked Core","Singing Bowl","Shuriken","Letter Opener","Pen Nib","Bag of Preparation","Eternal Feather","Gambling Chip","Nunchaku","Boot","StoneCalendar","Frozen Egg 2","Happy Flower","PreservedInsect","Fusion Hammer","Red Mask","Bag of Marbles","Whetstone"],"potions_floor_usage":[12,12,25,25,33,45,45,50],"damage_taken":[{"damage":0,"enemies":"Cultist","floor":1,"turns":3},{"damage":1,"enemies":"2 Louse","floor":4,"turns":2},{"damage":0,"enemies":"Small Slimes","floor":5,"turns":4},{"damage":5,"enemies":"Lagavulin","floor":6,"turns":7},{"damage":4,"enemies":"Red Slaver","floor":7,"turns":3},{"damage":3,"enemies":"3 Sentries","floor":10,"turns":4},{"damage":12,"enemies":"Gremlin Nob","floor":12,"turns":4},{"damage":0,"enemies":"Exordium Wildlife","floor":13,"turns":3},{"damage":17,"enemies":"The Guardian","floor":16,"turns":11},{"damage":2,"enemies":"Chosen","floor":18,"turns":5},{"damage":0,"enemies":"Shell Parasite","floor":19,"turns":5},{"damage":17,"enemies":"Cultist and Chosen","floor":22,"turns":5},{"damage":19,"enemies":"Book of Stabbing","floor":23,"turns":5},{"damage":0,"enemies":"Slavers","floor":25,"turns":4},{"damage":18,"enemies":"Book of Stabbing","floor":27,"turns":5},{"damage":9,"enemies":"Sentry and Sphere","floor":28,"turns":4},{"damage":12,"enemies":"Centurion and Healer","floor":31,"turns":5},{"damage":58,"enemies":"Champ","floor":33,"turns":10},{"damage":6,"enemies":"3 Shapes","floor":35,"turns":5},{"damage":10,"enemies":"Orb Walker","floor":38,"turns":4},{"damage":27,"enemies":"Reptomancer","floor":40,"turns":4},{"damage":23,"enemies":"Giant Head","floor":42,"turns":6},{"damage":9,"enemies":"Sphere and 2 Shapes","floor":45,"turns":5},{"damage":12,"enemies":"Writhing Mass","floor":47,"turns":7},{"damage":84,"enemies":"Awakened One","floor":50,"turns":11}],"seed_played":"-7677656964556229884","potions_obtained":[{"floor":1,"key":"EssenceOfSteel"},{"floor":5,"key":"Weak Potion"},{"floor":10,"key":"Regen Potion"},{"floor":16,"key":"Poison Potion"},{"floor":19,"key":"FocusPotion"},{"floor":25,"key":"Dexterity Potion"},{"floor":27,"key":"Weak Potion"},{"floor":42,"key":"EntropicBrew"}],"is_trial":false,"path_per_floor":["M","$","T","M","M","E","M","R","T","E","?","E","M","?","R","B",null,"M","M","T","?","M","E","R","E","T","E","M","R","$","M","R","B",null,"M","?","$","M","?","E","R","E","T","?","M","R","M","?","R","B"],"character_chosen":"DEFECT","items_purchased":["Steam","PreservedInsect","Self Repair+1","Steam","Blizzard"],"campfire_rested":3,"item_purchase_floors":[2,30,30,30,37],"current_hp_per_floor":[64,64,64,63,63,58,54,54,54,51,56,56,58,58,58,41,69,67,69,69,69,54,35,47,47,47,29,20,59,59,57,72,24,68,72,72,72,72,72,45,63,50,50,50,53,84,82,82,84,0],"gold":90,"neow_bonus":"TRANSFORM_TWO_CARDS","is_prod":false,"is_daily":false,"chose_seed":false,"campfire_upgraded":4,"win_rate":0,"timestamp":1551153894,"path_taken":["M","$","?","M","M","E","M","R","T","E","?","E","M","?","R","BOSS","M","M","?","?","M","E","R","E","T","E","M","R","$","M","R","BOSS","M","?","$","M","?","E","R","E","T","?","?","R","M","?","R","BOSS"],"build_version":"2019-01-23","purchased_purges":1,"victory":false,"max_hp_per_floor":[71,71,71,71,71,71,71,71,71,71,76,76,78,78,78,78,78,78,80,80,80,82,82,82,82,82,82,82,82,82,82,82,82,82,82,82,82,82,82,82,82,82,82,82,84,84,84,84,84,84],"card_choices":[{"not_picked":["Redo","Beam Cell"],"picked":"Cold Snap","floor":1},{"not_picked":["Beam Cell","Rebound"],"picked":"White Noise","floor":4},{"not_picked":["Redo","Turbo"],"picked":"Ball Lightning","floor":5},{"not_picked":["Sweeping Beam","Turbo"],"picked":"Seek","floor":6},{"not_picked":["Rip and Tear","FTL"],"picked":"Hologram","floor":7},{"not_picked":["Rebound","Fusion"],"picked":"Ball Lightning","floor":10},{"not_picked":["Stack","Sweeping Beam"],"picked":"Gash","floor":12},{"not_picked":["Leap","Barrage","Aggregate"],"picked":"Singing Bowl","floor":13},{"not_picked":["Core Surge","Machine Learning"],"picked":"Biased Cognition","floor":16},{"not_picked":["Hologram","Redo"],"picked":"Steam","floor":18},{"not_picked":["Consume","Scrape","Heatsinks"],"picked":"Singing Bowl","floor":19},{"not_picked":["Compile Driver","Loop","Stack+1"],"picked":"Singing Bowl","floor":22},{"not_picked":["Gash","Hologram"],"picked":"Turbo","floor":23},{"not_picked":["Go for the Eyes","White Noise"],"picked":"Darkness","floor":25},{"not_picked":["FTL","Blizzard"],"picked":"Steam","floor":27},{"not_picked":["Seek","Genetic Algorithm"],"picked":"Doom and Gloom","floor":28},{"not_picked":["Leap","Darkness"],"picked":"Hello World+1","floor":31},{"not_picked":["All For One","Rainbow"],"picked":"Echo Form+1","floor":33},{"not_picked":["Coolheaded","Turbo"],"picked":"Stack","floor":35},{"not_picked":["Apotheosis","PanicButton"],"picked":"Jack Of All Trades","floor":36},{"not_picked":["Darkness","Go for the Eyes"],"picked":"Auto Shields","floor":38},{"not_picked":["Force Field","Undo+1"],"picked":"Steam+1","floor":40},{"not_picked":["Streamline","Darkness+1"],"picked":"Cold Snap","floor":42},{"not_picked":["Conserve Battery","Sunder","Rip and Tear+1"],"picked":"Singing Bowl","floor":45},{"not_picked":["Beam Cell","Fusion"],"picked":"Skim+1","floor":47}],"player_experience":381815,"relics_obtained":[{"floor":3,"key":"Singing Bowl"},{"floor":6,"key":"Shuriken"},{"floor":9,"key":"Letter Opener"},{"floor":10,"key":"Pen Nib"},{"floor":12,"key":"Bag of Preparation"},{"floor":20,"key":"Gambling Chip"},{"floor":23,"key":"Boot"},{"floor":25,"key":"StoneCalendar"},{"floor":26,"key":"Frozen Egg 2"},{"floor":27,"key":"Happy Flower"},{"floor":40,"key":"Bag of Marbles"},{"floor":42,"key":"Whetstone"}],"event_choices":[{"damage_healed":0,"gold_gain":0,"player_choice":"Donut","damage_taken":0,"max_hp_gain":5,"max_hp_loss":0,"event_name":"Big Fish","floor":11,"gold_loss":0},{"cards_removed":["Strike_B"],"damage_healed":0,"gold_gain":0,"player_choice":"Purged","damage_taken":0,"max_hp_gain":0,"max_hp_loss":0,"event_name":"Purifier","floor":14,"gold_loss":0},{"damage_healed":0,"gold_gain":0,"player_choice":"Opened","damage_taken":0,"relics_obtained":["Nunchaku"],"max_hp_gain":0,"max_hp_loss":0,"event_name":"The Mausoleum","floor":21,"gold_loss":0,"cards_obtained":["Writhe"]},{"damage_healed":0,"gold_gain":0,"player_choice":"Memory 1","damage_taken":0,"max_hp_gain":0,"max_hp_loss":0,"event_name":"SensoryStone","floor":36,"gold_loss":0},{"damage_healed":0,"gold_gain":0,"player_choice":"Paid","damage_taken":0,"relics_obtained":["Red Mask"],"max_hp_gain":0,"max_hp_loss":0,"event_name":"Tomb of Lord Red Mask","floor":39,"gold_loss":227},{"damage_healed":0,"gold_gain":0,"player_choice":"Got Potions","damage_taken":0,"max_hp_gain":0,"max_hp_loss":0,"event_name":"Lab","floor":44,"gold_loss":0},{"damage_healed":0,"gold_gain":0,"player_choice":"Ignored","damage_taken":0,"max_hp_gain":0,"max_hp_loss":0,"event_name":"Mysterious Sphere","floor":48,"gold_loss":0}],"is_beta":false,"boss_relics":[{"not_picked":["FrozenCore","Cursed Key"],"picked":"Eternal Feather"},{"not_picked":["White Beast Statue","Calling Bell"],"picked":"Fusion Hammer"}],"items_purged_floors":[2],"is_endless":false,"potions_floor_spawned":[1,5,10,16,19,23,25,27,42],"killed_by":"Awakened One","ascension_level":16}