{"gold_per_floor":[115,132,132,9,27,27,60,8,32,63,63,81,117,117,117,240,240,253,266,191,44,57,91,19,58,58,58,101,114,38,79,79,204,204,223,244,269,269,269,269,338,338,338,47,47,90,90,128,128,128],"floor_reached":51,"playtime":4893,"items_purged":["Strike_B","Defend_B"],"score":1150,"play_id":"968da882-29fc-48cd-825e-136038c9dd5f","local_time":"20180819171013","is_ascension_mode":true,"campfire_choices":[{"floor":6,"key":"REST"},{"floor":15,"key":"REST"},{"data":"Hologram","floor":27,"key":"SMITH"},{"data":"Go for the Eyes","floor":32,"key":"SMITH"},{"data":"Metamorphosis","floor":40,"key":"SMITH"},{"floor":42,"key":"REST"},{"data":"Conserve Battery","floor":45,"key":"SMITH"},{"floor":49,"key":"REST"}],"neow_cost":"PERCENT_DAMAGE","seed_source_timestamp":71823723289724,"circlet_count":0,"master_deck":["Defend_B","Defend_B","Zap","Dualcast","Gash","Gash","Hologram+1","BootSequence","Skim","Conserve Battery","Gash","Reboot","Beam Cell+1","Capacitor","White Noise","Chill","All For One","Auto Shields","Metamorphosis+1","All For One","Conserve Battery+1"],"relics":["Cracked Core","Golden Idol","Pen Nib","Bronze Scales","Bird Faced Urn","Pear","Black Star","Oddly Smooth Stone","Omamori","Anchor","Bag of Preparation","Juzu Bracelet","Gambling Chip","Smiling Mask","Darkstone Periapt","Dodecahedron","Mercury Hourglass","White Beast Statue","Tiny Chest","Orichalcum","Unceasing Top","DollysMirror","Ginger","Du-Vu Doll","SsserpentHead","Regal Pillow","Art of War"],"potions_floor_usage":[22,31,31,33,33,36,41,46,50],"damage_taken":[{"damage":0,"enemies":"2 Louse","floor":1,"turns":2},{"damage":0,"enemies":"Jaw Worm","floor":2,"turns":3},{"damage":0,"enemies":"Cultist","floor":5,"turns":3},{"damage":22,"enemies":"3 Sentries","floor":7,"turns":8},{"damage":17,"enemies":"Gremlin Nob","floor":10,"turns":4},{"damage":4,"enemies":"Exordium Wildlife","floor":12,"turns":3},{"damage":14,"enemies":"Lagavulin","floor":13,"turns":5},{"damage":0,"enemies":"Slime Boss","floor":16,"turns":8},{"damage":5,"enemies":"3 Byrds","floor":18,"turns":3},{"damage":8,"enemies":"2 Thieves","floor":19,"turns":3},{"damage":13,"enemies":"Sentry and Sphere","floor":22,"turns":5},{"damage":0,"enemies":"Book of Stabbing","floor":23,"turns":4},{"damage":0,"enemies":"Gremlin Leader","floor":25,"turns":6},{"damage":6,"enemies":"Slavers","floor":28,"turns":4},{"damage":6,"enemies":"Chosen and Byrds","floor":29,"turns":5},{"damage":1,"enemies":"Gremlin Leader","floor":31,"turns":6},{"damage":44,"enemies":"Automaton","floor":33,"turns":8},{"damage":1,"enemies":"Flame Bruiser 1 Orb","floor":35,"turns":5},{"damage":1,"enemies":"3 Darklings","floor":36,"turns":3},{"damage":27,"enemies":"Flame Bruiser 2 Orb","floor":37,"turns":5},{"damage":35,"enemies":"2 Orb Walkers","floor":41,"turns":4},{"damage":27,"enemies":"Nemesis","floor":46,"turns":7},{"damage":0,"enemies":"Giant Head","floor":48,"turns":4},{"damage":0,"enemies":"Awakened One","floor":50,"turns":7}],"seed_played":"9035015100520239319","potions_obtained":[{"floor":12,"key":"SteroidPotion"},{"floor":13,"key":"SpeedPotion"},{"floor":16,"key":"Poison Potion"},{"floor":19,"key":"Poison Potion"},{"floor":22,"key":"Fruit Juice"},{"floor":28,"key":"Poison Potion"},{"floor":31,"key":"Regen Potion"},{"floor":33,"key":"Explosive Potion"},{"floor":35,"key":"Fire Potion"},{"floor":36,"key":"Swift Potion"},{"floor":37,"key":"Swift Potion"},{"floor":41,"key":"GamblersBrew"},{"floor":46,"key":"LiquidBronze"},{"floor":48,"key":"FearPotion"}],"is_trial":false,"path_per_floor":["M","M","?","$","M","R","E","$","T","E","?","M","E","?","R","B",null,"M","M","?","$","M","E","$","E","T","R","E","M","$","E","R","B",null,"M","M","M","?","?","R","E","R","T","$","R","E","?","E","R","B"],"character_chosen":"DEFECT","items_purchased":["Hologram","Conserve Battery","Oddly Smooth Stone","Capacitor","Chill","DollysMirror","Conserve Battery"],"campfire_rested":4,"item_purchase_floors":[4,8,21,24,30,44,44],"current_hp_per_floor":[54,54,36,36,36,58,36,36,36,19,19,15,11,11,36,36,85,80,72,72,72,64,64,64,66,66,66,66,62,62,65,65,39,90,89,89,63,63,63,63,36,63,63,63,63,40,40,44,86,90],"gold":128,"neow_bonus":"REMOVE_TWO","is_prod":false,"is_daily":false,"chose_seed":false,"campfire_upgraded":4,"win_rate":0,"timestamp":1534695013,"path_taken":["M","M","?","$","M","R","E","$","T","E","?","M","E","?","R","BOSS","M","M","?","$","M","E","$","E","T","R","E","M","$","E","R","BOSS","M","M","M","?","?","R","E","R","T","$","R","E","?","E","R","BOSS"],"build_version":"2018-08-16","purchased_purges":2,"victory":true,"max_hp_per_floor":[75,75,75,75,75,75,75,75,75,75,75,75,85,85,85,85,85,85,85,85,85,90,90,90,90,90,90,90,90,90,90,90,90,90,90,90,90,90,90,90,90,90,90,90,90,90,90,90,90,90],"card_choices":[{"not_picked":["Stack","Undo"],"picked":"Gash","floor":1},{"not_picked":["Beam Cell","Stack"],"picked":"Gash","floor":2},{"not_picked":["Genetic Algorithm","Compile Driver"],"picked":"BootSequence","floor":5},{"not_picked":["Streamline","Rebound"],"picked":"Skim","floor":7},{"not_picked":["Leap","Beam Cell","Compile Driver"],"picked":"SKIP","floor":10},{"not_picked":["Turbo","Static Discharge","Beam Cell"],"picked":"SKIP","floor":12},{"not_picked":["Redo","Ball Lightning"],"picked":"Gash","floor":13},{"not_picked":["Creative AI","Core Surge"],"picked":"Reboot","floor":16},{"not_picked":["Loop","Streamline+1","Leap"],"picked":"SKIP","floor":18},{"not_picked":["Turbo","Conserve Battery"],"picked":"Beam Cell+1","floor":19},{"not_picked":["Electrodynamics","Streamline+1"],"picked":"Go for the Eyes","floor":22},{"not_picked":["Ball Lightning+1","Stack","Barrage"],"picked":"SKIP","floor":23},{"not_picked":["Compile Driver","Rip and Tear+1"],"picked":"White Noise","floor":25},{"not_picked":["Beam Cell","Redo","Loop"],"picked":"SKIP","floor":28},{"not_picked":["Sweeping Beam","Double Energy+1","Redo+1"],"picked":"SKIP","floor":29},{"not_picked":["Undo+1","Meteor Strike","Go for the Eyes"],"picked":"SKIP","floor":31},{"not_picked":["Electrodynamics","Echo Form"],"picked":"All For One","floor":33},{"not_picked":["Turbo","Beam Cell+1","Rebound"],"picked":"SKIP","floor":35},{"not_picked":["Go for the Eyes+1","Aggregate+1"],"picked":"Auto Shields","floor":36},{"not_picked":["Barrage","Go for the Eyes+1","FTL"],"picked":"SKIP","floor":37},{"not_picked":["Mind Blast","Jack Of All Trades"],"picked":"Metamorphosis","floor":39},{"not_picked":["Sweeping Beam","Reprogram+1","Core Surge"],"picked":"SKIP","floor":41},{"not_picked":["Tempest","Beam Cell+1","Reinforced Body"],"picked":"SKIP","floor":46},{"not_picked":["Turbo+1","Streamline","White Noise"],"picked":"SKIP","floor":48}],"player_experience":445477,"relics_obtained":[{"floor":7,"key":"Pen Nib"},{"floor":9,"key":"Bronze Scales"},{"floor":10,"key":"Bird Faced Urn"},{"floor":13,"key":"Pear"},{"floor":23,"key":"Omamori"},{"floor":23,"key":"Anchor"},{"floor":25,"key":"Bag of Preparation"},{"floor":25,"key":"Juzu Bracelet"},{"floor":26,"key":"Gambling Chip"},{"floor":28,"key":"Smiling Mask"},{"floor":28,"key":"Darkstone Periapt"},{"floor":31,"key":"Dodecahedron"},{"floor":31,"key":"Mercury Hourglass"},{"floor":41,"key":"Tiny Chest"},{"floor":41,"key":"Orichalcum"},{"floor":43,"key":"Unceasing Top"},{"floor":46,"key":"Ginger"},{"floor":46,"key":"Du-Vu Doll"},{"floor":48,"key":"Regal Pillow"},{"floor":48,"key":"Art of War"}],"event_choices":[{"event_name":"Golden Idol","player_choice":"Take Damage","floor":3,"damage_taken":0},{"event_name":"Golden Wing","player_choice":"Ignored","floor":11,"damage_taken":0},{"event_name":"Bonfire Elementals","player_choice":"BASIC","floor":14,"damage_taken":0},{"event_name":"Beggar","player_choice":"Gave Gold","floor":20,"damage_taken":0},{"event_name":"Falling","player_choice":"Removed Attack","floor":38,"damage_taken":0},{"event_name":"SensoryStone","player_choice":"Memory 1","floor":39,"damage_taken":0},{"event_name":"FaceTrader","player_choice":"Trade","floor":47,"damage_taken":0}],"is_beta":false,"boss_relics":[{"not_picked":["Velvet Choker","Fusion Hammer"],"picked":"Black Star"},{"not_picked":["Runic Pyramid","Astrolabe"],"picked":"White Beast Statue"}],"items_purged_floors":[4,44],"is_endless":false,"potions_floor_spawned":[12,13,16,19,22,28,31,33,35,36,37,41,46,48],"ascension_level":2}