{"gold_per_floor":[119,129,129,143,5,5,39,39,39,39,51,51,84,97,97,175,175,189,41,41,53,70,70,86,121,169,181,181,213,213,243,243,319,319,329,220,230,230,130,130,175,175],"floor_reached":42,"playtime":2411,"items_purged":["Defend_B","Defend_B"],"score":881,"play_id":"353a1ab4-92a7-4523-a5f4-d3a0b6e69cf6","local_time":"20180829215406","is_ascension_mode":true,"campfire_choices":[{"data":"Streamline","floor":6,"key":"SMITH"},{"data":"Zap","floor":8,"key":"SMITH"},{"data":"Coolheaded","floor":15,"key":"SMITH"},{"data":"Defragment","floor":23,"key":"SMITH"},{"data":"Glacier","floor":28,"key":"SMITH"},{"data":"Gash","floor":32,"key":"SMITH"},{"data":"Turbo","floor":40,"key":"SMITH"}],"neow_cost":"NONE","seed_source_timestamp":430260576229116,"circlet_count":0,"master_deck":["Defend_B","Zap+1","Dualcast","AscendersBane","Beam Cell","Streamline+1","Gash+1","Flash of Steel","Defragment+1","Capacitor+1","Self Repair+1","Defragment+1","Coolheaded+1","Echo Form+1","Glacier+1","Bite","Bite","Bite","Bite","Bite","Cold Snap","Amplify","Turbo+1","Scrape","Blizzard+1","All For One","Go for the Eyes","Defragment+1"],"relics":["Cracked Core","Pen Nib","Dodecahedron","Frozen Egg 2","Art of War","Potion Belt","Sozu","Anchor","Bag of Marbles","Juzu Bracelet","Pantograph","Bottled Tornado","Busted Crown","Prayer Wheel"],"potions_floor_usage":[7,13,16],"damage_taken":[{"damage":0,"enemies":"Small Slimes","floor":1,"turns":3},{"damage":5,"enemies":"2 Louse","floor":2,"turns":2},{"damage":9,"enemies":"Jaw Worm","floor":4,"turns":5},{"damage":0,"enemies":"Gremlin Nob","floor":7,"turns":2},{"damage":18,"enemies":"Large Slime","floor":11,"turns":3},{"damage":30,"enemies":"3 Sentries","floor":13,"turns":7},{"damage":11,"enemies":"Blue Slaver","floor":14,"turns":3},{"damage":3,"enemies":"Slime Boss","floor":16,"turns":11},{"damage":36,"enemies":"Shell Parasite","floor":18,"turns":6},{"damage":21,"enemies":"3 Byrds","floor":21,"turns":5},{"damage":26,"enemies":"Centurion and Healer","floor":22,"turns":8},{"damage":14,"enemies":"Shelled Parasite and Fungi","floor":24,"turns":6},{"damage":16,"enemies":"Gremlin Leader","floor":25,"turns":8},{"damage":9,"enemies":"Snake Plant","floor":27,"turns":2},{"damage":35,"enemies":"Slavers","floor":29,"turns":7},{"damage":25,"enemies":"Gremlin Leader","floor":31,"turns":8},{"damage":36,"enemies":"Champ","floor":33,"turns":13},{"damage":11,"enemies":"Flame Bruiser 1 Orb","floor":35,"turns":4},{"damage":22,"enemies":"3 Shapes","floor":37,"turns":3},{"damage":56,"enemies":"Mysterious Sphere","floor":41,"turns":6},{"damage":17,"enemies":"2 Orb Walkers","floor":42,"turns":2}],"seed_played":"-6066725183516512613","potions_obtained":[{"floor":4,"key":"FearPotion"},{"floor":7,"key":"Ancient Potion"},{"floor":11,"key":"Block Potion"},{"floor":14,"key":"Dexterity Potion"}],"is_trial":false,"path_per_floor":["M","M","?","M","$","R","E","R","T","?","M","$","E","M","R","B",null,"M","$","?","M","M","R","M","E","T","M","R","E","?","E","R","B",null,"M","$","M","?","$","R","?"],"character_chosen":"DEFECT","items_purchased":["Flash of Steel","Defragment","Anchor","Defragment+1"],"campfire_rested":0,"item_purchase_floors":[5,5,19,36],"current_hp_per_floor":[64,59,48,39,39,39,39,39,39,62,44,44,24,13,13,20,58,32,32,32,33,47,47,49,49,49,42,42,33,33,26,26,49,49,48,48,44,44,44,44,24,7],"gold":175,"neow_bonus":"RANDOM_COMMON_RELIC","is_prod":false,"is_daily":false,"chose_seed":false,"campfire_upgraded":7,"win_rate":0,"timestamp":1535594046,"path_taken":["M","M","?","M","$","R","E","R","T","?","M","?","E","M","R","BOSS","M","?","?","M","M","R","M","E","T","M","R","E","?","E","R","BOSS","M","$","M","?","$","R","?","E"],"build_version":"2018-08-23v2","purchased_purges":2,"victory":false,"max_hp_per_floor":[71,71,71,71,71,71,71,71,71,71,71,71,71,71,71,71,71,71,71,49,49,49,49,49,49,49,49,49,49,49,49,49,49,49,49,49,49,49,49,49,49,49],"card_choices":[{"not_picked":["Redo","Storm"],"picked":"Beam Cell","floor":1},{"not_picked":["Rip and Tear","Capacitor"],"picked":"Streamline","floor":2},{"not_picked":["Auto Shields","Conserve Battery"],"picked":"Gash","floor":4},{"not_picked":["Biased Cognition","Rebound"],"picked":"Capacitor","floor":7},{"not_picked":["Go for the Eyes","Reprogram"],"picked":"Self Repair+1","floor":11},{"not_picked":["Leap","Scrape"],"picked":"Defragment+1","floor":13},{"not_picked":["Rebound","Turbo"],"picked":"Coolheaded","floor":14},{"not_picked":["Meteor Strike","Core Surge"],"picked":"Echo Form+1","floor":16},{"not_picked":["Barrage","Chaos"],"picked":"Glacier","floor":18},{"not_picked":["Cold Snap","Conserve Battery","Undo"],"picked":"SKIP","floor":21},{"not_picked":["Glacier","Stack"],"picked":"Cold Snap","floor":22},{"not_picked":["Gash","Storm+1"],"picked":"Amplify","floor":24},{"not_picked":["Chaos","Leap","Conserve Battery"],"picked":"SKIP","floor":25},{"not_picked":["Streamline","Melter"],"picked":"Turbo","floor":27},{"not_picked":["Darkness+1","Compile Driver"],"picked":"Scrape","floor":29},{"not_picked":["Redo+1","Glacier"],"picked":"Blizzard+1","floor":31},{"not_picked":["Thunder Strike","Reboot"],"picked":"All For One","floor":33},{"not_picked":[],"picked":"Go for the Eyes","floor":35},{"not_picked":["Chill"],"picked":"SKIP","floor":37}],"player_experience":629483,"relics_obtained":[{"floor":7,"key":"Frozen Egg 2"},{"floor":9,"key":"Art of War"},{"floor":13,"key":"Potion Belt"},{"floor":25,"key":"Bag of Marbles"},{"floor":26,"key":"Juzu Bracelet"},{"floor":29,"key":"Pantograph"},{"floor":31,"key":"Bottled Tornado"},{"floor":41,"key":"Prayer Wheel"}],"event_choices":[{"event_name":"Scrap Ooze","player_choice":"success","floor":3,"damage_taken":11},{"event_name":"Big Fish","player_choice":"Banana","floor":10,"damage_taken":0},{"event_name":"Vampires","player_choice":"Became a vampire","floor":20,"damage_taken":0},{"event_name":"Back to Basics","player_choice":"Elegance","floor":30,"damage_taken":0},{"event_name":"Match and Keep!","player_choice":"0 cards matched","floor":38,"damage_taken":0},{"event_name":"Mysterious Sphere","player_choice":"Fight","floor":41,"damage_taken":0}],"is_beta":false,"boss_relics":[{"not_picked":["Philosopher\u0027s Stone","Runic Dome"],"picked":"Sozu"},{"not_picked":["Pandora\u0027s Box","Eternal Feather"],"picked":"Busted Crown"}],"items_purged_floors":[36,39],"is_endless":false,"potions_floor_spawned":[4,7,11,14,18,25,29,31,37,41],"killed_by":"2 Orb Walkers","ascension_level":15}