{"gold_per_floor":[119,137,38,57,75,106,106,137,137,137,168,184,184,211,211,287,287,307,317,327,169,169,169,169,179,206,218],"floor_reached":27,"playtime":1255,"items_purged":[],"score":511,"play_id":"e7c93f29-2e71-4ee0-afda-7f9f18be661a","local_time":"20181106193218","is_ascension_mode":true,"campfire_choices":[{"floor":7,"key":"REST"},{"data":"Blood for Blood","floor":10,"key":"SMITH"},{"data":"Spot Weakness","floor":15,"key":"SMITH"},{"floor":23,"key":"REST"}],"neow_cost":"NONE","seed_source_timestamp":2419437372010982,"circlet_count":0,"master_deck":["AscendersBane","Bash","Clothesline","Spot Weakness+1","Metallicize","Havoc","Blood for Blood+1","Feed","Headbutt","Fiend Fire","Corruption","Dark Embrace","Pommel Strike","Pommel Strike","Heavy Blade","Headbutt","Shrug It Off","Hemokinesis","Flame Barrier","Uppercut","Armaments","Seeing Red","Flame Barrier","Rampage+1","Bite","Bite","Bite","Bite","Bite","Iron Wave"],"relics":["Burning Blood","Omamori","Ice Cream","Torii","Incense Burner","Smiling Mask","Pandora\u0027s Box","Juzu Bracelet","MawBank"],"potions_floor_usage":[6,8,8,14,20,20,27],"damage_taken":[{"damage":9,"enemies":"Jaw Worm","floor":1,"turns":4},{"damage":1,"enemies":"2 Louse","floor":2,"turns":3},{"damage":4,"enemies":"Small Slimes","floor":4,"turns":4},{"damage":18,"enemies":"2 Fungi Beasts","floor":5,"turns":3},{"damage":45,"enemies":"3 Sentries","floor":6,"turns":8},{"damage":18,"enemies":"Gremlin Nob","floor":8,"turns":4},{"damage":33,"enemies":"3 Sentries","floor":11,"turns":9},{"damage":3,"enemies":"Gremlin Gang","floor":12,"turns":4},{"damage":12,"enemies":"Lagavulin","floor":14,"turns":7},{"damage":9,"enemies":"Hexaghost","floor":16,"turns":9},{"damage":21,"enemies":"Chosen","floor":18,"turns":6},{"damage":27,"enemies":"Shell Parasite","floor":19,"turns":4},{"damage":28,"enemies":"3 Cultists","floor":20,"turns":5},{"damage":17,"enemies":"Centurion and Healer","floor":25,"turns":7},{"damage":31,"enemies":"Shelled Parasite and Fungi","floor":27,"turns":1}],"seed_played":"5956705092647062693","potions_obtained":[{"floor":5,"key":"Strength Potion"},{"floor":6,"key":"Block Potion"},{"floor":12,"key":"Swift Potion"},{"floor":14,"key":"SteroidPotion"},{"floor":16,"key":"Poison Potion"},{"floor":25,"key":"Strength Potion"}],"is_trial":false,"path_per_floor":["M","M","$","M","M","E","R","E","T","R","E","M","?","E","R","B",null,"M","M","M","$","?","R","?","M","T","M"],"character_chosen":"IRONCLAD","items_purchased":["Metallicize","PowerPotion","Juzu Bracelet"],"campfire_rested":2,"item_purchase_floors":[3,3,21],"current_hp_per_floor":[72,77,77,79,67,28,52,40,40,40,16,22,22,19,19,16,72,60,39,17,17,17,36,18,23,23,0],"gold":218,"neow_bonus":"TEN_PERCENT_HP_BONUS","is_prod":false,"is_daily":false,"chose_seed":false,"campfire_upgraded":2,"win_rate":0,"timestamp":1541550738,"path_taken":["M","M","$","M","M","E","R","E","T","R","E","M","?","E","R","BOSS","M","M","M","$","?","R","?","M","T","M"],"build_version":"2018-11-01","purchased_purges":0,"victory":false,"max_hp_per_floor":[82,82,82,82,82,82,82,82,82,82,85,88,88,91,91,91,91,94,94,94,94,65,65,70,74,74,74],"card_choices":[{"not_picked":["Entrench","Twin Strike"],"picked":"Clothesline","floor":1},{"not_picked":["Body Slam","Second Wind"],"picked":"Spot Weakness","floor":2},{"not_picked":["Armaments","Perfected Strike"],"picked":"Havoc","floor":4},{"not_picked":["Havoc","Dropkick"],"picked":"Blood for Blood","floor":5},{"not_picked":["Havoc","Shockwave"],"picked":"Feed","floor":6},{"not_picked":["Shockwave","Burning Pact"],"picked":"Headbutt","floor":8},{"not_picked":["Rupture","Brutality"],"picked":"Fiend Fire","floor":11},{"not_picked":["Body Slam","Perfected Strike"],"picked":"Corruption","floor":12},{"not_picked":["Headbutt","Perfected Strike","Clash"],"picked":"SKIP","floor":14},{"not_picked":["Limit Break","Exhume"],"picked":"Dark Embrace","floor":16},{"not_picked":["Twin Strike","Dropkick"],"picked":"Seeing Red","floor":18},{"not_picked":["Havoc","Hemokinesis"],"picked":"Flame Barrier","floor":19},{"not_picked":["Pommel Strike","Intimidate"],"picked":"Rampage+1","floor":20},{"not_picked":["Rage","Intimidate"],"picked":"Iron Wave","floor":25}],"player_experience":892340,"relics_obtained":[{"floor":6,"key":"Omamori"},{"floor":8,"key":"Ice Cream"},{"floor":9,"key":"Torii"},{"floor":11,"key":"Incense Burner"},{"floor":14,"key":"Smiling Mask"},{"floor":26,"key":"MawBank"}],"event_choices":[{"damage_healed":0,"gold_gain":0,"player_choice":"Fled","damage_taken":0,"max_hp_gain":0,"max_hp_loss":0,"event_name":"Scrap Ooze","floor":13,"gold_loss":0},{"damage_healed":0,"gold_gain":0,"player_choice":"Became a vampire","damage_taken":0,"max_hp_gain":0,"max_hp_loss":29,"event_name":"Vampires","floor":22,"gold_loss":0,"cards_obtained":["Bite","Bite","Bite","Bite","Bite"]},{"damage_healed":0,"gold_gain":0,"player_choice":"Shed Blood","damage_taken":23,"max_hp_gain":5,"max_hp_loss":0,"event_name":"Forgotten Altar","floor":24,"gold_loss":0}],"is_beta":false,"boss_relics":[{"not_picked":["Mark of Pain","Lizard Tail"],"picked":"Pandora\u0027s Box"}],"items_purged_floors":[],"is_endless":false,"potions_floor_spawned":[5,6,12,14,16,25],"killed_by":"Shelled Parasite and Fungi","ascension_level":20}