{"gold_per_floor":[109,184,184,198,198,198,231,231,300,300,69,88,101,434,434,511,561,572,71,71,90,108,108,120,120,145,162,162,172,172,222,222,222],"floor_reached":33,"playtime":1562,"items_purged":["Strike_G"],"score":446,"play_id":"15a9f039-400a-4cef-bf5e-adb0bad32ca6","local_time":"20180826224430","is_ascension_mode":true,"campfire_choices":[{"floor":6.0,"key":"REST"},{"data":"Sucker Punch","floor":10,"key":"SMITH"},{"data":"After Image","floor":15,"key":"SMITH"},{"data":"Footwork","floor":23,"key":"SMITH"},{"data":"Glass Knife","floor":25,"key":"SMITH"},{"data":"Dagger Spray","floor":28,"key":"SMITH"},{"data":"Masterful Stab","floor":30,"key":"SMITH"},{"data":"Well Laid Plans","floor":32,"key":"SMITH"}],"neow_cost":"NONE","seed_source_timestamp":174874807802554,"circlet_count":0,"master_deck":["Defend_G","Defend_G","Defend_G","Defend_G","Defend_G","Strike_G","Strike_G","Strike_G","Strike_G","Survivor","Neutralize+1","AscendersBane","Choke+1","Deflect+1","Escape Plan","Sucker Punch+1","Dodge and Roll","Bullet Time+1","Backstab+1","Distraction+1","Footwork+1","After Image+1","Glass Knife+1","Expertise+1","Dagger Spray+1","Adrenaline+1","Well Laid Plans+1","Escape Plan+1","Blade Dance+1","Masterful Stab+1","Outmaneuver+1"],"special_seed":0,"relics":["Orrery","Toxic Egg 2","Centennial Puzzle","Gremlin Horn","OrangePellets","Old Coin","Tiny House","Bottled Lightning","Omamori"],"potions_floor_usage":[7,14,16,18,18,27,27],"damage_taken":[{"damage":0.0,"enemies":"2 Louse","floor":1.0,"turns":3.0},{"damage":4.0,"enemies":"Small Slimes","floor":4.0,"turns":3.0},{"damage":9,"enemies":"Gremlin Nob","floor":7,"turns":5},{"damage":0,"enemies":"Jaw Worm","floor":12,"turns":3},{"damage":0,"enemies":"Blue Slaver","floor":13,"turns":3},{"damage":1,"enemies":"Lagavulin","floor":14,"turns":11},{"damage":14,"enemies":"Hexaghost","floor":16,"turns":16},{"damage":2,"enemies":"3 Byrds","floor":18,"turns":8},{"damage":0,"enemies":"Chosen","floor":21,"turns":8},{"damage":0,"enemies":"Centurion and Healer","floor":22,"turns":11},{"damage":0,"enemies":"Snake Plant","floor":24,"turns":3},{"damage":20,"enemies":"3 Cultists","floor":27,"turns":6},{"damage":9,"enemies":"Snecko","floor":29,"turns":5},{"damage":55,"enemies":"Collector","floor":33,"turns":6}],"seed_played":"832373080480566056","potions_obtained":[{"floor":4.0,"key":"PowerPotion"},{"floor":12,"key":"LiquidBronze"},{"floor":13,"key":"Dexterity Potion"},{"floor":17,"key":"EntropicBrew"},{"floor":18,"key":"Block Potion"},{"floor":27,"key":"Swift Potion"}],"is_trial":false,"path_per_floor":["M","?","?","M","?","R","E","?","T","R","$","M","M","E","R","B",null,"M","$","?","M","M","R","M","R","T","M","R","M","R","?","R"],"character_chosen":"THE_SILENT","items_purchased":["Backstab","OrangePellets","Adrenaline+1","Bottled Lightning","Well Laid Plans"],"campfire_rested":1,"item_purchase_floors":[11,11,19,19,19],"current_hp_per_floor":[59,48,28,24,24,43,34,34,34,34,34,34,34,33,33,19,59,57,57,71,71,71,71,71,71,71,51,51,42,42,42,42,0],"gold":222,"neow_bonus":"BOSS_RELIC","is_prod":false,"is_daily":false,"chose_seed":false,"campfire_upgraded":7,"win_rate":0,"timestamp":1535337870,"path_taken":["M","?","?","?","?","R","E","?","T","R","$","M","M","E","R","BOSS","M","$","?","M","M","R","M","R","T","M","R","M","R","?","R","BOSS"],"build_version":"2018-08-23v2","purchased_purges":1,"victory":false,"max_hp_per_floor":[66,66,66,66,66,66,66,66,66,66,66,66,66,66,66,66,71,71,71,71,71,71,71,71,71,71,71,71,71,71,71,71,71],"card_choices":[{"not_picked":["Well Laid Plans","Sucker Punch"],"picked":"Choke","floor":0.0},{"not_picked":["Accuracy","Bouncing Flask"],"picked":"Deflect","floor":0.0},{"not_picked":["Crippling Poison","Concentrate"],"picked":"Backflip","floor":0.0},{"not_picked":["Outmaneuver","Expertise"],"picked":"Escape Plan","floor":0.0},{"not_picked":["Eviscerate","Deflect"],"picked":"Sucker Punch","floor":0.0},{"not_picked":["Outmaneuver","Underhanded Strike"],"picked":"Dodge and Roll","floor":1.0},{"not_picked":["Prepared","Outmaneuver","Acrobatics"],"picked":"SKIP","floor":4.0},{"not_picked":["Deflect","Well Laid Plans"],"picked":"Bullet Time","floor":7},{"not_picked":["Calculated Gamble+1","PiercingWail+1"],"picked":"Distraction+1","floor":12},{"not_picked":["Dodge and Roll+1","Blur+1"],"picked":"Footwork","floor":13},{"not_picked":["Deadly Poison+1","Underhanded Strike"],"picked":"After Image","floor":14},{"not_picked":["Envenom","Unload"],"picked":"Glass Knife","floor":16},{"not_picked":["Deadly Poison+1","Bane"],"picked":"Expertise+1","floor":17},{"not_picked":["Catalyst+1","Dodge and Roll+1"],"picked":"Dagger Spray","floor":18},{"not_picked":["Terror+1","Poisoned Stab"],"picked":"Escape Plan+1","floor":21},{"not_picked":["Tactician+1","Bane+1","Glass Knife"],"picked":"SKIP","floor":22},{"not_picked":["PiercingWail+1","Deadly Poison+1"],"picked":"Blade Dance+1","floor":24},{"not_picked":["Deadly Poison+1","Grand Finale"],"picked":"Masterful Stab","floor":27},{"not_picked":["Flechettes","Skewer"],"picked":"Outmaneuver+1","floor":29}],"player_experience":618454,"relics_obtained":[{"floor":7,"key":"Toxic Egg 2"},{"floor":9,"key":"Gremlin Horn"},{"floor":14,"key":"Old Coin"},{"floor":26,"key":"Omamori"}],"event_choices":[{"event_name":"World of Goop","player_choice":"Gather Gold","floor":2.0,"damage_taken":0.0},{"event_name":"Shining Light","player_choice":"Entered Light","floor":3.0,"damage_taken":0.0},{"event_name":"Living Wall","player_choice":"Grow","floor":5.0,"damage_taken":0.0},{"event_name":"WeMeetAgain","player_choice":"Card","floor":8,"damage_taken":0},{"event_name":"Wheel of Change","player_choice":"Full Heal","floor":20,"damage_taken":0},{"event_name":"The Joust","player_choice":"Bet on Murderer","floor":31,"damage_taken":0}],"is_beta":false,"boss_relics":[{"not_picked":["Eternal Feather","Lizard Tail"],"picked":"Tiny House"}],"items_purged_floors":[19],"is_endless":false,"potions_floor_spawned":[4,12,13,18,21,27],"killed_by":"Collector","ascension_level":15}