{"path_per_floor":["M","?","?","M","M","R","M","R","T","R","M","?","E","M","R","B",null,"M","M","?","M"],"character_chosen":"THE_SILENT","items_purchased":[],"gold_per_floor":[116,116,116,116,134,134,153,153,153,153,164,164,192,205,205,309,309,324,335,335,354],"floor_reached":22,"campfire_rested":1,"playtime":1728,"current_hp_per_floor":[70,70,70,68,68,68,52,52,52,52,39,39,33,33,54,36,70,51,31,31,9],"items_purged":[],"gold":354,"score":188,"play_id":"c898de2b-f0e4-40d4-b382-110fd193e633","is_prod":false,"is_daily":false,"is_ascension_mode":false,"campfire_upgraded":3,"path_taken":["M","?","?","M","M","R","M","R","T","R","M","?","E","M","R","BOSS","M","M","?","M","?"],"build_version":"2018-02-15-PROD1","purchased_purges":0,"victory":false,"master_deck":["Defend_G+1","Defend_G","Defend_G","Defend_G","Strike_G","Strike_G","Strike_G","Strike_G","Survivor","Neutralize","Distraction+1","Backstab+1","Normality","Catalyst+1","Infinite Blades+1","Noxious Fumes+1","Poisoned Stab","Corpse Explosion","Dagger Spray","Night Terror","Bane","Backstab","Footwork","Crippling Poison"],"max_hp_per_floor":[70,70,70,70,70,70,70,70,70,70,70,70,70,70,70,70,70,70,70,70,70],"relics":["Ring of the Snake","War Paint","Tingsha","Pen Nib","Black Star"],"card_choices":[{"not_picked":["Heel Hook","Dodge and Roll"],"picked":"Backstab"},{"not_picked":["Distraction","Dodge and Roll"],"picked":"Catalyst"},{"not_picked":["Flying Knee","Malaise"],"picked":"Infinite Blades"},{"not_picked":["Slice","Predator"],"picked":"Noxious Fumes"},{"not_picked":["Escape Plan","Leg Sweep"],"picked":"Poisoned Stab"},{"not_picked":["Distraction","Quick Slash"],"picked":"Corpse Explosion"},{"not_picked":["Quick Slash","Dagger Throw"],"picked":"Dagger Spray"},{"not_picked":["Doppelganger","Bullet Time"],"picked":"Night Terror"},{"not_picked":["Sucker Punch","Flying Knee"],"picked":"Bane"},{"not_picked":["Quick Slash","Deadly Poison"],"picked":"Backstab"},{"not_picked":["Backflip","Finisher"],"picked":"Crippling Poison"}],"player_experience":16285,"potions_floor_usage":[11,13,16,16,18],"damage_taken":[{"damage":0,"enemies":"Small Slimes","floor":1,"turns":5},{"damage":2,"enemies":"2 Louse","floor":4,"turns":5},{"damage":0,"enemies":"Jaw Worm","floor":5,"turns":3},{"damage":16,"enemies":"Gremlin Gang","floor":7,"turns":7},{"damage":13,"enemies":"Lots of Slimes","floor":11,"turns":3},{"damage":6,"enemies":"3 Sentries","floor":13,"turns":5},{"damage":0,"enemies":"2 Fungi Beasts","floor":14,"turns":3},{"damage":18,"enemies":"Hexaghost","floor":16,"turns":7},{"damage":19,"enemies":"3 Byrds","floor":18,"turns":5},{"damage":20,"enemies":"2 Thieves","floor":19,"turns":4},{"damage":22,"enemies":"3 Cultists","floor":21,"turns":5}],"event_choices":[{"event_name":"The Cleric","player_choice":"Leave","floor":2,"damage_taken":0},{"event_name":"Accursed Blacksmith","player_choice":"Rummage","floor":3,"damage_taken":0},{"event_name":"Living Wall","player_choice":"Grow","floor":12,"damage_taken":0},{"event_name":"Transmorgrifier","player_choice":"Transform","floor":20,"damage_taken":0}],"boss_relics":[{"not_picked":["Lizard Tail","Runic Pyramid"],"picked":"Black Star"}],"potions_floor_spawned":[1,11,14,16],"seed_played":"-2603188270093921571","ascension_level":0,"is_trial":false}