{"gold_per_floor":[114,125,144,162,174,205,205,224,224,224,274,274,286,312,312,383,383,383,62,62,62,62,62,62,39,39,39,39,39,39,39,39,39],"floor_reached":33,"playtime":1462,"items_purged":["Strike_R"],"score":523,"play_id":"3dfe3922-ba6d-45f1-9775-e7db185fea89","local_time":"20181125201825","is_ascension_mode":true,"campfire_choices":[{"data":"Blood for Blood","floor":7,"key":"SMITH"},{"data":"Intimidate","floor":12,"key":"SMITH"},{"data":"Flex","floor":15,"key":"SMITH"},{"data":"Pommel Strike","floor":23,"key":"SMITH"},{"data":"True Grit","floor":28,"key":"SMITH"},{"floor":32,"key":"REST"}],"neow_cost":"TEN_PERCENT_HP_LOSS","seed_source_timestamp":425738594987827,"circlet_count":0,"master_deck":["AscendersBane","Strike_R","Strike_R","Strike_R","Strike_R","Defend_R","Defend_R","Defend_R","Defend_R","Bash","Battle Trance","Iron Wave","Headbutt","Flex+1","Blood for Blood+1","Intimidate+1","Pommel Strike+1","Twin Strike","Offering","Clothesline+1","Sword Boomerang+1","Immolate+1","Twin Strike+1","Perfected Strike+1","Pommel Strike+1","Evolve","Perfected Strike+1","Perfected Strike+1","Shrug It Off+1","True Grit+1","Rage","Shrug It Off"],"relics":["Burning Blood","Turnip","Prayer Wheel","Molten Egg 2","Boot","Ectoplasm","Mummified Hand","FossilizedHelix","Kunai","Ornamental Fan"],"potions_floor_usage":[6,14,16,27,31,33,33],"damage_taken":[{"damage":1,"enemies":"2 Louse","floor":1,"turns":6},{"damage":6,"enemies":"Jaw Worm","floor":2,"turns":7},{"damage":1,"enemies":"Cultist","floor":3,"turns":4},{"damage":12,"enemies":"Looter","floor":4,"turns":3},{"damage":7,"enemies":"3 Louse","floor":5,"turns":4},{"damage":20,"enemies":"Gremlin Nob","floor":6,"turns":4},{"damage":5,"enemies":"Red Slaver","floor":8,"turns":3},{"damage":6,"enemies":"Looter","floor":13,"turns":3},{"damage":15,"enemies":"Lagavulin","floor":14,"turns":5},{"damage":26,"enemies":"Hexaghost","floor":16,"turns":6},{"damage":9,"enemies":"Shell Parasite","floor":18,"turns":4},{"damage":6,"enemies":"Spheric Guardian","floor":20,"turns":2},{"damage":9,"enemies":"Centurion and Healer","floor":22,"turns":5},{"damage":7,"enemies":"Sentry and Sphere","floor":24,"turns":3},{"damage":21,"enemies":"Book of Stabbing","floor":27,"turns":4},{"damage":0,"enemies":"Snake Plant","floor":30,"turns":2},{"damage":20,"enemies":"Gremlin Leader","floor":31,"turns":5},{"damage":70,"enemies":"Automaton","floor":33,"turns":12}],"seed_played":"7983018823999081446","potions_obtained":[{"floor":1,"key":"Dexterity Potion"},{"floor":5,"key":"SpeedPotion"},{"floor":13,"key":"Swift Potion"},{"floor":14,"key":"Regen Potion"},{"floor":16,"key":"GamblersBrew"},{"floor":20,"key":"Fire Potion"},{"floor":22,"key":"Block Potion"},{"floor":27,"key":"Dexterity Potion"},{"floor":31,"key":"PowerPotion"}],"is_trial":false,"path_per_floor":["M","M","M","M","M","E","R","M","T","?","?","R","M","E","R","B",null,"M","$","M","?","M","R","M","$","T","E","R","?","M","E","R","B"],"character_chosen":"IRONCLAD","items_purchased":["Mummified Hand","True Grit"],"campfire_rested":1,"item_purchase_floors":[19,25],"current_hp_per_floor":[68,68,68,62,61,47,47,48,48,48,48,48,48,39,39,34,60,57,57,57,57,54,54,53,53,53,38,38,38,44,30,50,0],"gold":39,"neow_bonus":"ONE_RARE_RELIC","is_prod":false,"is_daily":false,"chose_seed":false,"campfire_upgraded":5,"win_rate":0,"timestamp":1543195105,"path_taken":["M","M","M","M","M","E","R","M","T","?","?","R","M","E","R","BOSS","M","$","?","?","M","R","M","$","T","E","R","?","M","E","R","BOSS"],"build_version":"2018-11-15","purchased_purges":1,"victory":false,"max_hp_per_floor":[68,68,68,68,68,68,68,68,68,68,68,68,68,68,68,68,68,68,68,68,68,68,68,68,68,68,68,68,68,68,68,68,68],"card_choices":[{"not_picked":["Flex","Wild Strike"],"picked":"Battle Trance","floor":1},{"not_picked":["Burning Pact","Heavy Blade"],"picked":"Iron Wave","floor":2},{"not_picked":["Clash","Heavy Blade"],"picked":"Headbutt","floor":3},{"not_picked":["Sword Boomerang","Dual Wield"],"picked":"Flex","floor":4},{"not_picked":["Thunderclap","Battle Trance"],"picked":"Blood for Blood","floor":5},{"not_picked":["Twin Strike","Iron Wave"],"picked":"Intimidate","floor":6},{"not_picked":["Second Wind","Iron Wave"],"picked":"Pommel Strike","floor":8},{"not_picked":["Warcry","Havoc"],"picked":"Twin Strike","floor":8},{"not_picked":["Flex","Fire Breathing"],"picked":"Offering","floor":13},{"not_picked":["Body Slam+1","True Grit"],"picked":"Clothesline+1","floor":13},{"not_picked":["Clash+1","Thunderclap+1"],"picked":"Sword Boomerang+1","floor":14},{"not_picked":["Berserk","Barricade"],"picked":"Immolate+1","floor":16},{"not_picked":["Rampage+1","Bloodletting+1"],"picked":"Twin Strike+1","floor":18},{"not_picked":["Headbutt+1","Burning Pact"],"picked":"Perfected Strike+1","floor":18},{"not_picked":["Spot Weakness","Inflame"],"picked":"Pommel Strike+1","floor":20},{"not_picked":["Clothesline+1","Body Slam+1"],"picked":"Evolve","floor":20},{"not_picked":["Reckless Charge+1","Dropkick+1"],"picked":"Perfected Strike+1","floor":22},{"not_picked":["Spot Weakness","Second Wind","Anger+1"],"picked":"SKIP","floor":22},{"not_picked":["Twin Strike+1","Searing Blow+1"],"picked":"Shrug It Off","floor":24},{"not_picked":["Heavy Blade+1","Clash+1","Warcry"],"picked":"SKIP","floor":24},{"not_picked":["Berserk","True Grit"],"picked":"Rage","floor":27},{"not_picked":["Warcry","Seeing Red"],"picked":"Shrug It Off","floor":30},{"not_picked":["Anger+1","Shrug It Off","Intimidate"],"picked":"SKIP","floor":30},{"not_picked":["Havoc","Warcry","Double Tap"],"picked":"SKIP","floor":31}],"player_experience":943151,"relics_obtained":[{"floor":6,"key":"Prayer Wheel"},{"floor":9,"key":"Molten Egg 2"},{"floor":14,"key":"Boot"},{"floor":26,"key":"FossilizedHelix"},{"floor":27,"key":"Kunai"},{"floor":31,"key":"Ornamental Fan"}],"event_choices":[{"damage_healed":0,"gold_gain":0,"player_choice":"Fled","damage_taken":0,"max_hp_gain":0,"max_hp_loss":0,"event_name":"Scrap Ooze","floor":10,"gold_loss":0},{"damage_healed":0,"gold_gain":50,"player_choice":"Pray","damage_taken":0,"max_hp_gain":0,"max_hp_loss":0,"event_name":"Golden Shrine","floor":11,"gold_loss":0},{"damage_healed":0,"gold_gain":0,"player_choice":"Read","damage_taken":0,"max_hp_gain":0,"max_hp_loss":0,"event_name":"The Library","floor":21,"gold_loss":0,"cards_obtained":["Perfected Strike"]},{"damage_healed":0,"gold_gain":0,"player_choice":"Forge","damage_taken":0,"max_hp_gain":0,"max_hp_loss":0,"event_name":"Accursed Blacksmith","floor":29,"gold_loss":0,"cards_upgraded":["Shrug It Off"]}],"is_beta":false,"boss_relics":[{"not_picked":["Busted Crown","Eternal Feather"],"picked":"Ectoplasm"}],"items_purged_floors":[19],"is_endless":false,"potions_floor_spawned":[1,5,13,14,16,20,22,27,30,31],"killed_by":"Automaton","ascension_level":15}