{"gold_per_floor":[12,12,12,12,35,35,69,69,121,140,140,164,207,34,34,34],"floor_reached":16,"playtime":390,"items_purged":["Strike_B"],"score":205,"play_id":"d9a4b93c-fde7-4436-82ed-c26ac96b16fd","local_time":"20190311123152","is_ascension_mode":true,"campfire_choices":[{"data":"Zap","floor":6,"key":"SMITH"},{"floor":8,"key":"REST"},{"floor":15,"key":"REST"}],"neow_cost":"NO_GOLD","seed_source_timestamp":541259624497856,"circlet_count":0,"master_deck":["AscendersBane","Strike_B","Strike_B","Strike_B","Defend_B","Defend_B","Defend_B","Defend_B","Zap+1","Dualcast","Electrodynamics","Darkness","Cold Snap","Coolheaded","Creative AI","White Noise","Loop","Genetic Algorithm","Cold Snap"],"relics":["Cracked Core","Golden Idol","Art of War","Orichalcum","Shuriken","Omamori"],"potions_floor_usage":[13],"damage_taken":[{"damage":4,"enemies":"Small Slimes","floor":1,"turns":3},{"damage":8,"enemies":"2 Louse","floor":5,"turns":3},{"damage":21,"enemies":"Lagavulin","floor":7,"turns":5},{"damage":0,"enemies":"Cultist","floor":10,"turns":3},{"damage":13,"enemies":"Large Slime","floor":12,"turns":4},{"damage":37,"enemies":"Gremlin Nob","floor":13,"turns":4},{"damage":24,"enemies":"The Guardian","floor":16,"turns":2}],"seed_played":"205653202982878861","potions_obtained":[{"floor":7,"key":"Strength Potion"},{"floor":10,"key":"Strength Potion"},{"floor":13,"key":"LiquidBronze"}],"is_trial":false,"path_per_floor":["M","?","?","?","M","R","E","R","T","M","T","M","E","$","R","B"],"character_chosen":"DEFECT","items_purchased":["Genetic Algorithm","Cold Snap"],"campfire_rested":2,"item_purchase_floors":[14,14],"current_hp_per_floor":[60,60,60,60,52,52,31,52,52,52,52,39,2,2,23,0],"gold":34,"neow_bonus":"THREE_RARE_CARDS","is_prod":false,"is_daily":false,"chose_seed":false,"campfire_upgraded":1,"win_rate":0,"timestamp":1552321912,"path_taken":["M","?","?","?","M","R","E","R","T","M","?","M","E","$","R","BOSS"],"build_version":"2019-01-23","purchased_purges":1,"victory":false,"max_hp_per_floor":[71,71,71,71,71,71,71,71,71,71,71,71,71,71,71,71],"card_choices":[{"not_picked":["Reboot","All For One"],"picked":"Electrodynamics","floor":0},{"not_picked":["Steam","Streamline"],"picked":"Darkness","floor":1},{"not_picked":["Coolheaded","Compile Driver"],"picked":"Cold Snap","floor":5},{"not_picked":["Beam Cell","Sunder"],"picked":"Coolheaded","floor":7},{"not_picked":["Streamline","Blizzard"],"picked":"Creative AI","floor":10},{"not_picked":["Compile Driver","Barrage"],"picked":"White Noise","floor":12},{"not_picked":["Chaos","Doom and Gloom"],"picked":"Loop","floor":13}],"player_experience":431735,"relics_obtained":[{"floor":7,"key":"Art of War"},{"floor":9,"key":"Orichalcum"},{"floor":11,"key":"Shuriken"},{"floor":13,"key":"Omamori"}],"event_choices":[{"damage_healed":0,"gold_gain":0,"player_choice":"Ignored","damage_taken":0,"max_hp_gain":0,"max_hp_loss":0,"event_name":"Liars Game","floor":2,"gold_loss":0},{"damage_healed":0,"gold_gain":0,"player_choice":"Take Wound","damage_taken":0,"relics_obtained":["Golden Idol"],"max_hp_gain":0,"max_hp_loss":0,"event_name":"Golden Idol","floor":3,"gold_loss":0,"cards_obtained":["Injury"]},{"cards_removed":["Injury"],"damage_healed":0,"gold_gain":0,"player_choice":"Forget","damage_taken":0,"max_hp_gain":0,"max_hp_loss":0,"event_name":"Living Wall","floor":4,"gold_loss":0}],"is_beta":false,"boss_relics":[],"items_purged_floors":[14],"is_endless":false,"potions_floor_spawned":[7,10,13],"killed_by":"The Guardian","ascension_level":18}