{"gold_per_floor":[114,189,189,189,139,180,194,194],"floor_reached":8,"playtime":253,"items_purged":[],"score":86,"play_id":"9659439f-967c-4427-b9d9-8e65416f939f","local_time":"20190220163914","is_ascension_mode":true,"campfire_choices":[],"neow_cost":"NONE","seed_source_timestamp":663669449241802,"circlet_count":0,"master_deck":["AscendersBane","Strike_B","Strike_B","Defend_B","Defend_B","Defend_B","Defend_B","Zap","Dualcast","Coolheaded","Steam","Biased Cognition","Gash"],"special_seed":0,"relics":["Cracked Core","Golden Idol"],"potions_floor_usage":[],"damage_taken":[{"damage":0.0,"enemies":"Jaw Worm","floor":1.0,"turns":6.0},{"damage":46.0,"enemies":"Lagavulin","floor":6.0,"turns":10.0},{"damage":0,"enemies":"2 Louse","floor":7,"turns":3},{"damage":19,"enemies":"3 Sentries","floor":8,"turns":7}],"seed_played":"137304453737133499","potions_obtained":[],"is_trial":false,"path_per_floor":["M","?","?","?","?","E","M","E"],"character_chosen":"DEFECT","items_purchased":[],"campfire_rested":0,"item_purchase_floors":[],"current_hp_per_floor":[68,57,57,62,62,16,16,0],"gold":194,"neow_bonus":"TRANSFORM_CARD","is_prod":false,"is_daily":false,"chose_seed":false,"campfire_upgraded":0,"win_rate":0,"timestamp":1550698754,"path_taken":["M","?","?","?","?","E","M","E"],"build_version":"2019-01-23","purchased_purges":0,"victory":false,"max_hp_per_floor":[75,75,69,74,74,74,74,74],"card_choices":[{"not_picked":["Turbo","Stack"],"picked":"Steam","floor":1.0},{"not_picked":["Storm","Consume"],"picked":"Biased Cognition","floor":6},{"not_picked":["Barrage","Rip and Tear"],"picked":"Gash","floor":7}],"player_experience":326575,"relics_obtained":[],"event_choices":[{"damage_healed":0.0,"max_hp_gain":0.0,"max_hp_loss":0.0,"gold_gain":75.0,"event_name":"World of Goop","player_choice":"Gather Gold","floor":2.0,"gold_loss":0.0,"damage_taken":11.0},{"damage_healed":0.0,"max_hp_gain":0.0,"max_hp_loss":6.0,"gold_gain":0.0,"event_name":"Golden Idol","player_choice":"Lose Max HP","floor":3.0,"gold_loss":0.0,"damage_taken":0.0,"relics_obtained":["Golden Idol"]},{"damage_healed":0.0,"max_hp_gain":5.0,"max_hp_loss":0.0,"gold_gain":0.0,"event_name":"Big Fish","player_choice":"Donut","floor":4.0,"gold_loss":0.0,"damage_taken":0.0},{"cards_removed":["Strike_B"],"damage_healed":0.0,"max_hp_gain":0.0,"max_hp_loss":0.0,"gold_gain":0.0,"event_name":"The Cleric","player_choice":"Card Removal","floor":5.0,"gold_loss":50.0,"damage_taken":0.0}],"is_beta":false,"boss_relics":[],"items_purged_floors":[],"is_endless":false,"potions_floor_spawned":[],"killed_by":"3 Sentries","ascension_level":12}