{"path_per_floor":["M","M","M","M","$","E","?","R","T","E","M","M","M","?","R","B",null,"M","M","$","M","M","?","$","M","T","R","?","M","R","M","R","B",null,"M","$"],"character_chosen":"THE_SILENT","items_purchased":["Thinking Ahead","Oddly Smooth Stone","Footwork"],"gold_per_floor":[360,376,388,407,3,29,84,84,110,137,157,176,186,186,186,281,281,271,285,115,132,145,145,20,34,80,80,80,99,99,110,110,208,208,224,74,74],"floor_reached":37,"campfire_rested":2,"playtime":4181,"item_purchase_floors":[5,5,20],"current_hp_per_floor":[70,66,64,64,64,46,33,69,69,68,61,63,64,64,64,30,70,68,67,67,55,53,40,40,39,39,75,75,59,59,53,53,9,75,43,43,0],"items_purged":["Doubt","Strike_G","Strike_G","Strike_G"],"gold":74,"score":385,"play_id":"d20bdcb2-fddb-465b-a8d0-f831038a0d3f","local_time":"20180601234817","is_prod":false,"is_daily":false,"chose_seed":false,"is_ascension_mode":false,"campfire_upgraded":3,"win_rate":0,"timestamp":1527893297,"campfire_choices":[{"floor":8,"key":"REST"},{"data":"Noxious Fumes","floor":15,"key":"SMITH"},{"floor":27,"key":"REST"},{"data":"Thinking Ahead","floor":30,"key":"SMITH"},{"data":"Neutralize","floor":32,"key":"SMITH"}],"path_taken":["M","M","M","M","$","E","?","R","T","E","M","M","?","?","R","BOSS","M","M","$","M","M","?","$","?","T","R","?","M","R","M","R","BOSS","M","$","?"],"build_version":"2018-05-31","seed_source_timestamp":641596935898309,"purchased_purges":4,"victory":false,"master_deck":["Defend_G","Defend_G","Defend_G","Defend_G","Defend_G","Strike_G+1","Strike_G+1","Survivor","Neutralize+1","Noxious Fumes","Poisoned Stab","Deadly Poison","Thinking Ahead+1","Adrenaline+1","Backflip","Deadly Poison","Blur","Noxious Fumes+1","Deadly Poison","Bane+1","Footwork","Well Laid Plans","Outmaneuver+1","Escape Plan+1"],"max_hp_per_floor":[70,70,70,70,70,70,70,70,70,70,70,70,70,70,70,70,70,70,70,70,70,70,75,75,75,75,75,75,75,75,75,75,75,75,75,75,75],"relics":["Ring of the Snake","Oddly Smooth Stone","Whetstone","Regal Pillow","Blood Vial","Matryoshka","Philosopher\u0027s Stone","Vajra","Snake Skull","White Beast Statue"],"card_choices":[{"not_picked":["Bane","Crippling Poison"],"picked":"Noxious Fumes","floor":1},{"not_picked":["Dagger Spray","Accuracy","Infinite Blades"],"picked":"SKIP","floor":2},{"not_picked":["Eviscerate","Underhanded Strike"],"picked":"Poisoned Stab","floor":3},{"not_picked":["Flechettes","Eviscerate"],"picked":"Deadly Poison","floor":4},{"not_picked":["Flying Knee","Infinite Blades"],"picked":"Adrenaline","floor":6},{"not_picked":["Bane","Eviscerate"],"picked":"Backflip","floor":7},{"not_picked":["Poisoned Stab","Crippling Poison"],"picked":"Deadly Poison","floor":10},{"not_picked":["Outmaneuver","Calculated Gamble"],"picked":"Blur","floor":11},{"not_picked":["Dash","Slice"],"picked":"Noxious Fumes","floor":12},{"not_picked":["Calculated Gamble","Acrobatics"],"picked":"Deadly Poison","floor":13},{"not_picked":["Deadly Poison+1","Prepared"],"picked":"Bane+1","floor":18},{"not_picked":["Infinite Blades","Blur+1","Skewer"],"picked":"SKIP","floor":19},{"not_picked":["Outmaneuver","Dagger Spray+1"],"picked":"Well Laid Plans","floor":21},{"not_picked":["Deflect","Flying Knee","Deadly Poison"],"picked":"SKIP","floor":22},{"not_picked":["Underhanded Strike+1","Distraction"],"picked":"Outmaneuver+1","floor":25},{"not_picked":["Heel Hook+1","Unload","Slice"],"picked":"SKIP","floor":29},{"not_picked":["Deadly Poison","Acrobatics"],"picked":"Escape Plan+1","floor":31},{"not_picked":["Poisoned Stab+1","Eviscerate","Backflip"],"picked":"SKIP","floor":35}],"player_experience":197944,"potions_floor_usage":[6,10,11,18,25,29,31,31,35,37],"damage_taken":[{"damage":0,"enemies":"Cultist","floor":1,"turns":5},{"damage":4,"enemies":"Jaw Worm","floor":2,"turns":6},{"damage":2,"enemies":"2 Louse","floor":3,"turns":3},{"damage":0,"enemies":"Blue Slaver","floor":4,"turns":5},{"damage":18,"enemies":"Gremlin Nob","floor":6,"turns":5},{"damage":13,"enemies":"Gremlin Nob","floor":7,"turns":4},{"damage":2,"enemies":"Lagavulin","floor":10,"turns":6},{"damage":9,"enemies":"Gremlin Gang","floor":11,"turns":6},{"damage":0,"enemies":"Looter","floor":12,"turns":3},{"damage":1,"enemies":"Red Slaver","floor":13,"turns":4},{"damage":36,"enemies":"Slime Boss","floor":16,"turns":10},{"damage":2,"enemies":"2 Thieves","floor":18,"turns":4},{"damage":3,"enemies":"Spheric Guardian","floor":19,"turns":3},{"damage":14,"enemies":"Cultist and Chosen","floor":21,"turns":7},{"damage":4,"enemies":"Centurion and Healer","floor":22,"turns":6},{"damage":3,"enemies":"Snake Plant","floor":25,"turns":4},{"damage":16,"enemies":"3 Cultists","floor":29,"turns":5},{"damage":8,"enemies":"Cultist and Chosen","floor":31,"turns":5},{"damage":46,"enemies":"Collector","floor":33,"turns":8},{"damage":32,"enemies":"3 Darklings","floor":35,"turns":5},{"damage":60,"enemies":"Mysterious Sphere","floor":37,"turns":4}],"relics_obtained":[{"floor":6,"key":"Whetstone"},{"floor":7,"key":"Regal Pillow"},{"floor":9,"key":"Blood Vial"},{"floor":10,"key":"Matryoshka"},{"floor":26,"key":"Vajra"},{"floor":26,"key":"Snake Skull"}],"event_choices":[{"event_name":"Dead Adventurer","player_choice":"Searched \u00271\u0027 times","floor":7,"damage_taken":0},{"event_name":"Living Wall","player_choice":"Grow","floor":14,"damage_taken":0},{"event_name":"Forgotten Altar","player_choice":"Shed Blood","floor":23,"damage_taken":0},{"event_name":"Addict","player_choice":"Ignored","floor":28,"damage_taken":0},{"event_name":"Mysterious Sphere","player_choice":"Fight","floor":37,"damage_taken":0}],"boss_relics":[{"not_picked":["Eternal Feather","Snecko Eye"],"picked":"Philosopher\u0027s Stone"},{"not_picked":["Runic Dome","Tiny House"],"picked":"White Beast Statue"}],"items_purged_floors":[5,20,24,36],"potions_floor_spawned":[2,3,6,7,10,12,21,25,29,33,35],"seed_played":"8270991125193643453","killed_by":"Mysterious Sphere","ascension_level":0,"potions_obtained":[{"floor":2,"key":"SteroidPotion"},{"floor":3,"key":"Weak Potion"},{"floor":6,"key":"Block Potion"},{"floor":7,"key":"Block Potion"},{"floor":10,"key":"GhostInAJar"},{"floor":12,"key":"EssenceOfSteel"},{"floor":21,"key":"GhostInAJar"},{"floor":25,"key":"Poison Potion"},{"floor":29,"key":"SpeedPotion"},{"floor":33,"key":"SkillPotion"},{"floor":35,"key":"Explosive Potion"}],"is_trial":false}