{"gold_per_floor":[219,25,25,25,56,56,156,156,235,294,306,358,425,44,44,167,167,206,220,220,286,36,36,36],"floor_reached":24,"playtime":959,"items_purged":["Strike_R","Barricade"],"score":371,"play_id":"a555bcac-cdbf-49cb-95aa-713b7ebb2307","local_time":"20181124231613","is_ascension_mode":true,"campfire_choices":[{"data":"HandOfGreed","floor":6.0,"key":"SMITH"},{"floor":8.0,"key":"REST"},{"data":"Flame Barrier","floor":11.0,"key":"SMITH"},{"data":"Bash","floor":15.0,"key":"SMITH"},{"floor":23,"key":"REST"}],"neow_cost":"NONE","seed_source_timestamp":350430752448971,"circlet_count":0,"master_deck":["AscendersBane","Strike_R","Defend_R","Defend_R","Defend_R","Defend_R","Bash","Iron Wave","HandOfGreed+1","Bash+1","Bludgeon","Flame Barrier+1","Headbutt","Impervious","Finesse","Corruption+1","Barricade+1","Entrench+1","Shrug It Off+1","Decay","Battle Trance"],"special_seed":0,"relics":["Burning Blood","Ginger","Vajra","Tiny Chest","MawBank","Bottled Flame","Bag of Marbles","Astrolabe","PreservedInsect"],"potions_floor_usage":[24],"damage_taken":[{"damage":4.0,"enemies":"2 Louse","floor":1.0,"turns":4.0},{"damage":0.0,"enemies":"Cultist","floor":5.0,"turns":2.0},{"damage":38.0,"enemies":"3 Sentries","floor":7.0,"turns":10.0},{"damage":11.0,"enemies":"Lagavulin","floor":10.0,"turns":5.0},{"damage":0.0,"enemies":"Jaw Worm","floor":12.0,"turns":3.0},{"damage":16.0,"enemies":"Gremlin Nob","floor":13.0,"turns":3.0},{"damage":45.0,"enemies":"Slime Boss","floor":16.0,"turns":14.0},{"damage":24,"enemies":"Spheric Guardian","floor":18,"turns":9},{"damage":16,"enemies":"Shell Parasite","floor":19,"turns":5},{"damage":21,"enemies":"Centurion and Healer","floor":21,"turns":13},{"damage":40,"enemies":"Gremlin Leader","floor":24,"turns":4}],"seed_played":"-3914695483220322000","potions_obtained":[{"floor":7.0,"key":"Block Potion"},{"floor":12.0,"key":"SkillPotion"},{"floor":21,"key":"Block Potion"}],"is_trial":false,"path_per_floor":["M","$","?","?","M","R","E","R","T","E","R","M","E","$","R","B",null,"M","M","?","M","$","R","E"],"character_chosen":"IRONCLAD","items_purchased":["HandOfGreed","Bag of Marbles","Finesse","Regen Potion","PreservedInsect"],"campfire_rested":2,"item_purchase_floors":[2,14,14,14,22],"current_hp_per_floor":[70,70,44,44,50,50,18,40,40,35,35,41,31,31,31,7,58,40,30,30,15,15,37,0],"gold":36,"neow_bonus":"HUNDRED_GOLD","is_prod":false,"is_daily":false,"chose_seed":false,"campfire_upgraded":3,"win_rate":0,"timestamp":1543119373,"path_taken":["M","$","?","?","M","R","E","R","T","E","R","?","E","$","R","BOSS","M","?","?","M","$","R","E"],"build_version":"2018-11-15","purchased_purges":2,"victory":false,"max_hp_per_floor":[75,75,75,75,75,75,75,75,75,75,75,75,75,75,75,75,75,75,75,75,75,75,75,75],"card_choices":[{"not_picked":["Sword Boomerang","Infernal Blade"],"picked":"Iron Wave","floor":1.0},{"not_picked":["Sentinel","Perfected Strike"],"picked":"Headbutt","floor":5.0},{"not_picked":["Seeing Red","Brutality","Disarm"],"picked":"SKIP","floor":10.0},{"not_picked":["Heavy Blade","Rampage","Flex"],"picked":"SKIP","floor":12.0},{"not_picked":["Perfected Strike","Heavy Blade"],"picked":"Impervious","floor":13.0},{"not_picked":["Exhume","Dark Embrace"],"picked":"Barricade","floor":16.0},{"not_picked":["Pommel Strike","Corruption"],"picked":"Shrug It Off+1","floor":18},{"not_picked":["Havoc","Evolve","Sever Soul+1"],"picked":"SKIP","floor":19},{"not_picked":["Dual Wield","Sword Boomerang+1"],"picked":"Battle Trance","floor":21}],"player_experience":939269,"relics_obtained":[{"floor":7.0,"key":"Vajra"},{"floor":9.0,"key":"Tiny Chest"},{"floor":10.0,"key":"MawBank"},{"floor":13.0,"key":"Bottled Flame"}],"event_choices":[{"damage_healed":0.0,"max_hp_gain":0.0,"max_hp_loss":0.0,"gold_gain":0.0,"event_name":"Scrap Ooze","player_choice":"Success","floor":3.0,"gold_loss":0.0,"damage_taken":26.0,"relics_obtained":["Ginger"]},{"damage_healed":0.0,"max_hp_gain":0.0,"max_hp_loss":0.0,"gold_gain":0.0,"event_name":"Match and Keep!","player_choice":"3 cards matched","floor":4.0,"gold_loss":0.0,"damage_taken":0.0,"cards_obtained":["Bash","Bludgeon","Flame Barrier"]},{"damage_healed":0,"gold_gain":0,"player_choice":"Smashed Altar","damage_taken":0,"max_hp_gain":0,"max_hp_loss":0,"event_name":"Forgotten Altar","floor":20,"gold_loss":0,"cards_obtained":["Decay"]}],"is_beta":false,"boss_relics":[{"not_picked":["Orrery","Black Blood"],"picked":"Astrolabe"}],"items_purged_floors":[14,22],"is_endless":false,"potions_floor_spawned":[7,12,21],"killed_by":"Gremlin Leader","ascension_level":15}