{"gold_per_floor":[360,70,89,89,101,101,134,134,134,162,172,205,205,205,205,205],"floor_reached":16,"playtime":740,"items_purged":["Shame"],"score":236,"play_id":"e685d1ff-4997-4bb8-a0ca-bd6ad7891065","local_time":"20181025234624","is_ascension_mode":true,"campfire_choices":[{"data":"Glass Knife","floor":6.0,"key":"SMITH"},{"data":"Wraith Form v2","floor":8.0,"key":"SMITH"},{"data":"Infinite Blades","floor":15.0,"key":"SMITH"}],"neow_cost":"CURSE","seed_source_timestamp":1394513085896192,"circlet_count":0,"master_deck":["Defend_G","Defend_G+1","Defend_G","Defend_G","Defend_G","Strike_G","Strike_G","Strike_G","Strike_G","Survivor","Neutralize","AscendersBane","Dodge and Roll","Glass Knife+1","Quick Slash","Infinite Blades+1","Wraith Form v2+1","Sucker Punch","Backflip","Corpse Explosion+1","Neutralize"],"special_seed":0,"relics":["Ring of the Snake","Ninja Scroll","Matryoshka","Juzu Bracelet","War Paint"],"potions_floor_usage":[16],"damage_taken":[{"damage":9.0,"enemies":"Jaw Worm","floor":1.0,"turns":7.0},{"damage":0.0,"enemies":"2 Louse","floor":3.0,"turns":3.0},{"damage":2.0,"enemies":"Cultist","floor":5.0,"turns":4.0},{"damage":17.0,"enemies":"3 Sentries","floor":7.0,"turns":7.0},{"damage":2.0,"enemies":"Gremlin Nob","floor":10.0,"turns":4.0},{"damage":10.0,"enemies":"3 Louse","floor":11.0,"turns":3.0},{"damage":1.0,"enemies":"Lagavulin","floor":12.0,"turns":5.0},{"damage":7,"enemies":"Slime Boss","floor":16,"turns":8}],"seed_played":"1372245278106744606","potions_obtained":[{"floor":3.0,"key":"Fire Potion"},{"floor":7.0,"key":"AttackPotion"},{"floor":11.0,"key":"Strength Potion"},{"floor":12.0,"key":"GhostInAJar"}],"is_trial":false,"path_per_floor":["M","$","M","?","M","R","E","R","T","E","M","E","?","?","R"],"character_chosen":"THE_SILENT","items_purchased":["Glass Knife","AttackPotion"],"campfire_rested":0,"item_purchase_floors":[2,2],"current_hp_per_floor":[50,50,50,43,41,41,24,24,24,22,12,11,11,11,11,4],"gold":205,"neow_bonus":"TWO_FIFTY_GOLD","is_prod":false,"is_daily":false,"chose_seed":false,"campfire_upgraded":3,"win_rate":0,"timestamp":1540525584,"path_taken":["M","$","M","?","M","R","E","R","T","E","M","E","?","?","R","BOSS"],"build_version":"2018-10-25","purchased_purges":1,"victory":false,"max_hp_per_floor":[66,66,66,66,66,66,66,66,66,66,66,66,66,66,66,66],"card_choices":[{"not_picked":["Distraction","Quick Slash"],"picked":"Dodge and Roll","floor":1.0},{"not_picked":["Catalyst","Flechettes"],"picked":"Quick Slash","floor":3.0},{"not_picked":["Poisoned Stab","Slice"],"picked":"Infinite Blades","floor":5.0},{"not_picked":["Deadly Poison","Dodge and Roll"],"picked":"Wraith Form v2","floor":7.0},{"not_picked":["Unload","Acrobatics"],"picked":"Sucker Punch","floor":10.0},{"not_picked":["Deflect","Outmaneuver"],"picked":"Backflip","floor":11.0},{"not_picked":["Eviscerate","Footwork"],"picked":"Corpse Explosion","floor":12.0}],"player_experience":823308,"relics_obtained":[{"floor":7.0,"key":"Ninja Scroll"},{"floor":9.0,"key":"Matryoshka"},{"floor":10.0,"key":"Juzu Bracelet"},{"floor":12.0,"key":"War Paint"}],"event_choices":[{"cards_removed":["Strike_G"],"damage_healed":0.0,"max_hp_gain":0.0,"max_hp_loss":0.0,"gold_gain":0.0,"event_name":"Golden Wing","player_choice":"Card Removal","floor":4.0,"gold_loss":0.0,"damage_taken":7.0},{"damage_healed":0.0,"max_hp_gain":0.0,"max_hp_loss":0.0,"gold_gain":0.0,"event_name":"Scrap Ooze","player_choice":"Fled","floor":13.0,"gold_loss":0.0,"damage_taken":0.0},{"damage_healed":0.0,"max_hp_gain":0.0,"max_hp_loss":0.0,"gold_gain":0.0,"event_name":"Match and Keep!","player_choice":"1 cards matched","floor":14.0,"gold_loss":0.0,"damage_taken":0.0,"cards_obtained":["Neutralize"]}],"is_beta":false,"boss_relics":[],"items_purged_floors":[2],"is_endless":false,"potions_floor_spawned":[3,7,11,12],"killed_by":"Slime Boss","ascension_level":20}