{"gold_per_floor":[118,193,193,208,223,223,14,14,14,14],"floor_reached":10,"playtime":290,"items_purged":[],"score":64,"play_id":"d0e91467-e039-4771-a1ce-eef9825c872e","local_time":"20181119180154","is_ascension_mode":true,"campfire_choices":[{"data":"After Image","floor":6,"key":"SMITH"},{"floor":8,"key":"RECALL"}],"neow_cost":"NONE","seed_source_timestamp":351449890468756,"circlet_count":0,"master_deck":["Defend_G","Defend_G","Defend_G","Defend_G","Defend_G","Strike_G","Strike_G","Strike_G","Strike_G","Strike_G","Survivor","Neutralize","Acrobatics","After Image+1","Distraction","Underhanded Strike","Backflip"],"relics":["Ring of the Snake","NeowsBlessing","Omamori","Paper Crane"],"potions_floor_usage":[],"damage_taken":[{"damage":0,"enemies":"2 Louse","floor":1,"turns":1},{"damage":0,"enemies":"Small Slimes","floor":4,"turns":1},{"damage":0,"enemies":"Cultist","floor":5,"turns":1},{"damage":30,"enemies":"Lagavulin","floor":10,"turns":14}],"seed_played":"5742476622207883654","potions_obtained":[{"floor":4,"key":"Strength Potion"}],"is_trial":false,"path_per_floor":["M","?","?","M","M","R","$","R","T","E"],"character_chosen":"THE_SILENT","items_purchased":["Backflip","Omamori"],"campfire_rested":0,"item_purchase_floors":[7,7],"current_hp_per_floor":[70,59,59,59,59,59,59,59,59,29],"gold":14,"neow_bonus":"THREE_ENEMY_KILL","is_prod":false,"is_daily":false,"chose_seed":false,"campfire_upgraded":1,"win_rate":0,"timestamp":1542646914,"path_taken":["M","?","?","?","M","R","$","R","T","E"],"build_version":"2018-11-15","purchased_purges":0,"victory":false,"max_hp_per_floor":[70,70,70,70,70,70,70,70,70,70],"card_choices":[{"not_picked":["Deadly Poison","Outmaneuver"],"picked":"Acrobatics","floor":1},{"not_picked":["Well Laid Plans","PiercingWail"],"picked":"Distraction","floor":4},{"not_picked":["Outmaneuver","Endless Agony"],"picked":"Underhanded Strike","floor":5}],"player_experience":234556,"relics_obtained":[{"floor":9,"key":"Paper Crane"}],"event_choices":[{"damage_healed":0,"gold_gain":75,"player_choice":"Gather Gold","damage_taken":11,"max_hp_gain":0,"max_hp_loss":0,"event_name":"World of Goop","floor":2,"gold_loss":0},{"damage_healed":0,"gold_gain":0,"player_choice":"1 cards matched","damage_taken":0,"max_hp_gain":0,"max_hp_loss":0,"event_name":"Match and Keep!","floor":3,"gold_loss":0,"cards_obtained":["After Image"]}],"is_beta":true,"boss_relics":[],"items_purged_floors":[],"is_endless":false,"potions_floor_spawned":[4],"killed_by":"Lagavulin","ascension_level":3}