{"path_per_floor":["M","?","M","?","M","R","E","M","T","M","R","?","R","M","R"],"character_chosen":"IRONCLAD","items_purchased":[],"gold_per_floor":[111,111,129,304,314,314,341,359,383,393,393,393,393,405,405,405],"floor_reached":16,"campfire_rested":3,"playtime":1569,"current_hp_per_floor":[80,73,79,79,53,77,52,39,39,35,59,59,80,66,66,0],"items_purged":[],"gold":405,"score":102,"play_id":"d54be293-6b37-424d-8cf8-1e44a385ace5","local_time":"20180513163458","is_prod":false,"is_daily":false,"chose_seed":false,"is_ascension_mode":false,"campfire_upgraded":1,"timestamp":1526225698,"path_taken":["M","?","M","?","M","R","E","M","T","?","R","?","R","M","R","BOSS"],"build_version":"2018-05-10","seed_source_timestamp":0,"purchased_purges":0,"victory":false,"master_deck":["Strike_R","Strike_R","Strike_R","Strike_R","Defend_R","Defend_R","Defend_R","Defend_R","Bash","Perfected Strike","Uppercut","Doubt","Iron Wave","Demon Form+1","Pummel","Headbutt","Bash","Writhe","Corruption"],"max_hp_per_floor":[80,80,80,80,80,80,80,80,80,80,80,80,80,80,80,80],"relics":["Burning Blood","Ancient Tea Set","Oddly Smooth Stone"],"card_choices":[{"not_picked":["True Grit","Sword Boomerang"],"picked":"Perfected Strike","floor":1.0},{"not_picked":["Inflame","Body Slam"],"picked":"Uppercut","floor":3},{"not_picked":["Carnage","Warcry"],"picked":"Iron Wave","floor":5},{"not_picked":["Perfected Strike","Burning Pact"],"picked":"Demon Form","floor":7},{"not_picked":["Flex","Clash"],"picked":"Pummel","floor":8},{"not_picked":["Perfected Strike","Pommel Strike"],"picked":"Headbutt","floor":10},{"not_picked":["Perfected Strike","Demon Form"],"picked":"Corruption","floor":14}],"player_experience":0,"potions_floor_usage":[8,14],"damage_taken":[{"damage":5.0,"enemies":"Cultist","floor":1.0,"turns":4.0},{"damage":0.0,"enemies":"Small Slimes","floor":3.0,"turns":3.0},{"damage":32,"enemies":"Exordium Wildlife","floor":5,"turns":5},{"damage":31,"enemies":"3 Sentries","floor":7,"turns":10},{"damage":19,"enemies":"Blue Slaver","floor":8,"turns":3},{"damage":10,"enemies":"Looter","floor":10,"turns":3},{"damage":20,"enemies":"Exordium Wildlife","floor":14,"turns":4},{"damage":66,"enemies":"The Guardian","floor":16,"turns":9}],"event_choices":[{"event_name":"Golden Wing","player_choice":"Card Removal","floor":2.0,"damage_taken":0.0},{"event_name":"Liars Game","player_choice":"agreed","floor":4,"damage_taken":0},{"event_name":"Match and Keep!","player_choice":"2 cards matched","floor":12,"damage_taken":0}],"boss_relics":[],"potions_floor_spawned":[1,8,14],"seed_played":"-5784414104273708988","killed_by":"The Guardian","ascension_level":0,"is_trial":false}