{"gold_per_floor":[117,117,67,79,79,119,44,82,108,133,133,152,152,192,192,311,311,330,330,66,116,130,130],"floor_reached":23,"playtime":956,"items_purged":["Injury","Strike_R"],"score":238,"play_id":"0eb47a16-15eb-45df-9c77-1ca4161c05dd","local_time":"20190117064339","is_ascension_mode":true,"campfire_choices":[{"data":"Fire Breathing","floor":11,"key":"SMITH"},{"data":"Havoc","floor":13,"key":"SMITH"},{"data":"Limit Break","floor":15,"key":"SMITH"}],"neow_cost":"NONE","seed_source_timestamp":650813762580381,"circlet_count":0,"master_deck":["Strike_R","Strike_R","Strike_R","Strike_R","Defend_R","Defend_R","Defend_R","Bash","Cleave","Demon Form","Limit Break+1","Fire Breathing+1","Flex","Havoc+1","Warcry","Sword Boomerang","Thinking Ahead","Rampage"],"relics":["Burning Blood","Golden Idol","Bronze Scales","Ancient Tea Set","Potion Belt","Blue Candle","Mark of Pain"],"potions_floor_usage":[8,12,14,18,23],"damage_taken":[{"damage":9,"enemies":"Jaw Worm","floor":1,"turns":5},{"damage":7,"enemies":"Small Slimes","floor":4,"turns":3},{"damage":30,"enemies":"Lagavulin","floor":6,"turns":6},{"damage":18,"enemies":"Gremlin Nob","floor":8,"turns":3},{"damage":0,"enemies":"2 Louse","floor":10,"turns":3},{"damage":9,"enemies":"Red Slaver","floor":12,"turns":2},{"damage":10,"enemies":"Lagavulin","floor":14,"turns":4},{"damage":28,"enemies":"Hexaghost","floor":16,"turns":6},{"damage":41,"enemies":"2 Thieves","floor":18,"turns":4},{"damage":25,"enemies":"Spheric Guardian","floor":22,"turns":4},{"damage":47,"enemies":"Slavers","floor":23,"turns":3}],"seed_played":"-8011240244782102027","potions_obtained":[{"floor":4,"key":"SteroidPotion"},{"floor":8,"key":"Dexterity Potion"},{"floor":10,"key":"FearPotion"},{"floor":12,"key":"SkillPotion"},{"floor":22,"key":"Regen Potion"}],"is_trial":false,"path_per_floor":["M","?","?","M","?","E","$","E","T","M","R","M","R","E","R","B",null,"M","?","$","?","M","E"],"character_chosen":"IRONCLAD","items_purchased":["Thinking Ahead"],"campfire_rested":0,"item_purchase_floors":[20],"current_hp_per_floor":[85,85,85,84,84,60,60,48,48,54,54,51,51,47,47,25,88,53,53,53,53,34,0],"gold":130,"neow_bonus":"TEN_PERCENT_HP_BONUS","is_prod":false,"is_daily":false,"chose_seed":false,"campfire_upgraded":3,"win_rate":0,"timestamp":1547725419,"path_taken":["M","?","?","M","?","E","?","E","T","?","R","M","R","E","R","BOSS","M","?","$","?","M","E"],"build_version":"2019-01-10","purchased_purges":2,"victory":false,"max_hp_per_floor":[88,88,88,88,88,88,88,88,88,88,88,88,88,88,88,88,88,88,88,88,88,88,88],"card_choices":[{"not_picked":["Shrug It Off","Spot Weakness"],"picked":"Cleave","floor":1},{"not_picked":["Warcry","Headbutt"],"picked":"Demon Form","floor":4},{"not_picked":["Sentinel","Double Tap"],"picked":"Limit Break","floor":6},{"not_picked":["Havoc","Corruption"],"picked":"Fire Breathing","floor":8},{"not_picked":["Rage","Second Wind"],"picked":"Flex","floor":10},{"not_picked":["Body Slam","True Grit"],"picked":"Havoc","floor":12},{"not_picked":["Feel No Pain","Immolate"],"picked":"Warcry","floor":14},{"not_picked":["Flame Barrier","Evolve+1"],"picked":"Sword Boomerang","floor":18},{"not_picked":["Power Through","Seeing Red"],"picked":"Rampage","floor":22}],"player_experience":113000,"relics_obtained":[{"floor":6,"key":"Bronze Scales"},{"floor":8,"key":"Ancient Tea Set"},{"floor":9,"key":"Potion Belt"},{"floor":14,"key":"Blue Candle"}],"event_choices":[{"damage_healed":0,"gold_gain":0,"cards_transformed":["Defend_R"],"player_choice":"Change","damage_taken":0,"max_hp_gain":0,"max_hp_loss":0,"event_name":"Living Wall","floor":2,"gold_loss":0,"cards_obtained":["Corruption"]},{"cards_removed":["Corruption"],"damage_healed":0,"gold_gain":0,"player_choice":"Card Removal","damage_taken":0,"max_hp_gain":0,"max_hp_loss":0,"event_name":"The Cleric","floor":3,"gold_loss":50},{"damage_healed":0,"gold_gain":0,"player_choice":"Take Wound","damage_taken":0,"relics_obtained":["Golden Idol"],"max_hp_gain":0,"max_hp_loss":0,"event_name":"Golden Idol","floor":5,"gold_loss":0,"cards_obtained":["Injury"]},{"damage_healed":0,"gold_gain":0,"player_choice":"Ignored","damage_taken":0,"max_hp_gain":0,"max_hp_loss":0,"event_name":"Ghosts","floor":19,"gold_loss":0},{"damage_healed":0,"gold_gain":100,"player_choice":"Bet on Murderer","damage_taken":0,"max_hp_gain":0,"max_hp_loss":0,"event_name":"The Joust","floor":21,"gold_loss":50}],"is_beta":false,"boss_relics":[{"not_picked":["Busted Crown","Orrery"],"picked":"Mark of Pain"}],"items_purged_floors":[7,20],"is_endless":false,"potions_floor_spawned":[4,8,10,12,22],"killed_by":"Slavers","ascension_level":3}