{"gold_per_floor":[116,136,148,17,17,42,42,42,68,68,84,98,124,138,138,216,216,236,262,84,84,103,103,116,148,148,148,176,99,99,126,126,203,203,223,233,244,23,23,39,39,55,55,104,104,104],"floor_reached":46,"playtime":1817,"items_purged":["Perfected Strike"],"score":898,"play_id":"30d63b05-7d11-4983-b295-a1e7f6cc232d","local_time":"20180812132223","is_ascension_mode":true,"campfire_choices":[{"data":"Armaments","floor":7.0,"key":"SMITH"},{"data":"Inflame","floor":10.0,"key":"SMITH"},{"data":"Clothesline","floor":15.0,"key":"SMITH"},{"floor":23.0,"key":"REST"},{"floor":27.0,"key":"REST"},{"floor":30.0,"key":"REST"},{"floor":32.0,"key":"REST"},{"floor":41,"key":"REST"},{"floor":45,"key":"REST"}],"neow_cost":"PERCENT_DAMAGE","seed_source_timestamp":1792588206576,"circlet_count":0,"master_deck":["Bash","AscendersBane","Anger","Blood for Blood+1","Shrug It Off","Inflame+1","Sword Boomerang","Armaments+1","Clothesline+1","Shrug It Off","Pommel Strike","Offering+1","Iron Wave+1","Flex+1","Battle Trance+1","J.A.X.+1","Exhume+1","Shrug It Off+1","Clothesline","Blood for Blood","Iron Wave","Rage+1","Havoc+1","Heavy Blade+1","Seeing Red+1","Ghostly Armor+1","Madness+1","True Grit+1","Metallicize+1","Bloodletting+1"],"special_seed":0,"relics":["Burning Blood","Boot","Art of War","Toxic Egg 2","Fusion Hammer","Red Mask","MawBank","Anchor","StoneCalendar","Strawberry","Omamori","Pandora\u0027s Box","Red Skull","Pear","Unceasing Top"],"potions_floor_usage":[33,42,42],"damage_taken":[{"damage":2.0,"enemies":"2 Louse","floor":1.0,"turns":3.0},{"damage":6.0,"enemies":"Cultist","floor":2.0,"turns":3.0},{"damage":7.0,"enemies":"Small Slimes","floor":3.0,"turns":3.0},{"damage":26.0,"enemies":"Gremlin Nob","floor":6.0,"turns":4.0},{"damage":5.0,"enemies":"Blue Slaver","floor":11.0,"turns":3.0},{"damage":0.0,"enemies":"Large Slime","floor":12.0,"turns":4.0},{"damage":22.0,"enemies":"Lagavulin","floor":13.0,"turns":5.0},{"damage":0.0,"enemies":"3 Louse","floor":14.0,"turns":2.0},{"damage":29.0,"enemies":"Hexaghost","floor":16.0,"turns":8.0},{"damage":20.0,"enemies":"2 Thieves","floor":18.0,"turns":3.0},{"damage":29.0,"floor":19.0,"turns":5.0},{"damage":8.0,"enemies":"Shell Parasite","floor":22.0,"turns":4.0},{"damage":6.0,"enemies":"Cultist and Chosen","floor":24.0,"turns":4.0},{"damage":35.0,"enemies":"Slavers","floor":25.0,"turns":7.0},{"damage":6.0,"enemies":"Gremlin Leader","floor":28.0,"turns":6.0},{"damage":12.0,"enemies":"Book of Stabbing","floor":31.0,"turns":4.0},{"damage":44,"enemies":"Automaton","floor":33,"turns":7},{"damage":18,"enemies":"Flame Bruiser 1 Orb","floor":35,"turns":4},{"damage":10,"enemies":"3 Shapes","floor":36,"turns":4},{"damage":12,"enemies":"Maw","floor":37,"turns":4},{"damage":9,"enemies":"4 Shapes","floor":40,"turns":3},{"damage":17,"enemies":"Flame Bruiser 2 Orb","floor":42,"turns":6},{"damage":65,"floor":44,"turns":4},{"damage":44,"enemies":"3 Darklings","floor":46,"turns":3}],"seed_played":"1473604152069715634","potions_obtained":[{"floor":1.0,"key":"Explosive Potion"},{"floor":14.0,"key":"Poison Potion"},{"floor":16.0,"key":"LiquidBronze"},{"floor":22.0,"key":"SpeedPotion"},{"floor":24.0,"key":"Weak Potion"},{"floor":25.0,"key":"FearPotion"},{"floor":31.0,"key":"LiquidBronze"},{"floor":36,"key":"Explosive Potion"},{"floor":40,"key":"Weak Potion"}],"is_trial":false,"path_per_floor":["M","M","M","$","?","E","R","?","T","R","M","M","E","M","R","B",null,"M","?","$","?","M","R","M","E","T","R","E","?","R","E","R","B",null,"M","M","M","$","?","M","R","M","T","?","R"],"character_chosen":"IRONCLAD","items_purchased":["Inflame","Sword Boomerang","MawBank","Flex+1","Red Skull"],"campfire_rested":6,"item_purchase_floors":[4,4,20,20,38],"current_hp_per_floor":[54,54,53,53,30,10,10,35,35,35,36,42,26,32,32,9,59,45,22,22,22,20,42,42,13,13,35,42,42,66,60,82,44,73,61,57,51,51,51,48,72,61,71,12,39,0],"gold":104,"neow_bonus":"REMOVE_TWO","is_prod":false,"is_daily":false,"chose_seed":false,"campfire_upgraded":3,"win_rate":0,"timestamp":1534094543,"path_taken":["M","M","M","$","?","E","R","?","T","R","M","M","E","M","R","BOSS","M","?","$","?","M","R","?","E","T","R","E","?","R","E","R","BOSS","M","M","M","$","?","M","R","?","T","?","R","M"],"build_version":"2018-08-09","purchased_purges":1,"victory":false,"max_hp_per_floor":[75,75,75,75,75,75,75,75,75,75,75,75,75,75,75,75,75,75,75,75,75,75,75,75,75,75,75,82,82,82,82,82,82,82,82,82,82,82,82,82,82,82,92,92,92,92],"card_choices":[{"not_picked":["Evolve","Spot Weakness"],"picked":"Anger","floor":1.0},{"not_picked":["Sever Soul","Body Slam"],"picked":"Blood for Blood","floor":2.0},{"not_picked":["Dual Wield","Burning Pact"],"picked":"Shrug It Off","floor":3.0},{"not_picked":["Demon Form","Blood for Blood"],"picked":"Armaments","floor":6.0},{"not_picked":["Shrug It Off","Thunderclap"],"picked":"Clothesline","floor":11.0},{"not_picked":["Twin Strike","Heavy Blade"],"picked":"Shrug It Off","floor":12.0},{"not_picked":["Clash","Twin Strike","Havoc"],"picked":"SKIP","floor":13.0},{"not_picked":["Warcry+1","Feel No Pain"],"picked":"Pommel Strike","floor":14.0},{"not_picked":["Fiend Fire","Double Tap+1"],"picked":"Offering+1","floor":16.0},{"not_picked":["Anger","Perfected Strike"],"picked":"Iron Wave","floor":18.0},{"not_picked":["Dropkick","Evolve+1","Uppercut"],"picked":"SKIP","floor":22.0},{"not_picked":["Evolve","Headbutt","Warcry+1"],"picked":"SKIP","floor":24.0},{"not_picked":["Shrug It Off+1","Pommel Strike","Fiend Fire"],"picked":"SKIP","floor":25.0},{"not_picked":["Uppercut","Sword Boomerang"],"picked":"Battle Trance+1","floor":28.0},{"not_picked":["Feel No Pain","Entrench+1","Iron Wave"],"picked":"SKIP","floor":31.0},{"not_picked":["Barricade","Impervious+1"],"picked":"Exhume+1","floor":33},{"not_picked":["Shrug It Off+1","Havoc+1"],"picked":"Heavy Blade+1","floor":35},{"not_picked":["Burning Pact+1","Spot Weakness+1"],"picked":"Seeing Red+1","floor":36},{"not_picked":["Infernal Blade+1","Twin Strike+1"],"picked":"Ghostly Armor+1","floor":37},{"not_picked":["Apotheosis+1","Swift Strike"],"picked":"Madness+1","floor":39},{"not_picked":["Anger+1","Flex+1"],"picked":"True Grit+1","floor":40},{"not_picked":["Perfected Strike","Blood for Blood"],"picked":"Metallicize+1","floor":42},{"not_picked":["Headbutt+1","Entrench+1"],"picked":"Bloodletting+1","floor":44}],"player_experience":574256,"relics_obtained":[{"floor":6.0,"key":"Boot"},{"floor":9.0,"key":"Art of War"},{"floor":13.0,"key":"Toxic Egg 2"},{"floor":19.0,"key":"Red Mask"},{"floor":25.0,"key":"Anchor"},{"floor":26.0,"key":"StoneCalendar"},{"floor":28.0,"key":"Strawberry"},{"floor":31.0,"key":"Omamori"},{"floor":43,"key":"Pear"},{"floor":44,"key":"Unceasing Top"}],"event_choices":[{"event_name":"Shining Light","player_choice":"Entered Light","floor":5.0,"damage_taken":0.0},{"event_name":"Big Fish","player_choice":"Banana","floor":8.0,"damage_taken":0.0},{"event_name":"Masked Bandits","player_choice":"Fought Bandits","floor":19.0,"damage_taken":0.0},{"event_name":"Upgrade Shrine","player_choice":"Upgraded","floor":21.0,"damage_taken":0.0},{"event_name":"Drug Dealer","player_choice":"Got JAXXED","floor":29.0,"damage_taken":0.0},{"event_name":"SensoryStone","player_choice":"Memory 1","floor":39,"damage_taken":0},{"event_name":"Mysterious Sphere","player_choice":"Fight","floor":44,"damage_taken":0}],"is_beta":false,"boss_relics":[{"not_picked":["Calling Bell","Velvet Choker"],"picked":"Fusion Hammer"},{"not_picked":["Tiny House","Eternal Feather"],"picked":"Pandora\u0027s Box"}],"items_purged_floors":[38],"is_endless":false,"potions_floor_spawned":[1,14,16,22,24,25,31,36,40],"killed_by":"3 Darklings","ascension_level":15}