{"gold_per_floor":[117,133,41,54,65,65,92,105,105,105,105,105,128,128,128,128],"floor_reached":16,"playtime":457,"items_purged":[],"score":194,"play_id":"b0b8f11b-e946-483b-8a5e-8ef50eb4e3a7","local_time":"20181002181938","is_ascension_mode":true,"campfire_choices":[{"data":"Defragment","floor":6,"key":"SMITH"},{"floor":11,"key":"REST"},{"data":"Hologram","floor":15,"key":"SMITH"}],"neow_cost":"PERCENT_DAMAGE","seed_source_timestamp":1477635673483161,"circlet_count":0,"master_deck":["Strike_B","Strike_B","Strike_B","Defend_B","Defend_B","Defend_B","Zap","Dualcast","AscendersBane","Seek+1","Turbo","Rip and Tear","Streamline","Defragment+1","Go for the Eyes","Hologram+1","Loop","Go for the Eyes","Stack"],"relics":["Cracked Core","Letter Opener","Cables","Golden Idol","SsserpentHead"],"potions_floor_usage":[7,7,16],"damage_taken":[{"damage":4,"enemies":"Jaw Worm","floor":1,"turns":4},{"damage":1,"enemies":"2 Louse","floor":2,"turns":2},{"damage":0,"enemies":"Cultist","floor":4,"turns":2},{"damage":0,"enemies":"Large Slime","floor":5,"turns":4},{"damage":32,"enemies":"Lagavulin","floor":7,"turns":5},{"damage":3,"enemies":"3 Louse","floor":8,"turns":3},{"damage":19,"enemies":"Exordium Thugs","floor":13,"turns":4},{"damage":6,"enemies":"The Guardian","floor":16,"turns":4}],"seed_played":"4736576211588671084","potions_obtained":[{"floor":2,"key":"AttackPotion"},{"floor":5,"key":"Poison Potion"},{"floor":13,"key":"EssenceOfSteel"}],"is_trial":false,"path_per_floor":["M","M","$","M","M","R","E","M","T","?","R","?","M","?","R"],"character_chosen":"DEFECT","items_purchased":["Defragment"],"campfire_rested":1,"item_purchase_floors":[3],"current_hp_per_floor":[42,41,41,41,41,41,9,6,6,6,25,25,6,6,6,0],"gold":128,"neow_bonus":"TRANSFORM_TWO_CARDS","is_prod":false,"is_daily":false,"chose_seed":false,"campfire_upgraded":2,"win_rate":0,"timestamp":1538518778,"path_taken":["M","M","$","M","M","R","E","M","T","?","R","?","?","?","R","BOSS"],"build_version":"2018-09-27","purchased_purges":0,"victory":false,"max_hp_per_floor":[71,71,71,71,71,71,71,71,71,64,64,64,64,64,64,64],"card_choices":[{"not_picked":["Beam Cell","Go for the Eyes"],"picked":"Rip and Tear","floor":1},{"not_picked":["Hologram","Coolheaded"],"picked":"Streamline","floor":2},{"not_picked":["Tempest","Fusion"],"picked":"Go for the Eyes","floor":4},{"not_picked":["Blizzard","Coolheaded"],"picked":"Hologram","floor":5},{"not_picked":["Leap","White Noise"],"picked":"Loop","floor":7},{"not_picked":["Rebound","Streamline"],"picked":"Go for the Eyes","floor":8},{"not_picked":["Barrage","Double Energy"],"picked":"Stack","floor":13}],"player_experience":749691,"relics_obtained":[{"floor":7,"key":"Letter Opener"},{"floor":9,"key":"Cables"}],"event_choices":[{"event_name":"Golden Idol","player_choice":"Lose Max HP","floor":10,"damage_taken":0},{"event_name":"Living Wall","player_choice":"Grow","floor":12,"damage_taken":0},{"event_name":"FaceTrader","player_choice":"Trade","floor":14,"damage_taken":0}],"is_beta":false,"boss_relics":[],"items_purged_floors":[],"is_endless":false,"potions_floor_spawned":[2,5,13],"killed_by":"The Guardian","ascension_level":18}