{"gold_per_floor":[119,131,306,306,316,316,344,354,354,369,382,382,382,382,382,382],"floor_reached":16,"playtime":622,"items_purged":[],"score":138,"play_id":"9d707a8c-2e9f-4fe5-912d-2730983af570","local_time":"20190120084743","is_ascension_mode":true,"campfire_choices":[{"data":"Zap","floor":6,"key":"SMITH"},{"data":"Fission","floor":12,"key":"SMITH"},{"data":"Go for the Eyes","floor":15,"key":"SMITH"}],"neow_cost":"NONE","seed_source_timestamp":228309200085549,"circlet_count":0,"master_deck":["Strike_B","Strike_B","Strike_B","Defend_B","Defend_B","Defend_B","Defend_B","Zap+1","Dualcast","Amplify","Steam","Doubt","Go for the Eyes+1","Fission+1","Steam","FTL","Hyperbeam"],"relics":["Cracked Core","StoneCalendar","Shuriken","Question Card","Matryoshka"],"potions_floor_usage":[16],"damage_taken":[{"damage":1,"enemies":"Cultist","floor":1,"turns":3},{"damage":4,"enemies":"Jaw Worm","floor":2,"turns":4},{"damage":0,"enemies":"Small Slimes","floor":5,"turns":3},{"damage":15,"enemies":"Lagavulin","floor":7,"turns":7},{"damage":6,"enemies":"Looter","floor":8,"turns":3},{"damage":9,"enemies":"Exordium Wildlife","floor":10,"turns":7},{"damage":15,"enemies":"Gremlin Gang","floor":11,"turns":7},{"damage":25,"enemies":"Hexaghost","floor":16,"turns":11}],"seed_played":"7027770047330275526","potions_obtained":[{"floor":2,"key":"Ancient Potion"},{"floor":7,"key":"Dexterity Potion"},{"floor":10,"key":"SneckoOil"}],"is_trial":false,"path_per_floor":["M","M","?","T","M","R","E","M","T","M","M","R","?","?","R","B"],"character_chosen":"DEFECT","items_purchased":[],"campfire_rested":0,"item_purchase_floors":[],"current_hp_per_floor":[67,63,63,63,63,63,48,42,42,33,18,18,43,31,31,6],"gold":382,"neow_bonus":"TRANSFORM_CARD","is_prod":false,"is_daily":false,"chose_seed":false,"campfire_upgraded":3,"win_rate":0,"timestamp":1547992063,"path_taken":["M","?","?","?","?","R","E","M","T","M","M","R","?","?","R","BOSS"],"build_version":"2019-01-17v2","purchased_purges":0,"victory":false,"max_hp_per_floor":[75,75,75,75,75,75,75,75,75,75,75,75,75,75,75,75],"card_choices":[{"not_picked":["Stack","Barrage","Doom and Gloom"],"picked":"SKIP","floor":1},{"not_picked":["Cold Snap","Darkness"],"picked":"Steam","floor":2},{"not_picked":["Sweeping Beam","Streamline"],"picked":"Go for the Eyes","floor":5},{"not_picked":["Beam Cell","Consume"],"picked":"Fission","floor":7},{"not_picked":["Fusion","Redo"],"picked":"Steam","floor":8},{"not_picked":["Static Discharge","Redo","Compile Driver"],"picked":"FTL","floor":10},{"not_picked":["Rebound","Go for the Eyes","Barrage"],"picked":"Hyperbeam","floor":11}],"player_experience":198612,"relics_obtained":[{"floor":4,"key":"StoneCalendar"},{"floor":7,"key":"Shuriken"},{"floor":9,"key":"Question Card"}],"event_choices":[{"damage_healed":0,"gold_gain":175,"player_choice":"AGREE","damage_taken":0,"max_hp_gain":0,"max_hp_loss":0,"event_name":"Liars Game","floor":3,"gold_loss":0,"cards_obtained":["Doubt"]},{"damage_healed":25,"gold_gain":0,"player_choice":"Banana","damage_taken":0,"max_hp_gain":0,"max_hp_loss":0,"event_name":"Big Fish","floor":13,"gold_loss":0},{"damage_healed":0,"gold_gain":0,"player_choice":"Success","damage_taken":12,"relics_obtained":["Matryoshka"],"max_hp_gain":0,"max_hp_loss":0,"event_name":"Scrap Ooze","floor":14,"gold_loss":0}],"is_beta":false,"boss_relics":[],"items_purged_floors":[],"is_endless":false,"potions_floor_spawned":[2,7,10],"killed_by":"Hexaghost","ascension_level":7}