{"gold_per_floor":[111,126,126,140,152,185,185,185,212,229,259,259,276,3,3,98,98,117,32,32,34,34,34,64,82,82,82,102,120,152,152,152,256,256,276,276,2,2,17,49,49,79,79,79,90,110,129,129,129,129],"floor_reached":51,"playtime":2787,"items_purged":["Strike_R","Strike_R"],"score":990,"play_id":"ae5a693d-4e52-46c2-a1d3-d056e84e1e39","local_time":"20190522144513","is_ascension_mode":true,"campfire_choices":[{"data":"Body Slam","floor":7.0,"key":"SMITH"},{"data":"Entrench","floor":12.0,"key":"SMITH"},{"floor":15.0,"key":"REST"},{"data":"Barricade","floor":23.0,"key":"SMITH"},{"data":"Armaments","floor":27,"key":"SMITH"},{"floor":32,"key":"REST"},{"data":"Body Slam","floor":41,"key":"SMITH"},{"data":"Impervious","floor":44,"key":"SMITH"},{"floor":49,"key":"REST"}],"neow_cost":"","seed_source_timestamp":0,"circlet_count":0,"master_deck":["Strike_R+1","Strike_R","Defend_R+1","Defend_R","Defend_R","Defend_R","Bash","Entrench+1","Body Slam+1","Impervious","Flame Barrier","Finesse+1","Barricade+1","Shrug It Off","Armaments+1","Entrench+1","Impervious+1","Disarm","Body Slam+1","Metamorphosis","Body Slam+1","Thunderclap+1","Madness","Madness"],"special_seed":0,"relics":["Burning Blood","Smiling Mask","Centennial Puzzle","Runic Cube","Red Skull","Ancient Tea Set","Bottled Flame","Bag of Preparation","Runic Dome","Turnip","PreservedInsect","Gremlin Horn","Ornamental Fan","Anchor"],"potions_floor_usage":[24,29,30,30,35,40,46,50],"damage_taken":[{"damage":0.0,"enemies":"Small Slimes","floor":1.0,"turns":3.0},{"damage":9.0,"enemies":"2 Louse","floor":2.0,"turns":3.0},{"damage":9.0,"enemies":"Jaw Worm","floor":4.0,"turns":4.0},{"damage":5.0,"enemies":"3 Louse","floor":5.0,"turns":5.0},{"damage":20.0,"enemies":"Lagavulin","floor":6.0,"turns":7.0},{"damage":6.0,"enemies":"Exordium Wildlife","floor":10.0,"turns":4.0},{"damage":12.0,"enemies":"Red Slaver","floor":13.0,"turns":4.0},{"damage":45.0,"enemies":"Hexaghost","floor":16.0,"turns":14.0},{"damage":21.0,"enemies":"3 Byrds","floor":18.0,"turns":4.0},{"damage":0.0,"enemies":"2 Thieves","floor":21.0,"turns":5.0},{"damage":2,"enemies":"Gremlin Leader","floor":24,"turns":7},{"damage":24,"enemies":"Sentry and Sphere","floor":25,"turns":11},{"damage":21,"enemies":"Snake Plant","floor":28,"turns":4},{"damage":12,"enemies":"Shelled Parasite and Fungi","floor":29,"turns":7},{"damage":14,"enemies":"Slavers","floor":30,"turns":12},{"damage":9,"enemies":"Champ","floor":33,"turns":7},{"damage":23,"enemies":"3 Darklings","floor":35,"turns":18},{"damage":6,"enemies":"Orb Walker","floor":39,"turns":5},{"damage":0,"enemies":"Nemesis","floor":40,"turns":5},{"damage":0,"enemies":"Giant Head","floor":42,"turns":4},{"damage":0,"enemies":"3 Darklings","floor":45,"turns":8},{"damage":0,"enemies":"Spire Growth","floor":46,"turns":3},{"damage":22,"enemies":"4 Shapes","floor":47,"turns":5},{"damage":4,"enemies":"Awakened One","floor":50,"turns":6}],"seed_played":"7136452069682662268","potions_obtained":[{"floor":5.0,"key":"PowerPotion"},{"floor":6.0,"key":"SpeedPotion"},{"floor":13.0,"key":"AttackPotion"},{"floor":16.0,"key":"EntropicBrew"},{"floor":21.0,"key":"Ancient Potion"},{"floor":28,"key":"BloodPotion"},{"floor":29,"key":"Energy Potion"},{"floor":33,"key":"AttackPotion"},{"floor":35,"key":"SkillPotion"},{"floor":39,"key":"Ancient Potion"},{"floor":42,"key":"Poison Potion"}],"is_trial":true,"path_per_floor":["M","M","?","M","M","E","R","?","T","M","?","R","M","$","R","B",null,"M","?","$","M","?","R","E","M","T","R","M","M","E","?","R","B",null,"M","T","$","?","M","E","R","E","T","R","M","M","M","?","R","B",null],"character_chosen":"IRONCLAD","items_purchased":["Flame Barrier","Finesse","Dexterity Potion","Body Slam","PreservedInsect","Swift Potion"],"campfire_rested":3,"item_purchase_floors":[14,14,14,37,37,37],"current_hp_per_floor":[80,77,61,58,59,45,45,38,38,38,38,38,32,32,56,17,64,49,49,49,63,63,63,67,49,49,49,34,36,28,28,52,49,72,55,55,55,55,55,61,61,67,67,67,73,79,63,53,77,79],"gold":129,"neow_bonus":"","is_prod":false,"is_daily":false,"chose_seed":false,"campfire_upgraded":6,"win_rate":0,"timestamp":1558529113,"path_taken":["M","M","?","M","M","E","R","?","T","M","?","R","M","$","R","BOSS","M","?","?","M","?","R","E","?","T","R","M","M","E","?","R","BOSS","M","?","$","?","M","E","R","E","T","R","M","M","M","?","R","BOSS"],"build_version":"2019-05-07","purchased_purges":2,"victory":true,"max_hp_per_floor":[80,80,80,80,80,80,80,80,80,80,80,80,80,80,80,80,80,80,80,80,80,80,80,80,80,80,80,80,80,80,80,80,80,80,80,80,80,80,80,80,80,80,80,80,80,80,80,80,80,80],"card_choices":[{"not_picked":["Flex","Havoc"],"picked":"Entrench","floor":1.0},{"not_picked":["Warcry","Rampage"],"picked":"Body Slam","floor":2.0},{"not_picked":["Battle Trance","Thunderclap"],"picked":"Impervious","floor":4.0},{"not_picked":["Warcry","Anger","Headbutt"],"picked":"SKIP","floor":5.0},{"not_picked":["Sword Boomerang","Dark Embrace","Rupture"],"picked":"SKIP","floor":6.0},{"not_picked":["Warcry","Heavy Blade","Twin Strike"],"picked":"SKIP","floor":10.0},{"not_picked":["Sword Boomerang","Pommel Strike","Anger"],"picked":"SKIP","floor":13.0},{"not_picked":["Feed","Berserk"],"picked":"Barricade","floor":16.0},{"not_picked":["Entrench","Intimidate"],"picked":"Shrug It Off","floor":18.0},{"not_picked":["Pommel Strike+1","Perfected Strike+1","Cleave"],"picked":"SKIP","floor":21.0},{"not_picked":["Berserk","Clash+1"],"picked":"Armaments","floor":24},{"not_picked":["Heavy Blade","Flex"],"picked":"Entrench+1","floor":25},{"not_picked":["Anger","Clothesline+1","Bludgeon"],"picked":"SKIP","floor":28},{"not_picked":["Cleave+1","Inflame+1","Uppercut"],"picked":"SKIP","floor":29},{"not_picked":["Bloodletting","Wild Strike+1","Whirlwind"],"picked":"SKIP","floor":30},{"not_picked":["Barricade","Dark Embrace"],"picked":"Impervious","floor":33},{"not_picked":["Whirlwind+1","Spot Weakness"],"picked":"Disarm","floor":35},{"not_picked":["Panache","Deep Breath"],"picked":"Metamorphosis","floor":38},{"not_picked":["Iron Wave+1","Pummel+1","Headbutt"],"picked":"SKIP","floor":39},{"not_picked":["Rage","Entrench"],"picked":"Body Slam+1","floor":40},{"not_picked":["Bloodletting","Dual Wield"],"picked":"Thunderclap+1","floor":42},{"not_picked":["Pummel+1","Iron Wave","Intimidate+1"],"picked":"SKIP","floor":45},{"not_picked":["Dual Wield","Body Slam","Berserk"],"picked":"SKIP","floor":46},{"not_picked":["Twin Strike+1","Thunderclap","Flex+1"],"picked":"SKIP","floor":47}],"player_experience":316949,"relics_obtained":[{"floor":6.0,"key":"Smiling Mask"},{"floor":9.0,"key":"Centennial Puzzle"},{"floor":24,"key":"Ancient Tea Set"},{"floor":26,"key":"Bottled Flame"},{"floor":30,"key":"Bag of Preparation"},{"floor":36,"key":"Turnip"},{"floor":40,"key":"Gremlin Horn"},{"floor":42,"key":"Ornamental Fan"},{"floor":43,"key":"Anchor"}],"event_choices":[{"damage_healed":0.0,"max_hp_gain":0.0,"max_hp_loss":0.0,"gold_gain":0.0,"event_name":"Shining Light","player_choice":"Entered Light","floor":3.0,"gold_loss":0.0,"damage_taken":16.0,"cards_upgraded":["Strike_R","Defend_R"]},{"cards_removed":["Strike_R"],"damage_healed":0.0,"max_hp_gain":0.0,"max_hp_loss":0.0,"gold_gain":0.0,"event_name":"Golden Wing","player_choice":"Card Removal","floor":8.0,"gold_loss":0.0,"damage_taken":7.0},{"damage_healed":0.0,"max_hp_gain":0.0,"max_hp_loss":0.0,"gold_gain":30.0,"event_name":"Dead Adventurer","player_choice":"Searched \u00272\u0027 times","floor":11.0,"gold_loss":0.0,"damage_taken":0.0},{"damage_healed":0.0,"max_hp_gain":0.0,"max_hp_loss":0.0,"gold_gain":0.0,"event_name":"Addict","player_choice":"Obtained Relic","floor":19.0,"gold_loss":85.0,"damage_taken":0.0,"relics_obtained":["Red Skull"]},{"damage_healed":0.0,"max_hp_gain":0.0,"max_hp_loss":0.0,"gold_gain":0.0,"event_name":"Cursed Tome","player_choice":"Ignored","floor":22.0,"gold_loss":0.0,"damage_taken":0.0},{"damage_healed":0,"gold_gain":0,"player_choice":"Upgraded","damage_taken":0,"max_hp_gain":0,"max_hp_loss":0,"event_name":"Upgrade Shrine","floor":31,"gold_loss":0,"cards_upgraded":["Finesse"]},{"damage_healed":0,"gold_gain":0,"player_choice":"Memory 1","damage_taken":0,"max_hp_gain":0,"max_hp_loss":0,"event_name":"SensoryStone","floor":38,"gold_loss":0},{"damage_healed":0,"gold_gain":0,"player_choice":"Embrace Madness","damage_taken":10,"max_hp_gain":0,"max_hp_loss":0,"event_name":"Winding Halls","floor":48,"gold_loss":0,"cards_obtained":["Madness","Madness"]}],"is_beta":true,"boss_relics":[{"not_picked":["Lizard Tail","Fusion Hammer"],"picked":"Runic Cube"},{"not_picked":["Snecko Eye","Astrolabe"],"picked":"Runic Dome"}],"items_purged_floors":[14,37],"is_endless":false,"potions_floor_spawned":[5,6,13,16,21,28,29,33,35,39,42],"ascension_level":5}