{"gold_per_floor":[118,118,118,46,60,72,88,88,88,107,118,149,149,163,163,264,264,279,133,133,152,152,182,182,182,228,228,262,262,286,304,304,304],"floor_reached":33,"playtime":9057,"items_purged":["Strike_B"],"score":310,"play_id":"0b03c434-8fb0-4bd5-9176-724b742eb17f","local_time":"20180724162446","is_ascension_mode":false,"campfire_choices":[{"data":"Self Repair","floor":8,"key":"SMITH"},{"data":"Seek","floor":13,"key":"SMITH"},{"data":"Zap","floor":15,"key":"SMITH"},{"floor":25,"key":"REST"},{"floor":27,"key":"REST"},{"floor":29,"key":"REST"},{"floor":32,"key":"REST"}],"neow_cost":"NONE","seed_source_timestamp":277284571051092,"circlet_count":0,"master_deck":["Defend_B","Defend_B","Defend_B","Zap+1","Dualcast","Hologram","Self Repair+1","Streamline","Seek+1","Turbo","BootSequence","Go for the Eyes","Coolheaded","Sunder+1"],"relics":["Cracked Core","Pantograph","Bag of Preparation","Art of War","Empty Cage","Strawberry","Bag of Marbles","Question Card","Centennial Puzzle"],"potions_floor_usage":[10,10,21,23,23,23,23,23,33],"damage_taken":[{"damage":2,"enemies":"2 Louse","floor":1,"turns":3},{"damage":10,"enemies":"Small Slimes","floor":5,"turns":4},{"damage":1,"enemies":"Jaw Worm","floor":6,"turns":4},{"damage":9,"enemies":"3 Louse","floor":7,"turns":5},{"damage":15,"enemies":"Exordium Thugs","floor":10,"turns":5},{"damage":8,"enemies":"Blue Slaver","floor":11,"turns":5},{"damage":32,"enemies":"Gremlin Nob","floor":12,"turns":4},{"damage":11,"enemies":"2 Fungi Beasts","floor":14,"turns":4},{"damage":38,"enemies":"Slime Boss","floor":16,"turns":10},{"damage":45,"enemies":"2 Thieves","floor":18,"turns":4},{"damage":6,"enemies":"Spheric Guardian","floor":21,"turns":4},{"damage":44,"enemies":"Book of Stabbing","floor":23,"turns":7},{"damage":70,"enemies":"Slavers","floor":28,"turns":9},{"damage":5,"enemies":"Cultist and Chosen","floor":31,"turns":7},{"damage":97,"enemies":"Automaton","floor":33,"turns":12}],"seed_played":"8825348048657408730","potions_obtained":[{"floor":5,"key":"Energy Potion"},{"floor":6,"key":"Block Potion"},{"floor":7,"key":"Explosive Potion"},{"floor":14,"key":"SmokeBomb"},{"floor":18,"key":"Dexterity Potion"},{"floor":21,"key":"EntropicBrew"},{"floor":28,"key":"Explosive Potion"}],"is_trial":false,"path_per_floor":["M","?","?","$","M","M","M","R","T","M","M","E","R","M","R","B",null,"M","$","?","M","?","E","?","R","T","R","E","R","T","M","R"],"character_chosen":"DEFECT","items_purchased":["Self Repair","BootSequence"],"campfire_rested":4,"item_purchase_floors":[4,19],"current_hp_per_floor":[73,78,71,71,68,74,72,72,72,67,69,47,47,46,46,43,80,45,45,45,49,34,21,21,48,48,75,15,42,42,47,74,0],"gold":304,"neow_bonus":"REMOVE_CARD","is_prod":false,"is_daily":false,"chose_seed":false,"campfire_upgraded":3,"win_rate":0.0,"timestamp":1532445886,"path_taken":["M","?","?","$","M","M","M","R","T","M","M","E","R","?","R","BOSS","M","$","?","M","?","E","?","R","T","R","E","R","?","M","R","BOSS"],"build_version":"2018-07-19v2","purchased_purges":1,"victory":false,"max_hp_per_floor":[75,80,80,80,80,80,80,80,80,80,80,80,80,80,80,80,80,80,80,80,80,85,92,92,92,92,92,92,92,92,92,92,92],"card_choices":[{"not_picked":["Beam Cell","Cold Snap"],"picked":"Hologram","floor":1},{"not_picked":["Conserve Battery","Cold Snap","Leap"],"picked":"SKIP","floor":5},{"not_picked":["White Noise","Tempest","Ball Lightning"],"picked":"SKIP","floor":6},{"not_picked":["Leap","Steam","Fission"],"picked":"SKIP","floor":7},{"not_picked":["Aggregate","Ball Lightning","Rebound"],"picked":"SKIP","floor":10},{"not_picked":["Self Repair","Reprogram"],"picked":"Streamline","floor":11},{"not_picked":["Gash","Turbo"],"picked":"Seek","floor":12},{"not_picked":["Ball Lightning","Sweeping Beam","Storm"],"picked":"SKIP","floor":14},{"not_picked":["Ball Lightning","Sweeping Beam","Storm"],"picked":"SKIP","floor":14},{"not_picked":["Gash","Sweeping Beam"],"picked":"Turbo","floor":18},{"not_picked":["Steam Power+1","White Noise"],"picked":"Coolheaded","floor":21},{"not_picked":["Scrape","White Noise+1"],"picked":"Sunder+1","floor":23},{"not_picked":["Reprogram","Lockon","Doom and Gloom"],"picked":"SKIP","floor":28},{"not_picked":["Streamline","Barrage","Ball Lightning","Steam Power+1"],"picked":"SKIP","floor":31}],"player_experience":301846,"relics_obtained":[{"floor":9,"key":"Bag of Preparation"},{"floor":12,"key":"Art of War"},{"floor":23,"key":"Strawberry"},{"floor":26,"key":"Bag of Marbles"},{"floor":28,"key":"Question Card"},{"floor":30,"key":"Centennial Puzzle"}],"event_choices":[{"event_name":"Big Fish","player_choice":"Donut","floor":2,"damage_taken":0},{"event_name":"Scrap Ooze","player_choice":"success","floor":3,"damage_taken":7},{"event_name":"The Library","player_choice":"Read","floor":20,"damage_taken":0},{"event_name":"Forgotten Altar","player_choice":"Shed Blood","floor":22,"damage_taken":0},{"event_name":"Back to Basics","player_choice":"Elegance","floor":24,"damage_taken":0}],"is_beta":false,"boss_relics":[{"not_picked":["Inserter","Philosopher\u0027s Stone"],"picked":"Empty Cage"}],"items_purged_floors":[19],"is_endless":false,"potions_floor_spawned":[5,6,7,14,18,21,28],"killed_by":"Automaton","ascension_level":0}