{"gold_per_floor":[109,109,109,122,133,133,308,308,354,366,366,400,63,63,63,135,135,120,120,131,151,165,165,65,65,65,65,65,136,136,147,147,225,225,235,235,253,29,48,48,77,95,95,95,124,124,137,153,153,153],"floor_reached":51,"playtime":2798,"items_purged":["Doubt","Defend_B","Defend_B"],"score":1606,"play_id":"14586e96-bb57-4481-9112-8467fec8e75c","local_time":"20180717220031","is_ascension_mode":true,"campfire_choices":[{"data":"Self Repair","floor":6,"key":"SMITH"},{"data":"Zap","floor":8,"key":"SMITH"},{"data":"Rip and Tear","floor":11,"key":"SMITH"},{"data":"Echo Form","floor":15,"key":"SMITH"},{"data":"Sweeping Beam","floor":23,"key":"SMITH"},{"data":"Defragment","floor":25,"key":"SMITH"},{"data":"Glacier","floor":32,"key":"SMITH"},{"data":"Panacea","floor":40,"key":"SMITH"},{"data":"Streamline","floor":46,"key":"PURGE"},{"data":"Gash","floor":49,"key":"PURGE"}],"neow_cost":"NONE","seed_source_timestamp":309900490919971,"circlet_count":0,"master_deck":["Strike_B","Strike_B","Defend_B","Defend_B","Zap+1","AscendersBane","Biased Cognition","Self Repair+1","Rip and Tear+1","Echo Form+1","Glacier+1","Capacitor","Echo Form+1","Undo","Defragment+1","Sweeping Beam+1","Electrodynamics+1","Tempest","Panacea+1","Defragment+1","Skim+1","Loop+1","Consume","Buffer+1"],"relics":["Coffee Dripper","Centennial Puzzle","Orichalcum","Happy Flower","Snecko Eye","Blood Vial","Frozen Egg 2","Inserter","Peace Pipe","Bottled Tornado","Unceasing Top","Potion Belt"],"potions_floor_usage":[10,12,20,31,33,39,50,50],"damage_taken":[{"damage":11,"enemies":"Jaw Worm","floor":1,"turns":4},{"damage":0,"enemies":"Small Slimes","floor":4,"turns":4},{"damage":0,"enemies":"Cultist","floor":5,"turns":3},{"damage":11,"enemies":"Exordium Wildlife","floor":10,"turns":4},{"damage":15,"enemies":"Lagavulin","floor":12,"turns":6},{"damage":31,"enemies":"The Guardian","floor":16,"turns":12},{"damage":9,"enemies":"2 Thieves","floor":18,"turns":4},{"damage":7,"enemies":"Chosen","floor":20,"turns":4},{"damage":5,"enemies":"3 Cultists","floor":21,"turns":7},{"damage":4,"enemies":"Snecko","floor":22,"turns":6},{"damage":23,"enemies":"Chosen and Byrds","floor":31,"turns":5},{"damage":16,"enemies":"Champ","floor":33,"turns":12},{"damage":0,"enemies":"Orb Walker","floor":35,"turns":2},{"damage":0,"enemies":"3 Shapes","floor":37,"turns":4},{"damage":10,"enemies":"Transient","floor":39,"turns":5},{"damage":34,"enemies":"2 Orb Walkers","floor":41,"turns":3},{"damage":0,"enemies":"Maw","floor":42,"turns":7},{"damage":0,"floor":44,"turns":6},{"damage":0,"enemies":"Giant Head","floor":45,"turns":6},{"damage":7,"enemies":"3 Darklings","floor":47,"turns":3},{"damage":10,"enemies":"Spire Growth","floor":48,"turns":5},{"damage":26,"enemies":"Time Eater","floor":50,"turns":12}],"seed_played":"-1804621792824421017","potions_obtained":[{"floor":5,"key":"Explosive Potion"},{"floor":10,"key":"SpeedPotion"},{"floor":18,"key":"Swift Potion"},{"floor":21,"key":"FocusPotion"},{"floor":22,"key":"SkillPotion"},{"floor":33,"key":"Poison Potion"},{"floor":39,"key":"Fire Potion"},{"floor":41,"key":"LiquidBronze"},{"floor":45,"key":"EssenceOfSteel"},{"floor":47,"key":"Fire Potion"}],"is_trial":false,"path_per_floor":["M","?","?","M","M","R","?","R","T","M","R","E","$","$","R","B",null,"M","?","M","M","M","R","$","R","T","$","?","T","$","M","R","B",null,"M","?","M","$","M","R","E","M","T","?","E","R","M","M","R","B"],"character_chosen":"DEFECT","items_purchased":["Glacier","Capacitor","Happy Flower","Panacea"],"campfire_rested":0,"item_purchase_floors":[13,13,13,38],"current_hp_per_floor":[53,46,46,46,46,46,46,46,46,45,45,40,40,40,40,19,58,59,59,62,67,71,71,71,71,71,71,71,71,71,58,58,64,69,71,71,71,71,71,71,57,69,69,71,71,71,64,66,66,52],"gold":153,"neow_bonus":"BOSS_RELIC","is_prod":false,"is_daily":false,"chose_seed":false,"campfire_upgraded":8,"win_rate":0,"timestamp":1531879231,"path_taken":["M","?","?","M","?","R","?","R","T","M","R","E","?","$","R","BOSS","M","?","M","?","M","R","$","R","T","$","?","?","?","M","R","BOSS","M","?","M","$","M","R","E","M","T","?","E","R","M","M","R","BOSS"],"build_version":"2018-07-12","purchased_purges":3,"victory":true,"max_hp_per_floor":[71,71,71,71,71,71,71,71,71,71,71,71,71,71,71,71,71,71,71,71,71,71,71,71,71,71,71,71,71,71,71,71,71,71,71,71,71,71,71,71,71,71,71,71,71,71,71,71,71,71],"card_choices":[{"not_picked":["Hologram","Barrage","Reprogram"],"picked":"SKIP","floor":1},{"not_picked":["Hello World","Darkness"],"picked":"Gash","floor":4},{"not_picked":["Hologram","Auto Shields"],"picked":"Self Repair","floor":5},{"not_picked":["Darkness","Doom and Gloom"],"picked":"Rip and Tear","floor":10},{"not_picked":["Compile Driver","White Noise"],"picked":"Echo Form","floor":12},{"not_picked":["BootSequence","Leap"],"picked":"Streamline","floor":18},{"not_picked":["Turbo+1","Fusion"],"picked":"Undo","floor":20},{"not_picked":["Recycle","Tempest+1"],"picked":"Defragment","floor":21},{"not_picked":["Stack","Rebound"],"picked":"Sweeping Beam","floor":22},{"not_picked":["Reprogram","Beam Cell","Cold Snap"],"picked":"SKIP","floor":31},{"not_picked":["All For One","Echo Form+1"],"picked":"Electrodynamics+1","floor":33},{"not_picked":["Stack","Hologram"],"picked":"Tempest","floor":35},{"not_picked":["Compile Driver","Hologram","Stack"],"picked":"SKIP","floor":37},{"not_picked":["Go for the Eyes","Hologram","Ball Lightning"],"picked":"SKIP","floor":39},{"not_picked":["Stack+1","Static Discharge+1"],"picked":"Defragment+1","floor":41},{"not_picked":["Gash","Compile Driver"],"picked":"Skim+1","floor":42},{"not_picked":["Stack","Melter"],"picked":"Loop+1","floor":44},{"not_picked":["Hologram","FTL","Sweeping Beam"],"picked":"SKIP","floor":45},{"not_picked":["Stack","Go for the Eyes"],"picked":"Consume","floor":47},{"not_picked":["Gash","Steam"],"picked":"Buffer+1","floor":48}],"player_experience":480108,"relics_obtained":[{"floor":9,"key":"Centennial Puzzle"},{"floor":12,"key":"Orichalcum"},{"floor":26,"key":"Blood Vial"},{"floor":29,"key":"Frozen Egg 2"},{"floor":41,"key":"Peace Pipe"},{"floor":43,"key":"Bottled Tornado"},{"floor":44,"key":"Unceasing Top"},{"floor":45,"key":"Potion Belt"}],"event_choices":[{"event_name":"Golden Wing","player_choice":"Card Removal","floor":2,"damage_taken":0},{"event_name":"Transmorgrifier","player_choice":"Transform","floor":3,"damage_taken":0},{"event_name":"Liars Game","player_choice":"agreed","floor":7,"damage_taken":0},{"event_name":"Duplicator","player_choice":"One dupe","floor":19,"damage_taken":0},{"event_name":"Vampires","player_choice":"Ignored","floor":28,"damage_taken":0},{"event_name":"Falling","player_choice":"Removed Skill","floor":36,"damage_taken":0},{"event_name":"MindBloom","player_choice":"Fight","floor":44,"damage_taken":0}],"boss_relics":[{"not_picked":["Velvet Choker","Ectoplasm"],"picked":"Snecko Eye"},{"not_picked":["Nuclear Battery","Runic Pyramid"],"picked":"Inserter"}],"items_purged_floors":[13,24,38],"is_endless":false,"potions_floor_spawned":[5,10,18,21,22,33,39,41,45,47],"ascension_level":14}