{"gold_per_floor":[118,131,306,381,18,45,65,65,138,171,189,189,219,230,230,331,331,342,97,97,24,40,40,104,104],"floor_reached":25,"playtime":1107,"items_purged":["Doubt"],"score":264,"play_id":"29fff53b-2cfc-4fd1-b51f-f3a0fbd5e037","local_time":"20190523185501","is_ascension_mode":false,"campfire_choices":[{"floor":15,"key":"REST"},{"data":"A Thousand Cuts","floor":23,"key":"SMITH"}],"neow_cost":"NONE","seed_source_timestamp":611445702193100,"circlet_count":0,"master_deck":["Defend_G","Defend_G","Defend_G","Defend_G","Defend_G","Strike_G","Strike_G","Strike_G","Strike_G","Strike_G","Survivor","Neutralize","Cloak And Dagger","Caltrops+1","Infinite Blades","Endless Agony","Dodge and Roll+1","A Thousand Cuts+1","Caltrops+1","Cloak And Dagger+1","Infinite Blades","Terror+1","Blade Dance+1"],"relics":["Ring of the Snake","NeowsBlessing","TwistedFunnel","Art of War","Toxic Egg 2","Centennial Puzzle","Nunchaku","Eternal Feather","MealTicket","Tiny Chest"],"potions_floor_usage":[13,13,16,16,24,25],"damage_taken":[{"damage":0,"enemies":"2 Louse","floor":1,"turns":1},{"damage":0,"enemies":"Small Slimes","floor":2,"turns":1},{"damage":0,"enemies":"3 Sentries","floor":6,"turns":1},{"damage":0,"enemies":"Cultist","floor":7,"turns":3},{"damage":36,"enemies":"Lagavulin","floor":10,"turns":9},{"damage":7,"enemies":"Exordium Wildlife","floor":11,"turns":3},{"damage":2,"enemies":"3 Sentries","floor":13,"turns":6},{"damage":0,"enemies":"2 Fungi Beasts","floor":14,"turns":3},{"damage":12,"enemies":"Hexaghost","floor":16,"turns":11},{"damage":2,"enemies":"Chosen","floor":18,"turns":6},{"damage":30,"enemies":"2 Thieves","floor":22,"turns":4},{"damage":42,"enemies":"Slavers","floor":24,"turns":5},{"damage":10,"enemies":"Snake Plant","floor":25,"turns":3}],"seed_played":"6075291151408089272","potions_obtained":[{"floor":2,"key":"EssenceOfSteel"},{"floor":6,"key":"FearPotion"},{"floor":10,"key":"Fire Potion"},{"floor":13,"key":"Fire Potion"},{"floor":20,"key":"Poison Potion"},{"floor":20,"key":"SneckoOil"},{"floor":20,"key":"SteroidPotion"}],"is_trial":false,"path_per_floor":["M","M","?","?","$","E","M","?","T","E","M","?","E","M","R","B",null,"M","$","?","$","M","R","E","M"],"character_chosen":"THE_SILENT","items_purchased":["TwistedFunnel","Infinite Blades","MealTicket","Cloak And Dagger+1","Infinite Blades"],"campfire_rested":1,"item_purchase_floors":[5,5,19,19,21],"current_hp_per_floor":[70,70,70,59,59,59,59,59,59,23,16,16,14,14,35,23,70,68,68,68,70,40,52,10,0],"gold":104,"neow_bonus":"THREE_ENEMY_KILL","is_prod":false,"is_daily":false,"chose_seed":false,"campfire_upgraded":1,"win_rate":0,"timestamp":1558666501,"path_taken":["M","M","?","?","$","E","M","?","T","E","M","?","E","M","R","BOSS","M","$","?","$","?","R","E","M"],"build_version":"2019-01-23","purchased_purges":1,"victory":false,"max_hp_per_floor":[70,70,70,70,70,70,70,70,70,70,70,70,70,70,70,70,70,70,70,70,70,70,70,70,70],"card_choices":[{"not_picked":["Backflip","Dagger Spray"],"picked":"Cloak And Dagger","floor":1},{"not_picked":["Calculated Gamble","Adrenaline"],"picked":"Caltrops","floor":2},{"not_picked":["Escape Plan","Underhanded Strike","Quick Slash"],"picked":"SKIP","floor":6},{"not_picked":["Concentrate","Riddle With Holes","Backflip"],"picked":"SKIP","floor":7},{"not_picked":["Dodge and Roll+1","Expertise+1"],"picked":"Endless Agony","floor":10},{"not_picked":["Slice","Flying Knee","Deflect+1"],"picked":"SKIP","floor":11},{"not_picked":["Backflip+1","Quick Slash"],"picked":"Dodge and Roll+1","floor":13},{"not_picked":["Wraith Form v2","Bane","Flying Knee"],"picked":"SKIP","floor":14},{"not_picked":["Burst+1","Unload"],"picked":"A Thousand Cuts","floor":16},{"not_picked":["Prepared+1","Backflip+1"],"picked":"Caltrops+1","floor":18},{"not_picked":["Underhanded Strike","Flying Knee+1"],"picked":"Terror+1","floor":22},{"not_picked":["Terror+1","Acrobatics+1"],"picked":"Blade Dance+1","floor":24}],"player_experience":424492,"relics_obtained":[{"floor":6,"key":"Art of War"},{"floor":9,"key":"Toxic Egg 2"},{"floor":10,"key":"Centennial Puzzle"},{"floor":13,"key":"Nunchaku"},{"floor":24,"key":"Tiny Chest"}],"event_choices":[{"damage_healed":0,"gold_gain":175,"player_choice":"AGREE","damage_taken":0,"max_hp_gain":0,"max_hp_loss":0,"event_name":"Liars Game","floor":3,"gold_loss":0,"cards_obtained":["Doubt"]},{"damage_healed":0,"gold_gain":75,"player_choice":"Gather Gold","damage_taken":11,"max_hp_gain":0,"max_hp_loss":0,"event_name":"World of Goop","floor":4,"gold_loss":0},{"damage_healed":0,"gold_gain":0,"player_choice":"Grow","damage_taken":0,"max_hp_gain":0,"max_hp_loss":0,"event_name":"Living Wall","floor":8,"gold_loss":0,"cards_upgraded":["Caltrops"]},{"damage_healed":0,"gold_gain":0,"player_choice":"Ignored","damage_taken":0,"max_hp_gain":0,"max_hp_loss":0,"event_name":"Golden Wing","floor":12,"gold_loss":0},{"damage_healed":0,"gold_gain":0,"player_choice":"Got Potions","damage_taken":0,"max_hp_gain":0,"max_hp_loss":0,"event_name":"Lab","floor":20,"gold_loss":0}],"is_beta":false,"boss_relics":[{"not_picked":["Pandora\u0027s Box","Velvet Choker"],"picked":"Eternal Feather"}],"items_purged_floors":[5],"is_endless":false,"potions_floor_spawned":[2,6,10,11,13],"killed_by":"Snake Plant","ascension_level":0}