{"gold_per_floor":[111,128,144,144,162,162,193,193,239,239,257,20,54,68,68,68],"floor_reached":16,"playtime":388,"items_purged":["Strike_B"],"score":174,"play_id":"c10cfc76-52d8-4698-ac05-b9c1e47b7cca","local_time":"20190219114646","is_ascension_mode":true,"campfire_choices":[{"data":"Zap","floor":6,"key":"SMITH"},{"floor":8,"key":"REST"},{"floor":15,"key":"REST"}],"neow_cost":"NONE","seed_source_timestamp":559597468846590,"circlet_count":0,"master_deck":["AscendersBane","Strike_B","Strike_B","Strike_B","Defend_B","Defend_B","Defend_B","Defend_B","Zap+1","Dualcast","Go for the Eyes","Go for the Eyes","Coolheaded","Gash","Rainbow","Cold Snap","Multi-Cast","Steam"],"relics":["Cracked Core","NeowsBlessing","Singing Bowl","Bronze Scales","Golden Idol","Vajra"],"potions_floor_usage":[16],"damage_taken":[{"damage":0,"enemies":"2 Louse","floor":1,"turns":1},{"damage":0,"enemies":"Small Slimes","floor":2,"turns":1},{"damage":0,"enemies":"Jaw Worm","floor":3,"turns":1},{"damage":12,"enemies":"Large Slime","floor":5,"turns":6},{"damage":28,"enemies":"Gremlin Nob","floor":7,"turns":4},{"damage":9,"enemies":"Looter","floor":11,"turns":3},{"damage":29,"enemies":"3 Sentries","floor":13,"turns":5},{"damage":18,"enemies":"Lots of Slimes","floor":14,"turns":2},{"damage":26,"enemies":"The Guardian","floor":16,"turns":4}],"seed_played":"-6908227566855213584","potions_obtained":[{"floor":2,"key":"LiquidBronze"},{"floor":3,"key":"Dexterity Potion"}],"is_trial":false,"path_per_floor":["M","M","M","?","M","R","E","R","T","?","M","$","E","M","R","B"],"character_chosen":"DEFECT","items_purchased":["Multi-Cast"],"campfire_rested":2,"item_purchase_floors":[12],"current_hp_per_floor":[68,68,68,73,61,61,33,57,57,57,48,48,21,3,25,0],"gold":68,"neow_bonus":"THREE_ENEMY_KILL","is_prod":false,"is_daily":false,"chose_seed":false,"campfire_upgraded":1,"win_rate":0,"timestamp":1550594806,"path_taken":["M","M","M","?","M","R","E","R","T","?","M","$","E","M","R","BOSS"],"build_version":"2019-01-23","purchased_purges":1,"victory":false,"max_hp_per_floor":[75,75,75,80,80,80,80,80,80,74,74,74,76,76,76,76],"card_choices":[{"not_picked":["Cold Snap","Beam Cell"],"picked":"Go for the Eyes","floor":1},{"not_picked":["Gash","Blizzard"],"picked":"Go for the Eyes","floor":2},{"not_picked":["Go for the Eyes","Gash"],"picked":"Coolheaded","floor":3},{"not_picked":["Stack","Sweeping Beam"],"picked":"Gash","floor":5},{"not_picked":["Stack","Cold Snap"],"picked":"Rainbow","floor":7},{"not_picked":["Aggregate","Gash"],"picked":"Cold Snap","floor":11},{"not_picked":["Steam Power","Blizzard","Barrage"],"picked":"Singing Bowl","floor":13},{"not_picked":["Streamline","Beam Cell"],"picked":"Steam","floor":14}],"player_experience":312646,"relics_obtained":[{"floor":7,"key":"Singing Bowl"},{"floor":9,"key":"Bronze Scales"},{"floor":13,"key":"Vajra"}],"event_choices":[{"damage_healed":0,"gold_gain":0,"player_choice":"Donut","damage_taken":0,"max_hp_gain":5,"max_hp_loss":0,"event_name":"Big Fish","floor":4,"gold_loss":0},{"damage_healed":0,"gold_gain":0,"player_choice":"Lose Max HP","damage_taken":0,"relics_obtained":["Golden Idol"],"max_hp_gain":0,"max_hp_loss":6,"event_name":"Golden Idol","floor":10,"gold_loss":0}],"is_beta":false,"boss_relics":[],"items_purged_floors":[12],"is_endless":false,"potions_floor_spawned":[2,3,13],"killed_by":"The Guardian","ascension_level":11}