{"gold_per_floor":[114,114,114,114,139,173,187,215,215,245,245,263,273,273,273,372,372,387,387,406,426,440,440,452,472,472,486,232,232],"floor_reached":29,"playtime":1265,"items_purged":["Strike_G"],"score":408,"play_id":"e887039f-8b9b-434a-a0b9-937bdc0b6f4d","local_time":"20190306140704","is_ascension_mode":true,"campfire_choices":[{"floor":11,"key":"REST"},{"data":"Noxious Fumes","floor":15,"key":"SMITH"},{"floor":23,"key":"REST"}],"neow_cost":"NONE","seed_source_timestamp":117693541629985,"circlet_count":0,"master_deck":["AscendersBane","Defend_G","Defend_G","Defend_G","Defend_G","Defend_G","Strike_G","Strike_G+1","Strike_G+1","Survivor","Neutralize+1","Cloak And Dagger+1","Poisoned Stab","Cloak And Dagger","Sucker Punch","Dagger Throw+1","Caltrops","Noxious Fumes+1","Dagger Spray+1","Venomology","Footwork","Prepared","Heel Hook+1","Slice+1","Crippling Poison+1","Catalyst","PiercingWail"],"relics":["Ring of the Snake","NeowsBlessing","Whetstone","Dream Catcher","Art of War","Molten Egg 2","Mercury Hourglass","Vajra","Runic Pyramid","NlothsMask","Oddly Smooth Stone"],"potions_floor_usage":[8,20,21,22,22,25,27,27,29,29],"damage_taken":[{"damage":0,"enemies":"2 Louse","floor":1,"turns":1},{"damage":0,"enemies":"Gremlin Nob","floor":6,"turns":1},{"damage":0,"enemies":"Small Slimes","floor":7,"turns":1},{"damage":24,"enemies":"3 Sentries","floor":8,"turns":10},{"damage":32,"enemies":"Gremlin Nob","floor":10,"turns":5},{"damage":0,"enemies":"Cultist","floor":12,"turns":3},{"damage":0,"enemies":"Exordium Thugs","floor":13,"turns":4},{"damage":19,"enemies":"The Guardian","floor":16,"turns":9},{"damage":0,"enemies":"Chosen","floor":18,"turns":4},{"damage":8,"enemies":"2 Thieves","floor":20,"turns":4},{"damage":15,"enemies":"Snecko","floor":21,"turns":5},{"damage":17,"enemies":"Centurion and Healer","floor":22,"turns":5},{"damage":2,"enemies":"Chosen and Byrds","floor":24,"turns":5},{"damage":7,"enemies":"3 Cultists","floor":25,"turns":4},{"damage":15,"enemies":"Shelled Parasite and Fungi","floor":27,"turns":5},{"damage":16,"enemies":"Book of Stabbing","floor":29,"turns":3}],"seed_played":"-6900678059300099402","potions_obtained":[{"floor":6,"key":"SpeedPotion"},{"floor":10,"key":"AttackPotion"},{"floor":13,"key":"Explosive Potion"},{"floor":20,"key":"GhostInAJar"},{"floor":22,"key":"Ancient Potion"},{"floor":25,"key":"Energy Potion"}],"is_trial":false,"path_per_floor":["M","?","?","?","T","E","M","E","T","E","R","M","M","?","R","B",null,"M","?","M","M","M","R","M","M","T","M","$","E"],"character_chosen":"THE_SILENT","items_purchased":["PiercingWail","Oddly Smooth Stone"],"campfire_rested":2,"item_purchase_floors":[28,28],"current_hp_per_floor":[63,49,70,63,63,63,63,39,39,7,28,28,28,25,25,6,54,54,54,46,31,14,35,33,26,26,11,11,0],"gold":232,"neow_bonus":"THREE_ENEMY_KILL","is_prod":false,"is_daily":false,"chose_seed":false,"campfire_upgraded":1,"win_rate":0,"timestamp":1551899224,"path_taken":["M","?","?","?","?","E","M","E","T","E","R","M","M","?","R","BOSS","M","?","?","M","M","R","M","M","T","M","$","E"],"build_version":"2019-01-23","purchased_purges":1,"victory":false,"max_hp_per_floor":[70,70,70,70,70,70,70,70,70,70,70,70,70,70,70,70,70,70,70,70,70,70,70,70,70,70,70,70,70],"card_choices":[{"not_picked":["Masterful Stab","Deadly Poison"],"picked":"Cloak And Dagger","floor":1},{"not_picked":["Infinite Blades","Storm of Steel"],"picked":"Poisoned Stab","floor":6},{"not_picked":["Riddle With Holes","Backstab"],"picked":"Cloak And Dagger","floor":7},{"not_picked":["Blade Dance","Underhanded Strike"],"picked":"Sucker Punch","floor":8},{"not_picked":["Outmaneuver","Blur"],"picked":"Dagger Throw+1","floor":10},{"not_picked":["Sucker Punch+1","Outmaneuver"],"picked":"Caltrops","floor":11},{"not_picked":["PiercingWail","Underhanded Strike+1"],"picked":"Noxious Fumes","floor":12},{"not_picked":["Phantasmal Killer","Backflip"],"picked":"Dagger Spray+1","floor":13},{"not_picked":["Phantasmal Killer","A Thousand Cuts"],"picked":"Venomology","floor":16},{"not_picked":["Distraction+1","Deflect+1"],"picked":"Footwork","floor":18},{"not_picked":["Endless Agony+1","All Out Attack+1"],"picked":"Prepared","floor":20},{"not_picked":["Tactician","Quick Slash+1"],"picked":"Heel Hook+1","floor":21},{"not_picked":["Heel Hook+1","Predator+1"],"picked":"Slice+1","floor":22},{"not_picked":["Prepared+1","Dodge and Roll"],"picked":"Crippling Poison+1","floor":23},{"not_picked":["Footwork","Setup","Tactician"],"picked":"SKIP","floor":24},{"not_picked":["Bane+1","Escape Plan+1"],"picked":"Catalyst","floor":25},{"not_picked":["Underhanded Strike+1","Dagger Throw+1","Sucker Punch+1"],"picked":"SKIP","floor":27}],"player_experience":419523,"relics_obtained":[{"floor":5,"key":"Whetstone"},{"floor":6,"key":"Dream Catcher"},{"floor":8,"key":"Art of War"},{"floor":9,"key":"Molten Egg 2"},{"floor":10,"key":"Mercury Hourglass"}],"event_choices":[{"damage_healed":0,"gold_gain":0,"player_choice":"Entered Light","damage_taken":14,"max_hp_gain":0,"max_hp_loss":0,"event_name":"Shining Light","floor":2,"gold_loss":0,"cards_upgraded":["Strike_G","Cloak And Dagger"]},{"damage_healed":23,"gold_gain":0,"player_choice":"Banana","damage_taken":0,"max_hp_gain":0,"max_hp_loss":0,"event_name":"Big Fish","floor":3,"gold_loss":0},{"cards_removed":["Strike_G"],"damage_healed":0,"gold_gain":0,"player_choice":"Card Removal","damage_taken":7,"max_hp_gain":0,"max_hp_loss":0,"event_name":"Golden Wing","floor":4,"gold_loss":0},{"damage_healed":0,"gold_gain":0,"player_choice":"Success","damage_taken":3,"relics_obtained":["Vajra"],"max_hp_gain":0,"max_hp_loss":0,"event_name":"Scrap Ooze","floor":14,"gold_loss":0},{"damage_healed":0,"gold_gain":0,"player_choice":"Trade","damage_taken":0,"relics_obtained":["NlothsMask"],"max_hp_gain":0,"max_hp_loss":0,"event_name":"FaceTrader","floor":19,"gold_loss":0}],"is_beta":false,"boss_relics":[{"not_picked":["Ectoplasm","Busted Crown"],"picked":"Runic Pyramid"}],"items_purged_floors":[28],"is_endless":false,"potions_floor_spawned":[6,10,13,20,22,25],"killed_by":"Book of Stabbing","ascension_level":10}