{"gold_per_floor":[216,240,250,263,289,320,320,353,353,353,371,382,406,105,105,203,203,213,226,301,311,311,311,331,348,348,383,401,401,415,432,432,529,529,544,544,97,97,22,22,22,22,97,97,116,116,133,57,57,57],"floor_reached":51,"playtime":3767,"items_purged":["Strike_R","Strike_R","Strike_R"],"score":711,"play_id":"57cedcf7-1ecb-4f85-96e5-5eaab572f250","local_time":"20181024001352","is_ascension_mode":true,"campfire_choices":[{"data":"Armaments","floor":7,"key":"SMITH"},{"data":"Spot Weakness","floor":15,"key":"SMITH"},{"data":"Limit Break","floor":23,"key":"SMITH"},{"data":"Heavy Blade","floor":29,"key":"SMITH"},{"floor":32,"key":"REST"},{"data":"Shockwave","floor":40,"key":"SMITH"},{"data":"Shrug It Off","floor":44,"key":"SMITH"},{"data":"Bloodletting","floor":46,"key":"SMITH"},{"floor":49,"key":"REST"}],"neow_cost":"NONE","seed_source_timestamp":1030154323426988,"circlet_count":0,"master_deck":["Strike_R","Defend_R+1","Defend_R","Defend_R","Defend_R+1","Bash","Sword Boomerang","Seeing Red","Armaments+1","Cleave","Twin Strike","Spot Weakness+1","Inflame","Limit Break+1","Heavy Blade+1","Clothesline","Headbutt+1","Shockwave+1","Body Slam","Pummel","Dropkick","Ghostly Armor","Reaper","Heavy Blade+1","Madness","Madness","Flex+1","Fire Breathing","Shrug It Off+1","Limit Break+1","Bloodletting+1","Parasite"],"relics":["Burning Blood","War Paint","Red Skull","PreservedInsect","Bag of Preparation","Self Forming Clay","Odd Mushroom","Centennial Puzzle","Mark of Pain","Matryoshka","Lantern","Runic Cube","Membership Card","Question Card","Potion Belt","Tiny Chest"],"potions_floor_usage":[6,8,8,11,19,19,24,24,24,27,33,33,33,45,45,45,50,50],"damage_taken":[{"damage":1,"enemies":"Cultist","floor":1,"turns":3},{"damage":10,"enemies":"Jaw Worm","floor":3,"turns":5},{"damage":6,"enemies":"2 Louse","floor":4,"turns":3},{"damage":4,"enemies":"Gremlin Nob","floor":6,"turns":3},{"damage":15,"enemies":"3 Sentries","floor":8,"turns":7},{"damage":2,"enemies":"Looter","floor":11,"turns":2},{"damage":4,"enemies":"Large Slime","floor":12,"turns":4},{"damage":21,"enemies":"The Mushroom Lair","floor":13,"turns":4},{"damage":16,"enemies":"Slime Boss","floor":16,"turns":7},{"damage":14,"enemies":"Spheric Guardian","floor":18,"turns":4},{"damage":2,"enemies":"Shell Parasite","floor":19,"turns":4},{"damage":13,"enemies":"Snecko","floor":21,"turns":6},{"damage":14,"enemies":"Sentry and Sphere","floor":24,"turns":4},{"damage":7,"enemies":"Chosen and Byrds","floor":25,"turns":5},{"damage":0,"enemies":"Gremlin Leader","floor":27,"turns":3},{"damage":7,"enemies":"Centurion and Healer","floor":28,"turns":4},{"damage":1,"enemies":"Shelled Parasite and Fungi","floor":30,"turns":2},{"damage":12,"enemies":"3 Cultists","floor":31,"turns":3},{"damage":32,"enemies":"Collector","floor":33,"turns":3},{"damage":19,"enemies":"Orb Walker","floor":35,"turns":4},{"damage":12,"enemies":"3 Darklings","floor":45,"turns":4},{"damage":33,"enemies":"Writhing Mass","floor":47,"turns":6},{"damage":70,"enemies":"Time Eater","floor":50,"turns":7}],"seed_played":"-7970617844769071328","potions_obtained":[{"floor":3,"key":"AttackPotion"},{"floor":4,"key":"SpeedPotion"},{"floor":6,"key":"EntropicBrew"},{"floor":11,"key":"FearPotion"},{"floor":13,"key":"SneckoOil"},{"floor":18,"key":"EntropicBrew"},{"floor":21,"key":"LiquidBronze"},{"floor":25,"key":"Dexterity Potion"},{"floor":30,"key":"SteroidPotion"},{"floor":31,"key":"Dexterity Potion"},{"floor":33,"key":"SteroidPotion"},{"floor":35,"key":"LiquidBronze"},{"floor":45,"key":"Swift Potion"}],"is_trial":false,"path_per_floor":["M","T","M","M","T","E","R","E","T","?","M","M","?","$","R","B",null,"M","M","?","M","?","R","M","M","T","E","M","R","M","M","R","B",null,"M","?","$","?","$","R","?","$","T","R","M","R","M","$","R","B"],"character_chosen":"IRONCLAD","items_purchased":["Inflame","Centennial Puzzle","Membership Card","Flex","Fire Breathing","Question Card","Block Potion","Shrug It Off","SteroidPotion","SteroidPotion","SkillPotion"],"campfire_rested":2,"item_purchase_floors":[14,14,37,37,37,37,37,39,48,48,48],"current_hp_per_floor":[80,80,76,76,76,78,78,69,69,74,78,80,65,65,65,55,85,77,81,73,66,66,66,58,57,57,63,62,62,67,61,85,59,85,78,67,67,67,67,67,67,67,67,67,61,61,34,34,59,29],"gold":57,"neow_bonus":"HUNDRED_GOLD","is_prod":false,"is_daily":false,"chose_seed":false,"campfire_upgraded":7,"win_rate":0,"timestamp":1540332832,"path_taken":["M","?","M","M","?","E","R","E","T","?","M","M","?","$","R","BOSS","M","M","?","M","?","R","M","M","T","E","?","R","M","M","R","BOSS","M","?","$","?","?","R","?","?","T","R","?","R","M","$","R","BOSS"],"build_version":"2018-10-18","purchased_purges":3,"victory":true,"max_hp_per_floor":[80,80,80,80,80,80,80,80,80,85,85,85,85,85,85,85,85,85,85,85,85,85,85,85,85,85,85,85,85,85,85,85,85,85,85,85,85,85,85,85,85,85,85,85,85,85,85,85,85,85],"card_choices":[{"not_picked":["Bloodletting","Searing Blow"],"picked":"Sword Boomerang","floor":1},{"not_picked":["Sever Soul","Perfected Strike"],"picked":"Seeing Red","floor":3},{"not_picked":["Entrench","Seeing Red"],"picked":"Armaments","floor":4},{"not_picked":["Thunderclap","Clash","Berserk"],"picked":"SKIP","floor":6},{"not_picked":["Perfected Strike","Warcry"],"picked":"Cleave","floor":8},{"not_picked":["Anger","Entrench"],"picked":"Twin Strike","floor":11},{"not_picked":["Havoc","Thunderclap","Dark Embrace"],"picked":"SKIP","floor":12},{"not_picked":["Anger","Sentinel"],"picked":"Spot Weakness","floor":13},{"not_picked":["Impervious","Fiend Fire"],"picked":"Limit Break","floor":16},{"not_picked":["Wild Strike","True Grit"],"picked":"Heavy Blade","floor":18},{"not_picked":["Perfected Strike","Carnage+1"],"picked":"Clothesline","floor":19},{"not_picked":["Dropkick","Clothesline+1"],"picked":"Headbutt+1","floor":21},{"not_picked":["Rampage","Blood for Blood"],"picked":"Shockwave","floor":24},{"not_picked":["Feel No Pain","Uppercut"],"picked":"Body Slam","floor":25},{"not_picked":["Sentinel","Intimidate"],"picked":"Pummel","floor":27},{"not_picked":["Iron Wave+1","Corruption"],"picked":"Dropkick","floor":28},{"not_picked":["Iron Wave","Spot Weakness+1"],"picked":"Ghostly Armor","floor":30},{"not_picked":["Thunderclap+1","Rupture+1","Body Slam"],"picked":"SKIP","floor":31},{"not_picked":["Feed","Impervious"],"picked":"Reaper","floor":33},{"not_picked":["Flame Barrier+1","Clothesline"],"picked":"Heavy Blade+1","floor":35},{"not_picked":["Thunderclap","Rupture","Body Slam+1"],"picked":"Bloodletting","floor":45},{"not_picked":["Anger","Heavy Blade","Uppercut+1","Carnage"],"picked":"SKIP","floor":47}],"player_experience":105604,"relics_obtained":[{"floor":2,"key":"War Paint"},{"floor":5,"key":"Red Skull"},{"floor":6,"key":"PreservedInsect"},{"floor":8,"key":"Bag of Preparation"},{"floor":9,"key":"Self Forming Clay"},{"floor":13,"key":"Odd Mushroom"},{"floor":26,"key":"Matryoshka"},{"floor":27,"key":"Lantern"},{"floor":43,"key":"Potion Belt"},{"floor":43,"key":"Tiny Chest"}],"event_choices":[{"damage_healed":0,"gold_gain":0,"player_choice":"Donut","damage_taken":0,"max_hp_gain":5,"max_hp_loss":0,"event_name":"Big Fish","floor":10,"gold_loss":0},{"damage_healed":0,"gold_gain":0,"player_choice":"Fought Mushrooms","damage_taken":0,"max_hp_gain":0,"max_hp_loss":0,"event_name":"Mushrooms","floor":13,"gold_loss":0},{"damage_healed":0,"gold_gain":75,"player_choice":"Touch","damage_taken":8,"max_hp_gain":0,"max_hp_loss":0,"event_name":"FaceTrader","floor":20,"gold_loss":0},{"cards_removed":["Strike_R"],"damage_healed":0,"gold_gain":0,"player_choice":"Elegance","damage_taken":0,"max_hp_gain":0,"max_hp_loss":0,"event_name":"Back to Basics","floor":22,"gold_loss":0},{"damage_healed":0,"gold_gain":0,"player_choice":"Embrace Madness","damage_taken":11,"max_hp_gain":0,"max_hp_loss":0,"event_name":"Winding Halls","floor":36,"gold_loss":0,"cards_obtained":["Madness","Madness"]},{"damage_healed":0,"gold_gain":0,"player_choice":"Upgraded","damage_taken":0,"max_hp_gain":0,"max_hp_loss":0,"event_name":"Upgrade Shrine","floor":38,"gold_loss":0,"cards_upgraded":["Flex"]},{"damage_healed":0,"gold_gain":0,"player_choice":"Copied","damage_taken":0,"max_hp_gain":0,"max_hp_loss":0,"event_name":"Duplicator","floor":41,"gold_loss":0,"cards_obtained":["Limit Break"]}],"is_beta":false,"boss_relics":[{"not_picked":["Snecko Eye","Busted Crown"],"picked":"Mark of Pain"},{"not_picked":["Runic Dome","Runic Pyramid"],"picked":"Runic Cube"}],"items_purged_floors":[14,37,39],"is_endless":false,"potions_floor_spawned":[3,4,6,11,13,18,21,25,30,31,33,35,45],"ascension_level":1}