{"gold_per_floor":[116,116,127,127,127,153,172,198,198,198,225,244,244,264,264,264],"floor_reached":16,"playtime":705,"items_purged":[],"score":189,"play_id":"cfe64646-5239-4fd4-8c91-1696cbff9a0b","local_time":"20190118122957","is_ascension_mode":true,"campfire_choices":[{"floor":10,"key":"REST"},{"data":"Fission","floor":13,"key":"SMITH"},{"data":"Beam Cell","floor":15,"key":"SMITH"}],"neow_cost":"NONE","seed_source_timestamp":68759425699495,"circlet_count":0,"master_deck":["Strike_B","Strike_B","Defend_B","Defend_B","Defend_B","Defend_B","Zap+1","Dualcast","Genetic Algorithm+1","Conserve Battery","Core Surge","Fission+1","Fusion","Rebound","Beam Cell+1","Turbo+1","Gash"],"relics":["Cracked Core","NeowsBlessing","Emotion Chip","Kunai","Toxic Egg 2","Ornamental Fan"],"potions_floor_usage":[8,16,16,16],"damage_taken":[{"damage":0,"enemies":"Jaw Worm","floor":1,"turns":1},{"damage":0,"enemies":"Cultist","floor":3,"turns":1},{"damage":0,"enemies":"Lagavulin","floor":6,"turns":1},{"damage":0,"enemies":"2 Louse","floor":7,"turns":2},{"damage":19,"enemies":"Gremlin Nob","floor":8,"turns":4},{"damage":16,"enemies":"Lagavulin","floor":11,"turns":10},{"damage":0,"enemies":"Red Slaver","floor":12,"turns":3},{"damage":3,"enemies":"2 Fungi Beasts","floor":14,"turns":3},{"damage":43,"enemies":"Slime Boss","floor":16,"turns":9}],"seed_played":"-563576841850306746","potions_obtained":[{"floor":1,"key":"Block Potion"},{"floor":11,"key":"Strength Potion"},{"floor":12,"key":"EssenceOfSteel"},{"floor":14,"key":"Fire Potion"}],"is_trial":false,"path_per_floor":["M","?","M","?","?","E","M","E","T","R","E","M","R","M","R","B"],"character_chosen":"DEFECT","items_purchased":[],"campfire_rested":1,"item_purchase_floors":[],"current_hp_per_floor":[68,68,68,53,53,53,53,34,34,56,40,40,40,37,37,0],"gold":264,"neow_bonus":"THREE_ENEMY_KILL","is_prod":false,"is_daily":false,"chose_seed":false,"campfire_upgraded":2,"win_rate":0,"timestamp":1547832597,"path_taken":["M","?","?","?","?","E","M","E","T","R","E","M","R","M","R","BOSS"],"build_version":"2019-01-17v2","purchased_purges":0,"victory":false,"max_hp_per_floor":[75,75,75,75,75,75,75,75,75,75,75,75,75,75,75,75],"card_choices":[{"not_picked":["Hologram","Ball Lightning"],"picked":"Genetic Algorithm","floor":1},{"not_picked":["Leap","Rebound"],"picked":"Conserve Battery","floor":3},{"not_picked":["Genetic Algorithm","Redo"],"picked":"Fission","floor":6},{"not_picked":["Ball Lightning","Tempest"],"picked":"Fusion","floor":7},{"not_picked":["Capacitor","Chaos"],"picked":"Rebound","floor":8},{"not_picked":["Fusion+1","Streamline"],"picked":"Beam Cell","floor":11},{"not_picked":["Heatsinks","Streamline"],"picked":"Turbo+1","floor":12},{"not_picked":["Stack+1","Turbo+1"],"picked":"Gash","floor":14}],"player_experience":155310,"relics_obtained":[{"floor":6,"key":"Emotion Chip"},{"floor":8,"key":"Kunai"},{"floor":9,"key":"Toxic Egg 2"},{"floor":11,"key":"Ornamental Fan"}],"event_choices":[{"cards_removed":["Strike_B"],"damage_healed":0,"gold_gain":0,"player_choice":"Purged","damage_taken":0,"max_hp_gain":0,"max_hp_loss":0,"event_name":"Purifier","floor":2,"gold_loss":0},{"damage_healed":0,"gold_gain":0,"player_choice":"Entered Light","damage_taken":15,"max_hp_gain":0,"max_hp_loss":0,"event_name":"Shining Light","floor":4,"gold_loss":0,"cards_upgraded":["Genetic Algorithm","Zap"]},{"damage_healed":0,"gold_gain":0,"cards_transformed":["Strike_B"],"player_choice":"Transformed","damage_taken":0,"max_hp_gain":0,"max_hp_loss":0,"event_name":"Transmorgrifier","floor":5,"gold_loss":0,"cards_obtained":["Core Surge"]}],"is_beta":false,"boss_relics":[],"items_purged_floors":[],"is_endless":false,"potions_floor_spawned":[1,11,12,14],"killed_by":"Slime Boss","ascension_level":6}