{"gold_per_floor":[110,185,63,63,238,263,281,4,27,37,50,63,63,88,88,88],"floor_reached":16,"playtime":978,"items_purged":[],"score":162,"play_id":"9b6862a8-3398-4dcd-a9d7-02015a2c13cc","local_time":"20190524093728","is_ascension_mode":true,"campfire_choices":[{"floor":13,"key":"REST"},{"floor":15,"key":"REST"}],"neow_cost":"NONE","seed_source_timestamp":70060615772498,"circlet_count":0,"master_deck":["Defend_G","Defend_G","Defend_G","Defend_G","Defend_G","Strike_G","Strike_G","Strike_G","Strike_G","Survivor","Neutralize","PiercingWail","Caltrops","Doubt","Dodge and Roll","Escape Plan","Caltrops","Dagger Spray"],"relics":["Ring of the Snake","NeowsBlessing","Boot","ClockworkSouvenir","Bag of Marbles","Unceasing Top"],"potions_floor_usage":[11,14,14,16],"damage_taken":[{"damage":0,"enemies":"Small Slimes","floor":1,"turns":1},{"damage":0,"enemies":"3 Sentries","floor":6,"turns":2},{"damage":0,"enemies":"Jaw Worm","floor":7,"turns":1},{"damage":1,"enemies":"Cultist","floor":10,"turns":6},{"damage":0,"enemies":"2 Fungi Beasts","floor":11,"turns":3},{"damage":18,"enemies":"Exordium Thugs","floor":12,"turns":5},{"damage":26,"enemies":"Lagavulin","floor":14,"turns":10},{"damage":59,"enemies":"Slime Boss","floor":16,"turns":8}],"seed_played":"-6846360856592776244","potions_obtained":[{"floor":1,"key":"Energy Potion"},{"floor":6,"key":"Ancient Potion"},{"floor":10,"key":"Fire Potion"},{"floor":14,"key":"Poison Potion"}],"is_trial":false,"path_per_floor":["M","?","$","?","?","E","M","$","T","M","M","M","R","E","R","B"],"character_chosen":"THE_SILENT","items_purchased":["PiercingWail","Caltrops","Caltrops","ClockworkSouvenir"],"campfire_rested":2,"item_purchase_floors":[3,3,8,8],"current_hp_per_floor":[70,59,59,52,52,52,52,52,52,51,51,33,54,28,49,0],"gold":88,"neow_bonus":"THREE_ENEMY_KILL","is_prod":false,"is_daily":false,"chose_seed":false,"campfire_upgraded":0,"win_rate":0,"timestamp":1558683448,"path_taken":["M","?","$","?","?","E","M","?","T","M","M","M","R","E","R","BOSS"],"build_version":"2019-05-07","purchased_purges":0,"victory":false,"max_hp_per_floor":[70,70,70,70,70,70,70,70,70,70,70,70,70,70,70,70],"card_choices":[{"not_picked":["Skewer","Slice","Eviscerate"],"picked":"SKIP","floor":1},{"not_picked":["Blade Dance","Expertise"],"picked":"Dodge and Roll","floor":6},{"not_picked":["Masterful Stab","Slice"],"picked":"Escape Plan","floor":7},{"not_picked":["Masterful Stab","Dodge and Roll"],"picked":"Dagger Spray","floor":10},{"not_picked":["Slice","Cloak And Dagger","Endless Agony"],"picked":"SKIP","floor":11},{"not_picked":["Grand Finale","Dagger Throw","Flying Knee"],"picked":"SKIP","floor":12},{"not_picked":["Endless Agony","Caltrops","Outmaneuver"],"picked":"SKIP","floor":14}],"player_experience":342311,"relics_obtained":[{"floor":6,"key":"Boot"},{"floor":9,"key":"Bag of Marbles"},{"floor":14,"key":"Unceasing Top"}],"event_choices":[{"damage_healed":0,"gold_gain":75,"player_choice":"Gather Gold","damage_taken":11,"max_hp_gain":0,"max_hp_loss":0,"event_name":"World of Goop","floor":2,"gold_loss":0},{"cards_removed":["Strike_G"],"damage_healed":0,"gold_gain":0,"player_choice":"Card Removal","damage_taken":7,"max_hp_gain":0,"max_hp_loss":0,"event_name":"Golden Wing","floor":4,"gold_loss":0},{"damage_healed":0,"gold_gain":175,"player_choice":"AGREE","damage_taken":0,"max_hp_gain":0,"max_hp_loss":0,"event_name":"Liars Game","floor":5,"gold_loss":0,"cards_obtained":["Doubt"]}],"is_beta":true,"boss_relics":[],"items_purged_floors":[],"is_endless":false,"potions_floor_spawned":[1,6,10,14],"killed_by":"Slime Boss","ascension_level":4}