{"gold_per_floor":[109,83,83,83,57,83,83,116,116,127,127,127,0,14,14,119,119,131,131,146,165,178,213,213,213,213,232,232],"floor_reached":28,"playtime":1175,"items_purged":[],"score":434,"play_id":"e3900d55-3a02-43fc-b02f-4c5308b674d2","local_time":"20190221181520","is_ascension_mode":true,"campfire_choices":[{"floor":7,"key":"REST"},{"data":"Zap","floor":12,"key":"SMITH"},{"data":"Defragment","floor":15,"key":"SMITH"},{"floor":24,"key":"REST"}],"neow_cost":"NONE","seed_source_timestamp":754923208281867,"circlet_count":0,"master_deck":["AscendersBane","Strike_B","Strike_B","Strike_B","Defend_B+1","Defend_B+1","Defend_B","Defend_B","Zap+1","Dualcast","Echo Form+1","Sunder","Sweeping Beam","Cold Snap","Go for the Eyes","Parasite","Defragment+1","Coolheaded","Reboot","Conserve Battery","FTL","Conserve Battery","Go for the Eyes","Compile Driver","Stack","Glacier","Darkness","BootSequence","Writhe","Steam+1"],"relics":["Cracked Core","Singing Bowl","Bottled Flame","Bottled Lightning","Orrery","Blood Vial","Du-Vu Doll","Omamori"],"potions_floor_usage":[20,23,23],"damage_taken":[{"damage":9,"enemies":"Small Slimes","floor":1,"turns":5},{"damage":32,"enemies":"Gremlin Nob","floor":6,"turns":4},{"damage":0,"enemies":"Lagavulin","floor":8,"turns":7},{"damage":6,"enemies":"2 Louse","floor":10,"turns":2},{"damage":0,"enemies":"Cultist","floor":14,"turns":2},{"damage":33,"enemies":"Hexaghost","floor":16,"turns":13},{"damage":15,"enemies":"2 Thieves","floor":18,"turns":4},{"damage":3,"enemies":"Shell Parasite","floor":20,"turns":6},{"damage":13,"enemies":"Chosen and Byrds","floor":21,"turns":8},{"damage":14,"enemies":"Centurion and Healer","floor":22,"turns":12},{"damage":18,"enemies":"Gremlin Leader","floor":23,"turns":9},{"damage":37,"enemies":"Snecko","floor":27,"turns":6},{"damage":12,"enemies":"Snake Plant","floor":28,"turns":3}],"seed_played":"7070518548246017836","potions_obtained":[{"floor":1,"key":"SpeedPotion"},{"floor":10,"key":"FairyPotion"},{"floor":16,"key":"Weak Potion"},{"floor":18,"key":"Regen Potion"},{"floor":22,"key":"SteroidPotion"}],"is_trial":false,"path_per_floor":["M","?","?","?","$","E","R","E","T","M","?","R","$","M","R","B",null,"M","?","M","M","M","E","R","?","T","M","M"],"character_chosen":"DEFECT","items_purchased":["Sweeping Beam","Defragment","Coolheaded"],"campfire_rested":2,"item_purchase_floors":[5,13,13],"current_hp_per_floor":[59,59,52,37,37,5,27,27,27,23,42,42,42,44,44,11,62,47,47,59,46,32,16,40,40,40,5,0],"gold":232,"neow_bonus":"ONE_RANDOM_RARE_CARD","is_prod":false,"is_daily":false,"chose_seed":false,"campfire_upgraded":2,"win_rate":0,"timestamp":1550790920,"path_taken":["M","?","?","?","$","E","R","E","T","M","?","R","?","M","R","BOSS","M","?","?","M","M","E","R","?","T","M","M"],"build_version":"2019-01-23","purchased_purges":0,"victory":false,"max_hp_per_floor":[75,75,75,75,75,75,75,75,75,77,77,77,77,79,79,79,79,79,79,79,79,79,81,81,81,81,81,81],"card_choices":[{"not_picked":["Melter","Beam Cell"],"picked":"Sunder","floor":1},{"not_picked":["Steam Power","Steam"],"picked":"Cold Snap","floor":6},{"not_picked":["Force Field","Ball Lightning"],"picked":"Go for the Eyes","floor":8},{"not_picked":["Beam Cell","Consume","Sweeping Beam"],"picked":"Singing Bowl","floor":10},{"not_picked":["Compile Driver","Hello World","Sunder"],"picked":"Singing Bowl","floor":14},{"not_picked":["Hyperbeam","Machine Learning"],"picked":"Reboot","floor":16},{"not_picked":["Aggregate","Cold Snap"],"picked":"Conserve Battery","floor":17},{"not_picked":["Coolheaded","Sunder"],"picked":"FTL","floor":17},{"not_picked":["Coolheaded","Double Energy"],"picked":"Conserve Battery","floor":17},{"not_picked":["Beam Cell","Sweeping Beam"],"picked":"Go for the Eyes","floor":17},{"not_picked":["Streamline","Reprogram"],"picked":"Compile Driver","floor":17},{"not_picked":["Streamline","Sunder"],"picked":"Stack","floor":18},{"not_picked":["Melter","Gash"],"picked":"Glacier","floor":20},{"not_picked":["Rebound","Streamline"],"picked":"Darkness","floor":21},{"not_picked":["Sweeping Beam","FTL"],"picked":"BootSequence","floor":22},{"not_picked":["Fusion","Storm","Hyperbeam"],"picked":"Singing Bowl","floor":23},{"not_picked":["Redo","Cold Snap"],"picked":"Steam+1","floor":27}],"player_experience":337760,"relics_obtained":[{"floor":6,"key":"Singing Bowl"},{"floor":8,"key":"Bottled Flame"},{"floor":9,"key":"Bottled Lightning"},{"floor":23,"key":"Blood Vial"},{"floor":26,"key":"Omamori"}],"event_choices":[{"damage_healed":0,"gold_gain":0,"player_choice":"Left Gold","damage_taken":0,"max_hp_gain":0,"max_hp_loss":0,"event_name":"World of Goop","floor":2,"gold_loss":26},{"cards_removed":["Strike_B"],"damage_healed":0,"gold_gain":0,"player_choice":"Card Removal","damage_taken":7,"max_hp_gain":0,"max_hp_loss":0,"event_name":"Golden Wing","floor":3,"gold_loss":0},{"damage_healed":0,"gold_gain":0,"player_choice":"Entered Light","damage_taken":15,"max_hp_gain":0,"max_hp_loss":0,"event_name":"Shining Light","floor":4,"gold_loss":0,"cards_upgraded":["Defend_B","Defend_B"]},{"damage_healed":19,"gold_gain":0,"player_choice":"Healed and dodged fight","damage_taken":0,"max_hp_gain":0,"max_hp_loss":0,"event_name":"Mushrooms","floor":11,"gold_loss":0,"cards_obtained":["Parasite"]},{"damage_healed":0,"gold_gain":0,"player_choice":"Upgraded","damage_taken":0,"max_hp_gain":0,"max_hp_loss":0,"event_name":"Upgrade Shrine","floor":19,"gold_loss":0,"cards_upgraded":["Echo Form"]},{"damage_healed":0,"gold_gain":0,"player_choice":"Opened","damage_taken":0,"relics_obtained":["Du-Vu Doll"],"max_hp_gain":0,"max_hp_loss":0,"event_name":"The Mausoleum","floor":25,"gold_loss":0,"cards_obtained":["Writhe"]}],"is_beta":false,"boss_relics":[{"not_picked":["FrozenCore","Coffee Dripper"],"picked":"Orrery"}],"items_purged_floors":[],"is_endless":false,"potions_floor_spawned":[1,10,16,18,22],"killed_by":"Snake Plant","ascension_level":12}