{"gold_per_floor":[111,111,127,145,6,6,22,55,109,109,124,155,168,168,168,270,270,282,282,37,57,75,104,57,57,104,104,135,162,182,202,202,304,304,315,315,315,92,106,140,140,168,168,186,286,286,10,41,41,41],"floor_reached":50,"playtime":1860,"items_purged":["Strike_G","Strike_G"],"score":942,"play_id":"53ee66b3-2d49-44f4-b65f-97b6392d540e","local_time":"20190306143827","is_ascension_mode":true,"campfire_choices":[{"data":"Noxious Fumes","floor":6.0,"key":"SMITH"},{"floor":10.0,"key":"REST"},{"data":"Catalyst","floor":15.0,"key":"SMITH"},{"floor":25.0,"key":"REST"},{"data":"Neutralize","floor":27.0,"key":"SMITH"},{"floor":32.0,"key":"REST"},{"data":"Dark Shackles","floor":41,"key":"SMITH"},{"floor":46,"key":"REST"},{"data":"Envenom","floor":49,"key":"SMITH"}],"neow_cost":"NONE","seed_source_timestamp":118966746678750,"circlet_count":0,"master_deck":["AscendersBane","Defend_G","Defend_G","Defend_G","Defend_G","Survivor+1","Neutralize+1","Caltrops+1","Catalyst+1","Endless Agony+1","Catalyst+1","Noxious Fumes+1","Deadly Poison","Dark Shackles+1","Dash","Dash","Bouncing Flask","Parasite","After Image","Crippling Poison+1","Poisoned Stab","Deflect","Cloak And Dagger+1","Cloak And Dagger","PiercingWail+1","Envenom+1","Deadly Poison+1","Master of Strategy","Corpse Explosion"],"special_seed":0,"relics":["Astrolabe","Mercury Hourglass","Potion Belt","Vajra","Busted Crown","PreservedInsect","Bottled Flame","Blood Vial","Ninja Scroll","War Paint","Eternal Feather","Oddly Smooth Stone","Strawberry","Meat on the Bone","Blue Candle","Ice Cream"],"potions_floor_usage":[48,50,50,50],"damage_taken":[{"damage":0.0,"enemies":"2 Louse","floor":1.0,"turns":4.0},{"damage":0.0,"enemies":"Cultist","floor":3.0,"turns":5.0},{"damage":1.0,"enemies":"Jaw Worm","floor":4.0,"turns":5.0},{"damage":10.0,"enemies":"2 Fungi Beasts","floor":7.0,"turns":4.0},{"damage":27.0,"enemies":"3 Sentries","floor":8.0,"turns":7.0},{"damage":5.0,"enemies":"Red Slaver","floor":11.0,"turns":2.0},{"damage":0.0,"enemies":"Gremlin Nob","floor":12.0,"turns":2.0},{"damage":7.0,"enemies":"Exordium Thugs","floor":13.0,"turns":3.0},{"damage":23.0,"enemies":"Hexaghost","floor":16.0,"turns":5.0},{"damage":4.0,"enemies":"Chosen","floor":18.0,"turns":4.0},{"damage":11.0,"enemies":"3 Byrds","floor":21.0,"turns":5.0},{"damage":10.0,"enemies":"Cultist and Chosen","floor":22.0,"turns":6.0},{"damage":7.0,"enemies":"Slavers","floor":23.0,"turns":4.0},{"damage":7.0,"enemies":"Gremlin Leader","floor":28.0,"turns":5.0},{"damage":7.0,"enemies":"3 Cultists","floor":30.0,"turns":4.0},{"damage":0.0,"enemies":"Snake Plant","floor":31.0,"turns":2.0},{"damage":54.0,"enemies":"Automaton","floor":33.0,"turns":9.0},{"damage":0,"enemies":"Orb Walker","floor":35,"turns":3},{"damage":0,"enemies":"3 Shapes","floor":39,"turns":5},{"damage":15,"enemies":"Reptomancer","floor":40,"turns":4},{"damage":55,"enemies":"Giant Head","floor":42,"turns":8},{"damage":15,"enemies":"Spire Growth","floor":44,"turns":3},{"damage":6,"enemies":"Reptomancer","floor":48,"turns":4},{"damage":103,"enemies":"Awakened One","floor":50,"turns":10}],"seed_played":"-6124203117229129030","potions_obtained":[{"floor":1.0,"key":"FairyPotion"},{"floor":4.0,"key":"Ancient Potion"},{"floor":8.0,"key":"Regen Potion"},{"floor":16.0,"key":"PowerPotion"},{"floor":18.0,"key":"Energy Potion"},{"floor":22.0,"key":"SpeedPotion"},{"floor":23.0,"key":"Regen Potion"},{"floor":39,"key":"Energy Potion"},{"floor":42,"key":"Fire Potion"},{"floor":48,"key":"Fire Potion"}],"is_trial":false,"path_per_floor":["M","?","M","M","$","R","M","E","T","R","M","E","M","?","R","B",null,"M","?","$","M","M","E","$","R","T","R","E","T","M","M","R","B",null,"M","?","?","$","M","E","R","E","T","M","?","R","$","E","R","B"],"character_chosen":"THE_SILENT","items_purchased":["Deadly Poison","Dark Shackles","PreservedInsect","Crippling Poison","Poisoned Stab","Cloak And Dagger","Oddly Smooth Stone","Master of Strategy"],"campfire_rested":4,"item_purchase_floors":[5,5,20,20,20,24,38,47],"current_hp_per_floor":[63,63,63,62,62,62,52,25,25,46,41,50,43,60,60,37,62,58,58,58,47,37,30,30,51,51,51,46,46,41,43,64,12,56,58,58,58,58,60,54,69,16,16,15,15,53,53,49,64,0],"gold":41,"neow_bonus":"BOSS_RELIC","is_prod":false,"is_daily":false,"chose_seed":false,"campfire_upgraded":5,"win_rate":0,"timestamp":1551901107,"path_taken":["M","?","M","M","$","R","M","E","T","R","?","E","M","?","R","BOSS","M","?","$","M","?","E","$","R","T","R","E","?","M","M","R","BOSS","M","?","?","$","M","E","R","E","T","M","?","R","$","E","R","BOSS"],"build_version":"2019-01-23","purchased_purges":2,"victory":false,"max_hp_per_floor":[70,70,70,70,70,70,70,70,70,70,70,70,70,70,70,70,70,70,70,70,70,70,70,70,70,70,70,70,70,70,70,70,70,70,70,70,70,70,70,77,77,77,77,77,77,77,77,77,77,77],"card_choices":[{"not_picked":["Heel Hook","Caltrops"],"picked":"Catalyst","floor":1.0},{"not_picked":["Concentrate","Blade Dance","Underhanded Strike"],"picked":"SKIP","floor":3.0},{"not_picked":["Calculated Gamble","Flying Knee"],"picked":"Noxious Fumes","floor":4.0},{"not_picked":["Riddle With Holes","Bane"],"picked":"Dash","floor":7.0},{"not_picked":["Caltrops","Slice"],"picked":"Dash","floor":8.0},{"not_picked":["Terror","Expertise"],"picked":"Bouncing Flask","floor":11.0},{"not_picked":["Predator","Prepared","Unload"],"picked":"SKIP","floor":12.0},{"not_picked":["Concentrate","Blade Dance","Slice"],"picked":"SKIP","floor":13.0},{"not_picked":["Glass Knife","Tools of the Trade"],"picked":"After Image","floor":16.0},{"not_picked":["Accuracy"],"picked":"SKIP","floor":18.0},{"not_picked":[],"picked":"Deflect","floor":21.0},{"not_picked":[],"picked":"Cloak And Dagger+1","floor":22.0},{"not_picked":["Bane"],"picked":"SKIP","floor":23.0},{"not_picked":["Sucker Punch"],"picked":"SKIP","floor":28.0},{"not_picked":[],"picked":"PiercingWail+1","floor":30.0},{"not_picked":["Masterful Stab"],"picked":"SKIP","floor":31.0},{"not_picked":[],"picked":"Envenom","floor":33.0},{"not_picked":["Outmaneuver"],"picked":"SKIP","floor":35},{"not_picked":["Flechettes"],"picked":"SKIP","floor":39},{"not_picked":[],"picked":"Deadly Poison+1","floor":40},{"not_picked":["Prepared"],"picked":"SKIP","floor":42},{"not_picked":["Masterful Stab"],"picked":"SKIP","floor":44},{"not_picked":[],"picked":"Corpse Explosion","floor":48}],"player_experience":420788,"relics_obtained":[{"floor":8.0,"key":"Mercury Hourglass"},{"floor":9.0,"key":"Potion Belt"},{"floor":12.0,"key":"Vajra"},{"floor":23.0,"key":"Bottled Flame"},{"floor":26.0,"key":"Blood Vial"},{"floor":28.0,"key":"Ninja Scroll"},{"floor":29.0,"key":"War Paint"},{"floor":40,"key":"Strawberry"},{"floor":42,"key":"Meat on the Bone"},{"floor":43,"key":"Blue Candle"},{"floor":48,"key":"Ice Cream"}],"event_choices":[{"cards_removed":["Defend_G"],"damage_healed":0.0,"max_hp_gain":0.0,"max_hp_loss":0.0,"gold_gain":0.0,"event_name":"Purifier","player_choice":"Purged","floor":2.0,"gold_loss":0.0,"damage_taken":0.0},{"damage_healed":17.0,"max_hp_gain":0.0,"max_hp_loss":0.0,"gold_gain":0.0,"event_name":"Mushrooms","player_choice":"Healed and dodged fight","floor":14.0,"gold_loss":0.0,"damage_taken":0.0,"cards_obtained":["Parasite"]},{"damage_healed":0.0,"max_hp_gain":0.0,"max_hp_loss":0.0,"gold_gain":0.0,"event_name":"N\u0027loth","player_choice":"Ignored","floor":19.0,"gold_loss":0.0,"damage_taken":0.0},{"damage_healed":0,"gold_gain":0,"player_choice":"Ignored","damage_taken":0,"max_hp_gain":0,"max_hp_loss":0,"event_name":"Tomb of Lord Red Mask","floor":36,"gold_loss":0},{"damage_healed":0,"gold_gain":0,"player_choice":"Ignored","damage_taken":0,"max_hp_gain":0,"max_hp_loss":0,"event_name":"Mysterious Sphere","floor":37,"gold_loss":0},{"damage_healed":0,"gold_gain":100,"player_choice":"Pray","damage_taken":0,"max_hp_gain":0,"max_hp_loss":0,"event_name":"Golden Shrine","floor":45,"gold_loss":0}],"is_beta":false,"boss_relics":[{"not_picked":["Tiny House","White Beast Statue"],"picked":"Busted Crown"},{"not_picked":["Coffee Dripper","Pandora\u0027s Box"],"picked":"Eternal Feather"}],"items_purged_floors":[38,47],"is_endless":false,"potions_floor_spawned":[1,4,8,16,18,22,23,39,42,48],"killed_by":"Awakened One","ascension_level":10}