{"path_per_floor":["M","?","?","?","M","E","M","E","T","R","M","$","M","M","R","B",null,"M","M","M","M","M","R","M","R","T","R","M","?","M"],"character_chosen":"THE_SILENT","items_purchased":["Distraction"],"gold_per_floor":[116,116,116,181,193,218,230,261,285,285,295,222,234,245,245,347,347,366,385,399,416,431,431,441,441,441,441,452,452,471],"floor_reached":31,"campfire_rested":3,"playtime":3070,"current_hp_per_floor":[70,56,56,56,56,56,56,45,45,66,66,66,64,64,64,5,70,70,49,39,2,2,23,20,41,41,41,34,57,37],"items_purged":[],"gold":471,"score":278,"play_id":"18a2881d-a406-41b9-837f-f9d3932ae40f","is_prod":false,"is_daily":false,"is_ascension_mode":false,"campfire_upgraded":2,"path_taken":["M","?","?","?","M","E","M","E","T","R","?","$","M","M","R","BOSS","M","M","?","?","M","R","M","R","T","R","?","?","M","M"],"build_version":"2018-02-22-PROD2","purchased_purges":0,"victory":false,"master_deck":["Defend_G","Defend_G","Defend_G+1","Defend_G","Defend_G","Strike_G","Strike_G","Strike_G","Strike_G+1","Strike_G","Survivor+1","Neutralize","Flying Knee+1","Outmaneuver","Deflect+1","Terror+1","Caltrops","Distraction+1","Slice","Escape Plan","After Image","Escape Plan","Deflect","Quick Slash+1","Dagger Spray+1","Sucker Punch+1","Predator","Endless Agony"],"max_hp_per_floor":[70,70,70,70,70,70,70,70,70,70,70,70,70,70,70,70,70,70,70,70,70,70,70,70,70,70,70,70,70,70],"relics":["Ring of the Snake","NeowsBlessing","Pen Nib","War Paint","Happy Flower","Black Star","Mummified Hand"],"card_choices":[{"not_picked":["Outmaneuver","Slice"],"picked":"Flying Knee"},{"not_picked":["Flying Knee","Underhanded Strike"],"picked":"Outmaneuver"},{"not_picked":["Bane","Accuracy"],"picked":"Deflect"},{"not_picked":["Predator","Dagger Spray"],"picked":"Terror"},{"not_picked":["Catalyst","A Thousand Cuts"],"picked":"Caltrops"},{"not_picked":["Cloak And Dagger","Deadly Poison"],"picked":"Slice"},{"not_picked":["Setup","Dagger Spray"],"picked":"Escape Plan"},{"not_picked":["Tools of the Trade","Corpse Explosion"],"picked":"After Image"},{"not_picked":["Eviscerate","Dodge and Roll"],"picked":"Escape Plan"},{"not_picked":["Poisoned Stab","Catalyst"],"picked":"Deflect"},{"not_picked":["Choke","Finisher"],"picked":"Quick Slash"},{"not_picked":["Backflip","Leg Sweep"],"picked":"Dagger Spray"},{"not_picked":["Underhanded Strike","Dagger Spray"],"picked":"Sucker Punch"},{"not_picked":["Sucker Punch","Concentrate"],"picked":"Predator"},{"not_picked":["Distraction","Eviscerate"],"picked":"Endless Agony"}],"player_experience":180417,"potions_floor_usage":[8,16,16,21,21,22,24,28,30],"damage_taken":[{"damage":0,"enemies":"2 Louse","floor":1,"turns":1},{"damage":0,"enemies":"Jaw Worm","floor":5,"turns":1},{"damage":0,"enemies":"Gremlin Nob","floor":6,"turns":1},{"damage":0,"enemies":"Cultist","floor":7,"turns":3},{"damage":11,"enemies":"3 Sentries","floor":8,"turns":9},{"damage":0,"enemies":"Exordium Wildlife","floor":11,"turns":5},{"damage":2,"enemies":"Blue Slaver","floor":13,"turns":3},{"damage":0,"enemies":"Red Slaver","floor":14,"turns":4},{"damage":71,"enemies":"Slime Boss","floor":16,"turns":16},{"damage":0,"enemies":"3 Byrds","floor":18,"turns":3},{"damage":21,"enemies":"Spheric Guardian","floor":19,"turns":5},{"damage":10,"enemies":"Snake Plant","floor":20,"turns":5},{"damage":43,"enemies":"Cultist and Chosen","floor":21,"turns":8},{"damage":0,"enemies":"Centurion and Healer","floor":22,"turns":7},{"damage":3,"enemies":"Snecko","floor":24,"turns":5},{"damage":7,"enemies":"3 Cultists","floor":28,"turns":5},{"damage":20,"enemies":"Snake Plant","floor":30,"turns":3},{"damage":48,"enemies":"Cultist and Chosen","floor":31,"turns":5}],"event_choices":[{"event_name":"Shining Light","player_choice":"Entered Light","floor":2,"damage_taken":0},{"event_name":"Upgrade Shrine","player_choice":"Upgraded","floor":3,"damage_taken":0},{"event_name":"Golden Wing","player_choice":"Gained Gold","floor":4,"damage_taken":0},{"event_name":"The Library","player_choice":"Heal","floor":29,"damage_taken":0}],"boss_relics":[{"not_picked":["White Beast Statue","Velvet Choker"],"picked":"Black Star"}],"potions_floor_spawned":[5,8,11,13,14,16,19,21,24,28],"seed_played":"-1837871913462281927","killed_by":"Cultist and Chosen","ascension_level":0,"is_trial":false}