{"gold_per_floor":[113,125,3,20,20,45,45,57,80,80,96,109,136,136,136,136],"floor_reached":16,"playtime":651,"items_purged":[],"score":202,"play_id":"ca1e9a05-2070-4cb2-909a-6091697f1410","local_time":"20180909215506","is_ascension_mode":true,"campfire_choices":[{"data":"Crippling Poison","floor":7.0,"key":"SMITH"},{"floor":10.0,"key":"REST"},{"data":"Bouncing Flask","floor":15.0,"key":"SMITH"}],"neow_cost":"NONE","seed_source_timestamp":527555999520138,"circlet_count":0,"master_deck":["Defend_G","Defend_G","Defend_G","Defend_G","Defend_G","Strike_G","Strike_G","Strike_G","Strike_G","Strike_G","Survivor","Neutralize","AscendersBane","Crippling Poison+1","Bouncing Flask+1","Dagger Spray","Backflip","Dodge and Roll","Blur","Prepared"],"special_seed":0,"relics":["Ring of the Snake","Juzu Bracelet","Snake Skull","Ancient Tea Set","Mummified Hand"],"potions_floor_usage":[],"damage_taken":[{"damage":0.0,"enemies":"Cultist","floor":1.0,"turns":4.0},{"damage":1.0,"enemies":"Small Slimes","floor":2.0,"turns":4.0},{"damage":0.0,"enemies":"2 Louse","floor":4.0,"turns":2.0},{"damage":33.0,"enemies":"3 Sentries","floor":6.0,"turns":8.0},{"damage":5.0,"enemies":"Exordium Wildlife","floor":8.0,"turns":5.0},{"damage":0.0,"enemies":"Red Slaver","floor":11.0,"turns":4.0},{"damage":6.0,"enemies":"Looter","floor":12.0,"turns":3.0},{"damage":12.0,"enemies":"Lagavulin","floor":13.0,"turns":5.0},{"damage":44,"enemies":"Slime Boss","floor":16,"turns":8}],"seed_played":"-4403531235289072416","potions_obtained":[{"floor":1.0,"key":"SkillPotion"},{"floor":2.0,"key":"Block Potion"},{"floor":13.0,"key":"SmokeBomb"}],"is_trial":false,"path_per_floor":["M","M","$","M","?","E","R","M","T","R","M","M","E","?","R"],"character_chosen":"THE_SILENT","items_purchased":["Dagger Spray","Poison Potion"],"campfire_rested":1,"item_purchase_floors":[3,3],"current_hp_per_floor":[65,64,64,64,53,20,20,15,15,36,36,30,18,42,42,0],"gold":136,"neow_bonus":"TEN_PERCENT_HP_BONUS","is_prod":false,"is_daily":false,"chose_seed":false,"campfire_upgraded":2,"win_rate":0,"timestamp":1536544506,"path_taken":["M","M","$","M","?","E","R","M","T","R","M","M","E","?","R","BOSS"],"build_version":"2018-09-06","purchased_purges":0,"victory":false,"max_hp_per_floor":[72,72,72,72,72,72,72,72,72,72,72,72,72,72,72,72],"card_choices":[{"not_picked":["Escape Plan","Distraction"],"picked":"Crippling Poison","floor":1.0},{"not_picked":["Bane","Dodge and Roll"],"picked":"Bouncing Flask","floor":2.0},{"not_picked":["Slice","Well Laid Plans"],"picked":"Backflip","floor":4.0},{"not_picked":["Quick Slash","Heel Hook"],"picked":"Dodge and Roll","floor":6.0},{"not_picked":["Tools of the Trade","Dodge and Roll"],"picked":"Blur","floor":8.0},{"not_picked":["Sucker Punch","Dagger Spray","Bane"],"picked":"SKIP","floor":11.0},{"not_picked":["Dagger Throw","Prepared","Quick Slash"],"picked":"SKIP","floor":12.0},{"not_picked":["Bouncing Flask","Dodge and Roll"],"picked":"Prepared","floor":13.0}],"player_experience":645172,"relics_obtained":[{"floor":6.0,"key":"Snake Skull"},{"floor":9.0,"key":"Ancient Tea Set"},{"floor":13.0,"key":"Mummified Hand"}],"event_choices":[{"event_name":"Scrap Ooze","player_choice":"success","floor":5.0,"damage_taken":11.0},{"event_name":"Big Fish","player_choice":"Banana","floor":14.0,"damage_taken":0.0}],"is_beta":false,"boss_relics":[],"items_purged_floors":[],"is_endless":false,"potions_floor_spawned":[1,2,13],"killed_by":"Slime Boss","ascension_level":16}