{"path_per_floor":["M","M","$","?","?","R","M","M","T","R","?","M","M","?","R","B",null,"M","$","?","M"],"character_chosen":"THE_SILENT","items_purchased":["Noxious Fumes","Peace Pipe"],"gold_per_floor":[110,126,52,127,127,127,152,176,228,228,228,244,264,289,289,420,420,408,24,124,143],"floor_reached":22,"campfire_rested":1,"playtime":1827,"current_hp_per_floor":[69,69,69,58,41,41,41,33,33,33,33,25,26,4,25,1,70,41,41,41,23],"items_purged":["Strike_G"],"gold":143,"play_id":"68e0bd87-dfd1-49d6-96cd-845b891de31e","is_prod":false,"is_daily":false,"is_ascension_mode":false,"campfire_upgraded":2,"path_taken":["M","M","$","?","?","R","M","?","T","R","?","?","M","?","R","BOSS","M","$","?","M","M"],"build_version":"2018-01-25-PROD3","purchased_purges":1,"victory":false,"master_deck":["Defend_G","Defend_G","Defend_G","Defend_G","Defend_G","Strike_G","Strike_G","Strike_G","Survivor","Neutralize","Quick Slash","Finisher","Noxious Fumes+1","Dagger Throw","Poisoned Stab+1","Escape Plan","Envenom","Deflect+1","Escape Plan+1"],"max_hp_per_floor":[70,70,70,70,70,70,70,70,70,70,70,70,70,70,70,70,70,70,70,70,70],"relics":["Ring of the Snake","Golden Idol","Blood Vial","Odd Mushroom","The Specimen","Peace Pipe"],"card_choices":[{"not_picked":["Slice","Endless Agony"],"picked":"Quick Slash"},{"not_picked":["Slice","Dagger Throw"],"picked":"Finisher"},{"not_picked":["Endless Agony","Prepared"],"picked":"Dagger Throw"},{"not_picked":["Flying Knee","Distraction"],"picked":"Poisoned Stab"},{"not_picked":["Blur","Noxious Fumes"],"picked":"Escape Plan"},{"not_picked":["Bullet Time","Doppelganger"],"picked":"Envenom"},{"not_picked":["Blur","Sucker Punch"],"picked":"Deflect"},{"not_picked":["Prepared","Slice"],"picked":"Escape Plan"}],"player_experience":34491,"potions_floor_usage":[13,16,22],"damage_taken":[{"damage":1,"enemies":"2 Louse","floor":1,"turns":5},{"damage":0,"enemies":"Jaw Worm","floor":2,"turns":4},{"damage":0,"enemies":"Cultist","floor":7,"turns":3},{"damage":8,"enemies":"Large Slime","floor":8,"turns":8},{"damage":10,"enemies":"2 Fungi Beasts","floor":12,"turns":3},{"damage":1,"enemies":"Lots of Slimes","floor":13,"turns":3},{"damage":24,"enemies":"The Mushroom Lair","floor":14,"turns":6},{"damage":26,"enemies":"The Guardian","floor":16,"turns":9},{"damage":29,"enemies":"2 Thieves","floor":18,"turns":4},{"damage":20,"enemies":"Shell Parasite","floor":21,"turns":8},{"damage":28,"enemies":"Sentry and Sphere","floor":22,"turns":5}],"event_choices":[{"event_name":"World of Goop","player_choice":"Gather Gold","floor":4,"damage_taken":0},{"event_name":"Golden Idol","player_choice":"Take Damage","floor":5,"damage_taken":0},{"event_name":"Living Wall","player_choice":"Forget","floor":11,"damage_taken":0},{"event_name":"Mushrooms","player_choice":"Fought Mushrooms","floor":14,"damage_taken":0},{"event_name":"Golden Shrine","player_choice":"Pray","floor":20,"damage_taken":0}],"boss_relics":[{"not_picked":["Runic Dome","Ectoplasm"],"picked":"The Specimen"}],"potions_floor_spawned":[2,8,12,21],"seed_played":"1071865011805936282","killed_by":"Sentry and Sphere","ascension_level":0,"is_trial":false}