{"gold_per_floor":[17,36,47,67,17,17,47,60,60,87,102,129,204,227,227,322,322,338,364,20,40,50,83,83,83,108,121,135,235,110,145,145,244,244,263,66,81,101,120,120,120,120,120,120,45,78,78,95,95,95,95,95,25,60,60],"floor_reached":56,"playtime":4074,"items_purged":["Leap"],"score":1318,"play_id":"0d839ac1-d549-4821-9238-9a6df7614fcd","local_time":"20181118193511","is_ascension_mode":true,"campfire_choices":[{"data":"Ball Lightning","floor":6,"key":"SMITH"},{"data":"Machine Learning","floor":15,"key":"SMITH"},{"data":"Defragment","floor":24,"key":"SMITH"},{"floor":32,"key":"REST"},{"data":"Zap","floor":40,"key":"SMITH"},{"data":"Go for the Eyes","floor":42,"key":"SMITH"},{"data":"Biased Cognition","floor":44,"key":"SMITH"},{"data":"Seek","floor":47,"key":"SMITH"},{"floor":49,"key":"RECALL"},{"data":"Loop","floor":52,"key":"SMITH"}],"neow_cost":"NO_GOLD","seed_source_timestamp":349724533856286,"circlet_count":0,"master_deck":["Zap+1","Dualcast","Machine Learning+1","Go for the Eyes+1","Ball Lightning+1","Glacier","Sweeping Beam","Electrodynamics","Seek+1","Compile Driver","Rebound","All For One","Coolheaded","Leap","BootSequence","Cold Snap","Defragment+1","Cold Snap","Tempest","Hologram","Force Field+1","Sunder","Streamline+1","Hologram+1","Loop+1","Capacitor+1","Biased Cognition+1","Conserve Battery","Consume"],"relics":["Cracked Core","Smiling Mask","Pantograph","Dodecahedron","Anchor","Odd Mushroom","Pandora\u0027s Box","Red Mask","ClockworkSouvenir","Juzu Bracelet","Strawberry","Nilry\u0027s Codex","Bag of Preparation","WingedGreaves","Matryoshka","DataDisk","Busted Crown","Runic Capacitor","Singing Bowl","Pen Nib","Bottled Lightning","Symbiotic Virus"],"potions_floor_usage":[7,7,12,19,23,29,33,55,55,55],"damage_taken":[{"damage":7,"enemies":"Small Slimes","floor":1,"turns":5},{"damage":1,"enemies":"Jaw Worm","floor":2,"turns":4},{"damage":0,"enemies":"2 Louse","floor":3,"turns":2},{"damage":3,"enemies":"2 Fungi Beasts","floor":4,"turns":4},{"damage":8,"enemies":"Lagavulin","floor":7,"turns":8},{"damage":11,"enemies":"Large Slime","floor":8,"turns":5},{"damage":12,"enemies":"3 Sentries","floor":10,"turns":3},{"damage":0,"enemies":"Blue Slaver","floor":11,"turns":4},{"damage":14,"enemies":"Gremlin Nob","floor":12,"turns":4},{"damage":3,"enemies":"The Mushroom Lair","floor":14,"turns":2},{"damage":20,"enemies":"Hexaghost","floor":16,"turns":11},{"damage":0,"enemies":"Shell Parasite","floor":18,"turns":5},{"damage":0,"enemies":"Masked Bandits","floor":19,"turns":2},{"damage":0,"enemies":"3 Byrds","floor":21,"turns":3},{"damage":0,"enemies":"Snecko","floor":22,"turns":5},{"damage":18,"enemies":"Book of Stabbing","floor":23,"turns":9},{"damage":7,"enemies":"Snake Plant","floor":27,"turns":5},{"damage":1,"enemies":"Sentry and Sphere","floor":28,"turns":5},{"damage":8,"enemies":"Colosseum Slavers","floor":29,"turns":3},{"damage":0,"enemies":"Colosseum Nobs","floor":29,"turns":4},{"damage":20,"enemies":"Slavers","floor":31,"turns":5},{"damage":23,"enemies":"Collector","floor":33,"turns":7},{"damage":0,"enemies":"Orb Walker","floor":35,"turns":3},{"damage":7,"enemies":"3 Shapes","floor":37,"turns":3},{"damage":0,"enemies":"Maw","floor":38,"turns":7},{"damage":2,"enemies":"Writhing Mass","floor":39,"turns":5},{"damage":0,"enemies":"Giant Head","floor":46,"turns":7},{"damage":0,"enemies":"3 Darklings","floor":48,"turns":2},{"damage":0,"enemies":"Awakened One","floor":50,"turns":10},{"damage":15,"enemies":"Shield and Spear","floor":54,"turns":3},{"damage":25,"enemies":"The Heart","floor":55,"turns":8}],"seed_played":"6249418660166801959","potions_obtained":[{"floor":2,"key":"Poison Potion"},{"floor":4,"key":"EssenceOfSteel"},{"floor":10,"key":"Weak Potion"},{"floor":12,"key":"EssenceOfSteel"},{"floor":19,"key":"Swift Potion"},{"floor":23,"key":"Energy Potion"},{"floor":31,"key":"EssenceOfSteel"},{"floor":33,"key":"Ancient Potion"},{"floor":35,"key":"SneckoOil"},{"floor":37,"key":"Ancient Potion"},{"floor":39,"key":"Energy Potion"},{"floor":48,"key":"FocusPotion"}],"is_trial":false,"path_per_floor":["M","M","M","M","?","R","E","M","T","E","M","E","?","?","R","B",null,"M","?","$","M","M","E","R","?","T","M","M","?","$","E","R","B",null,"M","$","M","M","M","R","?","R","T","R","$","E","R","M","R","B",null,"R","$","E","B",null],"character_chosen":"DEFECT","items_purchased":["ClockworkSouvenir","Juzu Bracelet","Loop","Runic Capacitor","FocusPotion","Consume"],"campfire_rested":1,"item_purchase_floors":[20,20,30,36,45,53],"current_hp_per_floor":[68,67,67,64,64,64,56,45,45,33,33,19,8,5,5,10,75,75,75,75,75,75,64,64,48,48,41,40,32,32,12,36,38,82,82,82,75,75,73,73,73,73,73,73,73,75,75,77,77,86,86,86,86,73,63],"gold":60,"neow_bonus":"THREE_RARE_CARDS","is_prod":false,"is_daily":false,"chose_seed":false,"campfire_upgraded":8,"win_rate":0,"timestamp":1542587711,"path_taken":["M","M","M","M","?","R","E","M","T","E","M","E","?","?","R","BOSS","M","?","$","M","M","E","R","?","T","M","M","?","$","E","R","BOSS","M","$","M","M","M","R","?","R","T","R","$","E","R","M","R","BOSS","R","$","E","BOSS"],"build_version":"2018-11-15","purchased_purges":1,"victory":true,"max_hp_per_floor":[75,75,75,75,75,75,75,75,75,75,75,75,75,75,75,75,75,75,75,75,75,75,82,82,82,82,82,82,82,82,82,82,82,82,82,82,82,82,82,82,82,82,82,82,82,84,84,86,86,86,86,86,86,88,88],"card_choices":[{"not_picked":["Creative AI","Fission"],"picked":"Machine Learning","floor":0},{"not_picked":["White Noise","Stack"],"picked":"Go for the Eyes","floor":1},{"not_picked":["Double Energy","Beam Cell"],"picked":"Ball Lightning","floor":2},{"not_picked":["Turbo","Cold Snap"],"picked":"Glacier","floor":3},{"not_picked":["Turbo","Gash"],"picked":"Sweeping Beam","floor":4},{"not_picked":["Redo","Self Repair"],"picked":"Electrodynamics","floor":7},{"not_picked":["Barrage","Steam Power","Reprogram"],"picked":"SKIP","floor":8},{"not_picked":["Steam Power","Electrodynamics"],"picked":"Seek","floor":10},{"not_picked":["Steam","Conserve Battery"],"picked":"Compile Driver","floor":11},{"not_picked":["Turbo","Beam Cell","Barrage"],"picked":"SKIP","floor":12},{"not_picked":["Sweeping Beam","Barrage"],"picked":"Rebound","floor":14},{"not_picked":["Meteor Strike","Reboot"],"picked":"All For One","floor":16},{"not_picked":["Skim","Cold Snap","Ball Lightning"],"picked":"SKIP","floor":18},{"not_picked":["Scrape","Compile Driver"],"picked":"Tempest","floor":19},{"not_picked":["Steam+1","Leap"],"picked":"Hologram","floor":21},{"not_picked":["Leap","BootSequence"],"picked":"Force Field+1","floor":22},{"not_picked":["Scrape","Steam"],"picked":"Sunder","floor":23},{"not_picked":["Steam","Rebound+1","Cold Snap"],"picked":"SKIP","floor":27},{"not_picked":["Ball Lightning","Go for the Eyes"],"picked":"Streamline+1","floor":28},{"not_picked":["Aggregate","Genetic Algorithm"],"picked":"Hologram+1","floor":29},{"not_picked":["Buffer","FTL+1"],"picked":"Capacitor+1","floor":31},{"not_picked":["Meteor Strike","Hyperbeam"],"picked":"Biased Cognition","floor":33},{"not_picked":[],"picked":"Conserve Battery","floor":35},{"not_picked":["Compile Driver+1"],"picked":"SKIP","floor":37},{"not_picked":["Tempest"],"picked":"SKIP","floor":38},{"not_picked":["Blizzard+1"],"picked":"SKIP","floor":39},{"not_picked":["Ball Lightning"],"picked":"Singing Bowl","floor":46},{"not_picked":["Leap"],"picked":"Singing Bowl","floor":48},{"not_picked":["Steam+1"],"picked":"Singing Bowl","floor":54}],"player_experience":917857,"relics_obtained":[{"floor":7,"key":"Smiling Mask"},{"floor":9,"key":"Pantograph"},{"floor":10,"key":"Dodecahedron"},{"floor":12,"key":"Anchor"},{"floor":14,"key":"Odd Mushroom"},{"floor":19,"key":"Red Mask"},{"floor":23,"key":"Strawberry"},{"floor":25,"key":"Nilry\u0027s Codex"},{"floor":26,"key":"Bag of Preparation"},{"floor":29,"key":"WingedGreaves"},{"floor":29,"key":"Matryoshka"},{"floor":31,"key":"DataDisk"},{"floor":43,"key":"Pen Nib"},{"floor":46,"key":"Bottled Lightning"},{"floor":54,"key":"Symbiotic Virus"}],"event_choices":[{"cards_removed":["Strike_B"],"damage_healed":0,"gold_gain":0,"player_choice":"Card Removal","damage_taken":0,"max_hp_gain":0,"max_hp_loss":0,"event_name":"The Cleric","floor":5,"gold_loss":50},{"damage_healed":0,"gold_gain":75,"player_choice":"Gather Gold","damage_taken":11,"max_hp_gain":0,"max_hp_loss":0,"event_name":"World of Goop","floor":13,"gold_loss":0},{"damage_healed":0,"gold_gain":0,"player_choice":"Fought Mushrooms","damage_taken":0,"max_hp_gain":0,"max_hp_loss":0,"event_name":"Mushrooms","floor":14,"gold_loss":0},{"damage_healed":0,"gold_gain":0,"player_choice":"Fought Bandits","damage_taken":0,"max_hp_gain":0,"max_hp_loss":0,"event_name":"Masked Bandits","floor":19,"gold_loss":0},{"damage_healed":0,"gold_gain":0,"player_choice":"Obtained Book","damage_taken":16,"max_hp_gain":0,"max_hp_loss":0,"event_name":"Cursed Tome","floor":25,"gold_loss":0},{"damage_healed":0,"gold_gain":0,"player_choice":"Fight","damage_taken":0,"max_hp_gain":0,"max_hp_loss":0,"event_name":"Colosseum","floor":29,"gold_loss":0},{"damage_healed":0,"gold_gain":0,"player_choice":"Fought Nobs","damage_taken":0,"max_hp_gain":0,"max_hp_loss":0,"event_name":"Colosseum","floor":29,"gold_loss":0},{"damage_healed":0,"gold_gain":0,"player_choice":"Gave Potion","damage_taken":0,"relics_obtained":["Singing Bowl"],"max_hp_gain":0,"max_hp_loss":0,"event_name":"WeMeetAgain","floor":41,"gold_loss":0}],"is_beta":false,"boss_relics":[{"not_picked":["Nuclear Battery","Orrery"],"picked":"Pandora\u0027s Box"},{"not_picked":["Sozu","FrozenCore"],"picked":"Busted Crown"}],"items_purged_floors":[30],"is_endless":false,"potions_floor_spawned":[2,4,10,12,19,23,29,31,33,35,37,39,48,54],"ascension_level":1}