{"gold_per_floor":[115,132,57,9,26,37,69,81,81,231,231,294,312,118,118,118],"floor_reached":16,"playtime":552,"items_purged":[],"score":179,"play_id":"c55fc342-ec17-4952-8c0b-ff7a0f4a77da","local_time":"20181125140406","is_ascension_mode":true,"campfire_choices":[{"data":"Uppercut","floor":11,"key":"SMITH"},{"data":"True Grit","floor":15,"key":"SMITH"}],"neow_cost":"NONE","seed_source_timestamp":404105820248835,"circlet_count":0,"master_deck":["AscendersBane","Strike_R","Strike_R","Strike_R","Strike_R","Defend_R","Defend_R","Defend_R","Defend_R","Bash","Inflame","Uppercut+1","Feed","Shrug It Off","Cleave","Shockwave","Iron Wave","True Grit+1"],"special_seed":0,"relics":["Burning Blood","Red Skull","Omamori","Mummified Hand","Bottled Tornado","Medical Kit"],"potions_floor_usage":[7,7,12,12,16],"damage_taken":[{"damage":18.0,"enemies":"Jaw Worm","floor":1.0,"turns":4.0},{"damage":9.0,"enemies":"Small Slimes","floor":2.0,"turns":4.0},{"damage":10.0,"enemies":"2 Louse","floor":5.0,"turns":2.0},{"damage":17.0,"enemies":"Blue Slaver","floor":6.0,"turns":4.0},{"damage":34,"enemies":"3 Sentries","floor":7,"turns":8},{"damage":0,"enemies":"2 Fungi Beasts","floor":8,"turns":2},{"damage":6,"enemies":"Lagavulin Event","floor":12,"turns":3},{"damage":6,"enemies":"Exordium Thugs","floor":13,"turns":3},{"damage":29,"enemies":"The Guardian","floor":16,"turns":14}],"seed_played":"5221877771012551541","potions_obtained":[{"floor":6.0,"key":"FearPotion"},{"floor":7,"key":"Dexterity Potion"},{"floor":8,"key":"SkillPotion"},{"floor":12,"key":"FearPotion"}],"is_trial":false,"path_per_floor":["M","M","?","$","M","M","E","M","T","?","R","?","M","$","R","B"],"character_chosen":"IRONCLAD","items_purchased":["Weak Potion","Medical Kit"],"campfire_rested":0,"item_purchase_floors":[4,14],"current_hp_per_floor":[56,53,53,53,49,38,13,22,22,22,22,25,28,28,28,0],"gold":118,"neow_bonus":"RANDOM_COMMON_RELIC","is_prod":false,"is_daily":false,"chose_seed":false,"campfire_upgraded":2,"win_rate":0,"timestamp":1543172646,"path_taken":["M","M","?","$","M","M","E","M","T","?","R","?","M","$","R","BOSS"],"build_version":"2018-11-15","purchased_purges":0,"victory":false,"max_hp_per_floor":[75,75,75,75,75,75,78,81,81,81,81,84,87,87,87,87],"card_choices":[{"not_picked":["Cleave","Body Slam"],"picked":"Inflame","floor":1.0},{"not_picked":["Metallicize","Headbutt"],"picked":"Uppercut","floor":2.0},{"not_picked":["Sentinel","Headbutt"],"picked":"Feed","floor":5.0},{"not_picked":["Body Slam","Wild Strike"],"picked":"Shrug It Off","floor":6.0},{"not_picked":["Rupture","Double Tap"],"picked":"Cleave","floor":7},{"not_picked":["Blood for Blood","Searing Blow"],"picked":"Shockwave","floor":8},{"not_picked":["Pommel Strike","Clash"],"picked":"Iron Wave","floor":12},{"not_picked":["Twin Strike","Shockwave"],"picked":"True Grit","floor":13}],"player_experience":941437,"relics_obtained":[{"floor":7,"key":"Omamori"},{"floor":9,"key":"Mummified Hand"},{"floor":12,"key":"Bottled Tornado"}],"event_choices":[{"cards_removed":["Strike_R"],"damage_healed":0.0,"max_hp_gain":0.0,"max_hp_loss":0.0,"gold_gain":0.0,"event_name":"The Cleric","player_choice":"Card Removal","floor":3.0,"gold_loss":75.0,"damage_taken":0.0},{"damage_healed":0,"gold_gain":150,"player_choice":"AGREE","damage_taken":0,"max_hp_gain":0,"max_hp_loss":0,"event_name":"Liars Game","floor":10,"gold_loss":0,"cards_obtained":["Doubt"]},{"damage_healed":0,"gold_gain":0,"player_choice":"Searched \u00271\u0027 times","damage_taken":0,"max_hp_gain":0,"max_hp_loss":0,"event_name":"Dead Adventurer","floor":12,"gold_loss":0}],"is_beta":false,"boss_relics":[],"items_purged_floors":[],"is_endless":false,"potions_floor_spawned":[6,7,8,12],"killed_by":"The Guardian","ascension_level":15}