{"gold_per_floor":[115,115,27,177,12,12,25,25,52,80,95,127,144,144,144,215,215,232,245,160,170,170,170,180,209,261,274,274,305,305,305,305,379,429,442,442],"floor_reached":36,"playtime":1700,"items_purged":["Doubt"],"score":876,"play_id":"c42f0717-7d9e-42d4-966b-10313e00ee3f","local_time":"20190508224122","is_ascension_mode":true,"campfire_choices":[{"data":"Noxious Fumes","floor":6.0,"key":"SMITH"},{"data":"Bouncing Flask","floor":15.0,"key":"SMITH"},{"floor":23.0,"key":"REST"},{"floor":28.0,"key":"REST"},{"floor":30.0,"key":"REST"},{"data":"Catalyst","floor":32.0,"key":"SMITH"}],"neow_cost":"NONE","seed_source_timestamp":274197085479141,"circlet_count":0,"master_deck":["AscendersBane","Defend_G","Defend_G+1","Defend_G","Defend_G","Defend_G","Strike_G","Strike_G","Strike_G","Strike_G","Strike_G","Survivor","Neutralize","Sucker Punch","Noxious Fumes+1","Bouncing Flask+1","Crippling Poison","Catalyst+1","Setup","Tactician","Corpse Explosion","Adrenaline","Poisoned Stab+1","Bane+1","Prepared","Dagger Throw","Noxious Fumes","Prepared","Escape Plan","Clumsy","Underhanded Strike","Writhe","Glass Knife","Quick Slash","Poisoned Stab+1"],"special_seed":0,"relics":["Ring of the Snake","NeowsBlessing","Happy Flower","Snake Skull","Bird Faced Urn","Cursed Key","Bag of Marbles","Regal Pillow","Turnip","Gremlin Horn","Tiny House"],"potions_floor_usage":[36,36],"damage_taken":[{"damage":0.0,"enemies":"2 Louse","floor":1.0,"turns":1.0},{"damage":0.0,"enemies":"Jaw Worm","floor":7.0,"turns":1.0},{"damage":0.0,"enemies":"Lagavulin","floor":10.0,"turns":1.0},{"damage":9.0,"enemies":"Small Slimes","floor":11.0,"turns":4.0},{"damage":16.0,"enemies":"3 Sentries","floor":12.0,"turns":6.0},{"damage":0.0,"enemies":"3 Louse","floor":13.0,"turns":3.0},{"damage":19.0,"enemies":"Hexaghost","floor":16.0,"turns":7.0},{"damage":2.0,"enemies":"3 Byrds","floor":18.0,"turns":3.0},{"damage":13.0,"enemies":"2 Thieves","floor":19.0,"turns":4.0},{"damage":11.0,"enemies":"Snecko","floor":21.0,"turns":4.0},{"damage":18.0,"enemies":"Chosen and Byrds","floor":24.0,"turns":5.0},{"damage":18.0,"enemies":"Gremlin Leader","floor":25.0,"turns":6.0},{"damage":1.0,"enemies":"Cultist and Chosen","floor":27.0,"turns":3.0},{"damage":48.0,"enemies":"Slavers","floor":29.0,"turns":4.0},{"damage":32.0,"enemies":"Collector","floor":33.0,"turns":6.0},{"damage":26.0,"enemies":"3 Darklings","floor":35.0,"turns":4.0},{"damage":52,"enemies":"2 Orb Walkers","floor":36,"turns":3}],"seed_played":"4400813763724101255","potions_obtained":[{"floor":7.0,"key":"Fire Potion"},{"floor":11.0,"key":"Weak Potion"},{"floor":12.0,"key":"EssenceOfSteel"},{"floor":19.0,"key":"Block Potion"},{"floor":22.0,"key":"PowerPotion"},{"floor":24.0,"key":"EssenceOfSteel"},{"floor":27.0,"key":"SkillPotion"},{"floor":29.0,"key":"FearPotion"},{"floor":33.0,"key":"SteroidPotion"},{"floor":34.0,"key":"SneckoOil"}],"is_trial":false,"path_per_floor":["M","?","$","?","$","R","M","$","T","E","M","E","M","?","R","B",null,"M","M","$","M","?","R","M","E","T","M","R","E","R","T","R","B",null,"M","?"],"character_chosen":"THE_SILENT","items_purchased":["Noxious Fumes","Bouncing Flask","Prepared","Dagger Throw"],"campfire_rested":3,"item_purchase_floors":[3,5,20,20],"current_hp_per_floor":[59,59,59,59,59,59,59,59,59,59,50,34,34,34,34,17,54,54,43,43,34,34,53,39,27,27,28,62,18,52,52,52,24,61,37,0],"gold":442,"neow_bonus":"THREE_ENEMY_KILL","is_prod":false,"is_daily":false,"chose_seed":false,"campfire_upgraded":3,"win_rate":0,"timestamp":1557380482,"path_taken":["M","?","$","?","?","R","M","$","T","E","M","E","M","?","R","BOSS","M","M","$","M","?","R","M","E","T","?","R","E","R","?","R","BOSS","M","?"],"build_version":"2019-01-23","purchased_purges":1,"victory":false,"max_hp_per_floor":[66,66,66,66,66,66,66,66,66,66,66,66,66,66,66,66,66,66,66,66,66,66,66,66,66,66,66,66,66,66,66,66,66,71,71,71],"card_choices":[{"not_picked":["Poisoned Stab","Well Laid Plans"],"picked":"Sucker Punch","floor":1.0},{"not_picked":["Accuracy","Deadly Poison"],"picked":"Crippling Poison","floor":7.0},{"not_picked":["Leg Sweep","Acrobatics"],"picked":"Catalyst","floor":10.0},{"not_picked":["Crippling Poison","Underhanded Strike"],"picked":"Setup","floor":11.0},{"not_picked":["Dagger Spray","All Out Attack"],"picked":"Tactician","floor":12.0},{"not_picked":["Eviscerate","Quick Slash"],"picked":"Corpse Explosion","floor":13.0},{"not_picked":["Unload","Burst"],"picked":"Adrenaline","floor":16.0},{"not_picked":["Sucker Punch","Underhanded Strike"],"picked":"Poisoned Stab+1","floor":18.0},{"not_picked":["Dodge and Roll","Outmaneuver+1"],"picked":"Bane+1","floor":19.0},{"not_picked":["Poisoned Stab","Cloak And Dagger"],"picked":"Noxious Fumes","floor":21.0},{"not_picked":["Bane","Bullet Time"],"picked":"Prepared","floor":24.0},{"not_picked":["Sucker Punch","Dash"],"picked":"Escape Plan","floor":25.0},{"not_picked":["Poisoned Stab","Flying Knee"],"picked":"Underhanded Strike","floor":27.0},{"not_picked":["Phantasmal Killer","Finisher","Masterful Stab"],"picked":"SKIP","floor":29.0},{"not_picked":["Bullet Time","Corpse Explosion"],"picked":"Glass Knife","floor":33.0},{"not_picked":["Blade Dance","Eviscerate"],"picked":"Quick Slash","floor":34.0},{"not_picked":["Setup","Bane"],"picked":"Poisoned Stab+1","floor":35.0}],"player_experience":655367,"relics_obtained":[{"floor":9.0,"key":"Happy Flower"},{"floor":10.0,"key":"Snake Skull"},{"floor":12.0,"key":"Bird Faced Urn"},{"floor":25.0,"key":"Bag of Marbles"},{"floor":26.0,"key":"Regal Pillow"},{"floor":29.0,"key":"Turnip"},{"floor":31.0,"key":"Gremlin Horn"}],"event_choices":[{"damage_healed":0.0,"max_hp_gain":0.0,"max_hp_loss":0.0,"gold_gain":0.0,"event_name":"The Cleric","player_choice":"Leave","floor":2.0,"gold_loss":0.0,"damage_taken":0.0},{"damage_healed":0.0,"max_hp_gain":0.0,"max_hp_loss":0.0,"gold_gain":150.0,"event_name":"Liars Game","player_choice":"AGREE","floor":4.0,"gold_loss":0.0,"damage_taken":0.0,"cards_obtained":["Doubt"]},{"damage_healed":0.0,"max_hp_gain":0.0,"max_hp_loss":0.0,"gold_gain":0.0,"event_name":"Golden Wing","player_choice":"Ignored","floor":14.0,"gold_loss":0.0,"damage_taken":0.0},{"damage_healed":0.0,"max_hp_gain":0.0,"max_hp_loss":0.0,"gold_gain":0.0,"event_name":"Lab","player_choice":"Got Potions","floor":22.0,"gold_loss":0.0,"damage_taken":0.0},{"damage_healed":0,"gold_gain":0,"player_choice":"Fight","damage_taken":0,"max_hp_gain":0,"max_hp_loss":0,"event_name":"Mysterious Sphere","floor":36,"gold_loss":0}],"is_beta":false,"boss_relics":[{"not_picked":["Black Star","Philosopher\u0027s Stone"],"picked":"Cursed Key"},{"not_picked":["Fusion Hammer","HoveringKite"],"picked":"Tiny House"}],"items_purged_floors":[5],"is_endless":false,"potions_floor_spawned":[7,11,12,13,19,24,27,29,33],"killed_by":"2 Orb Walkers","ascension_level":17}