{"gold_per_floor":[15,29,42,42,42,82,103,124,124,124,71,71,71,92,92,220,220,239,57,52,52,73,73,73,73,98,98,113,0,24,38,38,38],"floor_reached":33,"playtime":1627,"items_purged":[],"score":311,"play_id":"8cc08250-a03c-436f-80ff-e534570bf45b","local_time":"20180627220639","is_ascension_mode":true,"campfire_choices":[{"floor":10,"key":"REST"},{"data":"Chill","floor":13,"key":"SMITH"},{"floor":15,"key":"REST"},{"data":"Dualcast","floor":23,"key":"SMITH"},{"data":"Coolheaded","floor":25,"key":"SMITH"},{"data":"Turbo","floor":27,"key":"SMITH"},{"floor":32,"key":"REST"}],"neow_cost":"NO_GOLD","seed_source_timestamp":101741732602538,"circlet_count":0,"master_deck":["Strike_B","Strike_B","Strike_B","Defend_B","Defend_B","Defend_B","Defend_B","Zap+1","Dualcast+1","Gash","Stack","Rip and Tear","Turbo+1","Go for the Eyes","Chill+1","Coolheaded+1","Streamline","Echo Form","Aggregate","Good Instincts","Go for the Eyes","BootSequence+1","Conserve Battery+1","FTL"],"relics":["Cracked Core","Unceasing Top","Golden Idol","Gremlin Horn","Bottled Flame","Nuclear Battery","Ancient Tea Set"],"potions_floor_usage":[6,6,16,16,30,33],"damage_taken":[{"damage":0,"enemies":"Small Slimes","floor":1,"turns":2},{"damage":2,"enemies":"2 Louse","floor":2,"turns":2},{"damage":1,"enemies":"Cultist","floor":3,"turns":3},{"damage":12,"enemies":"3 Sentries","floor":6,"turns":5},{"damage":17,"enemies":"Exordium Wildlife","floor":7,"turns":3},{"damage":12,"enemies":"Lots of Slimes","floor":8,"turns":2},{"damage":15,"enemies":"Exordium Thugs","floor":14,"turns":4},{"damage":17,"enemies":"Slime Boss","floor":16,"turns":9},{"damage":10,"enemies":"3 Byrds","floor":18,"turns":6},{"damage":12,"enemies":"2 Thieves","floor":20,"turns":4},{"damage":10,"enemies":"Centurion and Healer","floor":22,"turns":8},{"damage":7,"enemies":"Cultist and Chosen","floor":28,"turns":6},{"damage":15,"enemies":"Snecko","floor":30,"turns":7},{"damage":3,"enemies":"Sentry and Sphere","floor":31,"turns":4},{"damage":58,"enemies":"Automaton","floor":33,"turns":6}],"seed_played":"-1102667920185483084","potions_obtained":[{"floor":2,"key":"Explosive Potion"},{"floor":3,"key":"Swift Potion"},{"floor":7,"key":"Dexterity Potion"},{"floor":14,"key":"LiquidBronze"},{"floor":22,"key":"Weak Potion"},{"floor":30,"key":"SneckoOil"}],"is_trial":false,"path_per_floor":["M","M","M","$","?","E","M","M","T","R","$","?","R","M","R","B",null,"M","$","M","$","M","R","?","R","T","R","M","?","M","M","R"],"character_chosen":"DEFECT","items_purchased":["Coolheaded","Aggregate","Good Instincts"],"campfire_rested":3,"item_purchase_floors":[11,19,19],"current_hp_per_floor":[75,73,72,72,54,42,25,13,13,35,35,35,35,20,42,25,63,53,53,41,41,31,31,31,31,31,31,24,24,9,6,28,0],"gold":38,"neow_bonus":"ONE_RARE_RELIC","is_prod":false,"is_daily":false,"chose_seed":false,"campfire_upgraded":4,"win_rate":0,"timestamp":1530151599,"path_taken":["M","M","M","$","?","E","M","?","T","R","$","?","R","M","R","BOSS","M","$","M","$","M","R","?","R","T","R","M","?","M","M","R","BOSS"],"build_version":"2018-06-21v2","purchased_purges":0,"victory":false,"max_hp_per_floor":[75,75,75,75,75,75,75,75,75,75,75,75,75,75,75,75,75,75,75,75,75,75,75,75,75,75,75,75,75,75,75,75,75],"card_choices":[{"not_picked":["Redo","Rip and Tear"],"picked":"Gash","floor":1},{"not_picked":["Self Repair","Sunder"],"picked":"Stack","floor":2},{"not_picked":["Rebound","Undo"],"picked":"Rip and Tear","floor":3},{"not_picked":["Compile Driver","Static Discharge"],"picked":"Turbo","floor":6},{"not_picked":["Gash","Genetic Algorithm"],"picked":"Go for the Eyes","floor":7},{"not_picked":["Turbo","Cold Snap"],"picked":"Chill","floor":8},{"not_picked":["Steam","Ball Lightning"],"picked":"Streamline","floor":14},{"not_picked":["Reboot","Rainbow"],"picked":"Echo Form","floor":16},{"not_picked":["Coolheaded","Sunder","Blizzard"],"picked":"SKIP","floor":18},{"not_picked":["Defragment","Capacitor","Tempest"],"picked":"SKIP","floor":20},{"not_picked":["Coolheaded","Conserve Battery+1"],"picked":"Go for the Eyes","floor":22},{"not_picked":["Doom and Gloom","Compile Driver"],"picked":"BootSequence+1","floor":28},{"not_picked":["Hologram","Hello World"],"picked":"Conserve Battery+1","floor":30},{"not_picked":["Coolheaded+1","Barrage+1"],"picked":"FTL","floor":31}],"player_experience":332718,"relics_obtained":[{"floor":6,"key":"Gremlin Horn"},{"floor":9,"key":"Bottled Flame"},{"floor":26,"key":"Ancient Tea Set"}],"event_choices":[{"event_name":"Golden Idol","player_choice":"Take Damage","floor":5,"damage_taken":0},{"event_name":"Upgrade Shrine","player_choice":"Upgraded","floor":12,"damage_taken":0},{"event_name":"Purifier","player_choice":"One Purge","floor":24,"damage_taken":0},{"event_name":"Masked Bandits","player_choice":"Paid Bandits 113 gold","floor":29,"damage_taken":0}],"boss_relics":[{"not_picked":["Runic Pyramid","Empty Cage"],"picked":"Nuclear Battery"}],"items_purged_floors":[],"is_endless":false,"potions_floor_spawned":[2,3,7,14,22,30],"killed_by":"Automaton","ascension_level":5}