{"gold_per_floor":[361,361,361,361,143,143,154,154,199,199,226,246,264,282,282,356,356,372,422,439,102,113,113,125,225,279,279,289,289,62,76,76,153,153,171,171,171,190,201,227,227,261,284,1,32,32,50,81,81,81],"floor_reached":51,"playtime":2449,"items_purged":["Regret"],"score":1514,"play_id":"79e0a45f-e3d4-48d0-ae3d-20e212c5c263","local_time":"20190508000622","is_ascension_mode":true,"campfire_choices":[{"data":"Neutralize","floor":6,"key":"SMITH"},{"data":"Finisher","floor":8,"key":"SMITH"},{"data":"Backstab","floor":10,"key":"SMITH"},{"data":"Accuracy","floor":15,"key":"SMITH"},{"data":"Adrenaline","floor":23,"key":"SMITH"},{"data":"Blade Dance","floor":27,"key":"SMITH"},{"floor":29,"key":"REST"},{"floor":32,"key":"REST"},{"floor":41,"key":"REST"},{"floor":46,"key":"REST"},{"floor":49,"key":"REST"}],"neow_cost":"TEN_PERCENT_HP_LOSS","seed_source_timestamp":192241975018050,"circlet_count":0,"master_deck":["AscendersBane","Defend_G+1","Defend_G","Defend_G+1","Defend_G","Defend_G","Strike_G","Strike_G","Strike_G","Strike_G","Strike_G","Survivor","Neutralize+1","Backstab+1","Accuracy+1","Finisher+1","Blade Dance+1","Backstab","Leg Sweep","Terror","Adrenaline+1","Injury","Doubt","Riddle With Holes+1","Dagger Throw+1","Riddle With Holes+1","Masterful Stab+1","Well Laid Plans","A Thousand Cuts+1","Noxious Fumes","Madness","Madness","Blade Dance+1","Envenom","Skewer+1","Masterful Stab+1","Cloak And Dagger","Deadly Poison+1","Catalyst+1"],"relics":["Ring of the Snake","Kunai","Pen Nib","Blood Vial","Strawberry","Singing Bowl","Calling Bell","Orichalcum","Molten Egg 2","Du-Vu Doll","Happy Flower","Snake Skull","Prayer Wheel","Sundial","Tiny Chest","OrangePellets","Black Star","War Paint","Bottled Flame","Mercury Hourglass","Bag of Preparation","Bag of Marbles","Chemical X","Boot","Centennial Puzzle","Dead Branch","Ninja Scroll"],"potions_floor_usage":[14,16,25,33,40,42,47,50,50],"damage_taken":[{"damage":0,"enemies":"Small Slimes","floor":1,"turns":6},{"damage":0,"enemies":"Cultist","floor":7,"turns":4},{"damage":17,"enemies":"Lagavulin","floor":11,"turns":7},{"damage":0,"enemies":"2 Louse","floor":12,"turns":1},{"damage":7,"enemies":"Blue Slaver","floor":13,"turns":2},{"damage":0,"enemies":"Large Slime","floor":14,"turns":3},{"damage":34,"enemies":"Hexaghost","floor":16,"turns":12},{"damage":9,"enemies":"3 Byrds","floor":18,"turns":4},{"damage":0,"enemies":"Spheric Guardian","floor":20,"turns":1},{"damage":18,"enemies":"Snake Plant","floor":22,"turns":2},{"damage":0,"enemies":"Shelled Parasite and Fungi","floor":24,"turns":1},{"damage":7,"enemies":"Colosseum Slavers","floor":25,"turns":2},{"damage":0,"enemies":"Colosseum Nobs","floor":25,"turns":3},{"damage":0,"enemies":"Centurion and Healer","floor":28,"turns":4},{"damage":15,"enemies":"Snake Plant","floor":31,"turns":3},{"damage":55,"enemies":"Champ","floor":33,"turns":6},{"damage":0,"enemies":"Orb Walker","floor":35,"turns":1},{"damage":3,"enemies":"3 Darklings","floor":38,"turns":2},{"damage":5,"enemies":"Sphere and 2 Shapes","floor":39,"turns":3},{"damage":42,"enemies":"Nemesis","floor":40,"turns":5},{"damage":25,"enemies":"Giant Head","floor":42,"turns":6},{"damage":0,"enemies":"Reptomancer","floor":45,"turns":1},{"damage":0,"enemies":"Writhing Mass","floor":47,"turns":1},{"damage":0,"enemies":"Nemesis","floor":48,"turns":1},{"damage":63,"enemies":"Time Eater","floor":50,"turns":8}],"seed_played":"3702340523702687178","potions_obtained":[{"floor":1,"key":"EssenceOfSteel"},{"floor":12,"key":"Poison Potion"},{"floor":14,"key":"Dexterity Potion"},{"floor":16,"key":"GamblersBrew"},{"floor":22,"key":"Block Potion"},{"floor":24,"key":"Explosive Potion"},{"floor":28,"key":"FearPotion"},{"floor":33,"key":"SkillPotion"},{"floor":38,"key":"AttackPotion"},{"floor":42,"key":"Fire Potion"},{"floor":47,"key":"FearPotion"}],"is_trial":false,"path_per_floor":["M","?","?","?","$","R","M","R","T","R","E","M","M","M","R","B",null,"M","T","M","$","M","R","M","?","T","R","M","R","$","M","R","B",null,"M","?","?","M","M","E","R","E","T","$","E","R","M","E","R","B",null],"character_chosen":"THE_SILENT","items_purchased":["Blood Vial","Accuracy","Snake Skull","Dagger Throw+1","Riddle With Holes+1","OrangePellets","Well Laid Plans","Chemical X","GhostInAJar"],"campfire_rested":5,"item_purchase_floors":[5,5,21,21,21,30,30,44,44],"current_hp_per_floor":[59,59,52,52,52,52,54,54,61,61,46,48,43,45,45,13,54,47,47,51,51,37,37,41,40,40,40,44,67,67,58,81,26,67,71,56,56,55,54,14,39,18,18,18,20,46,48,52,78,17],"gold":81,"neow_bonus":"TWO_FIFTY_GOLD","is_prod":false,"is_daily":false,"chose_seed":false,"campfire_upgraded":6,"win_rate":0,"timestamp":1557299182,"path_taken":["M","?","?","?","$","R","M","R","T","R","E","?","M","?","R","BOSS","M","?","M","$","M","R","M","?","T","R","M","R","$","M","R","BOSS","M","?","?","?","M","E","R","E","T","$","E","R","M","E","R","BOSS"],"build_version":"2019-01-23","purchased_purges":1,"victory":true,"max_hp_per_floor":[60,60,60,60,60,60,60,60,67,67,67,67,67,67,67,67,67,67,67,69,69,71,71,73,75,75,75,77,77,77,81,81,81,81,83,83,83,83,85,85,85,87,87,87,87,87,87,89,89,89],"card_choices":[{"not_picked":["Cloak And Dagger","Prepared"],"picked":"Backstab","floor":1},{"not_picked":["Calculated Gamble","Flying Knee"],"picked":"Finisher","floor":7},{"not_picked":["Skewer","Quick Slash"],"picked":"Blade Dance","floor":11},{"not_picked":["Predator","Outmaneuver"],"picked":"Backstab","floor":12},{"not_picked":["Flechettes","Tactician"],"picked":"Leg Sweep","floor":13},{"not_picked":["Flying Knee","Dagger Spray"],"picked":"Terror","floor":14},{"not_picked":["Bullet Time","Envenom"],"picked":"Adrenaline","floor":16},{"not_picked":["Dodge and Roll","Crippling Poison"],"picked":"Riddle With Holes+1","floor":18},{"not_picked":["Dagger Spray+1","Caltrops","Outmaneuver"],"picked":"Singing Bowl","floor":20},{"not_picked":["Dagger Spray+1","Poisoned Stab+1","Leg Sweep"],"picked":"Singing Bowl","floor":22},{"not_picked":["Dodge and Roll","Blade Dance","Dagger Spray+1"],"picked":"Singing Bowl","floor":24},{"not_picked":["Dash+1","Backflip","Setup"],"picked":"Singing Bowl","floor":25},{"not_picked":["Footwork","Eviscerate+1","Dagger Spray+1"],"picked":"Singing Bowl","floor":28},{"not_picked":["Tactician","PiercingWail"],"picked":"Masterful Stab+1","floor":28},{"not_picked":["Masterful Stab+1","Deadly Poison","Outmaneuver+1"],"picked":"Singing Bowl","floor":31},{"not_picked":["Quick Slash+1","All Out Attack+1","Underhanded Strike+1"],"picked":"Singing Bowl","floor":31},{"not_picked":["Die Die Die+1","Storm of Steel"],"picked":"A Thousand Cuts","floor":33},{"not_picked":["Deflect","Underhanded Strike+1"],"picked":"Noxious Fumes","floor":35},{"not_picked":["Dodge and Roll","Quick Slash+1","Eviscerate+1"],"picked":"Singing Bowl","floor":35},{"not_picked":["Eviscerate+1","Footwork+1"],"picked":"Blade Dance+1","floor":38},{"not_picked":["Blade Dance","Deflect+1"],"picked":"Envenom","floor":38},{"not_picked":["Dagger Spray+1","Dodge and Roll","Sucker Punch+1"],"picked":"Singing Bowl","floor":39},{"not_picked":["Tactician","PiercingWail"],"picked":"Skewer+1","floor":39},{"not_picked":["Escape Plan+1","Flying Knee+1"],"picked":"Masterful Stab+1","floor":40},{"not_picked":["Footwork","Distraction","Night Terror"],"picked":"Singing Bowl","floor":42},{"not_picked":["Slice+1","Heel Hook+1"],"picked":"Cloak And Dagger","floor":45},{"not_picked":["Outmaneuver","Terror+1"],"picked":"Deadly Poison+1","floor":47},{"not_picked":["Endless Agony+1","Deadly Poison"],"picked":"Catalyst+1","floor":47},{"not_picked":["Accuracy","Dodge and Roll","PiercingWail"],"picked":"Singing Bowl","floor":48}],"player_experience":629376,"relics_obtained":[{"floor":9,"key":"Strawberry"},{"floor":11,"key":"Singing Bowl"},{"floor":17,"key":"Orichalcum"},{"floor":17,"key":"Molten Egg 2"},{"floor":17,"key":"Du-Vu Doll"},{"floor":19,"key":"Happy Flower"},{"floor":25,"key":"Prayer Wheel"},{"floor":25,"key":"Sundial"},{"floor":26,"key":"Tiny Chest"},{"floor":40,"key":"War Paint"},{"floor":40,"key":"Bottled Flame"},{"floor":42,"key":"Mercury Hourglass"},{"floor":42,"key":"Bag of Preparation"},{"floor":43,"key":"Bag of Marbles"},{"floor":45,"key":"Boot"},{"floor":45,"key":"Centennial Puzzle"},{"floor":48,"key":"Dead Branch"},{"floor":48,"key":"Ninja Scroll"}],"event_choices":[{"damage_healed":0,"gold_gain":0,"player_choice":"Box","damage_taken":0,"relics_obtained":["Kunai"],"max_hp_gain":0,"max_hp_loss":0,"event_name":"Big Fish","floor":2,"gold_loss":0,"cards_obtained":["Regret"]},{"cards_removed":["Regret"],"damage_healed":0,"gold_gain":0,"player_choice":"Card Removal","damage_taken":7,"max_hp_gain":0,"max_hp_loss":0,"event_name":"Golden Wing","floor":3,"gold_loss":0},{"damage_healed":0,"gold_gain":0,"player_choice":"Gave Potion","damage_taken":0,"relics_obtained":["Pen Nib"],"max_hp_gain":0,"max_hp_loss":0,"event_name":"WeMeetAgain","floor":4,"gold_loss":0},{"damage_healed":0,"gold_gain":0,"player_choice":"Fight","damage_taken":0,"max_hp_gain":0,"max_hp_loss":0,"event_name":"Colosseum","floor":25,"gold_loss":0},{"damage_healed":0,"gold_gain":0,"player_choice":"Fought Nobs","damage_taken":0,"max_hp_gain":0,"max_hp_loss":0,"event_name":"Colosseum","floor":25,"gold_loss":0},{"damage_healed":0,"gold_gain":0,"player_choice":"Embrace Madness","damage_taken":15,"max_hp_gain":0,"max_hp_loss":0,"event_name":"Winding Halls","floor":36,"gold_loss":0,"cards_obtained":["Madness","Madness"]},{"damage_healed":0,"gold_gain":0,"player_choice":"Upgraded","damage_taken":0,"max_hp_gain":0,"max_hp_loss":0,"event_name":"Upgrade Shrine","floor":37,"gold_loss":0,"cards_upgraded":["A Thousand Cuts"]}],"is_beta":false,"boss_relics":[{"not_picked":["HoveringKite","Coffee Dripper"],"picked":"Calling Bell"},{"not_picked":["Orrery","Runic Pyramid"],"picked":"Black Star"}],"items_purged_floors":[21],"is_endless":false,"potions_floor_spawned":[1,12,14,16,22,24,28,33,38,42,47,48],"ascension_level":15}