{"gold_per_floor":[115,38,50,76,76,114,129,129,129,142,183,160,160,198,198,328,328,347,347,395,395,395,395,428,428,451,470,470,482,104,123,123,228,228,240,340,340,352,352,352,76,76],"floor_reached":42,"playtime":2343,"items_purged":["Injury"],"score":445,"play_id":"4bb06465-c038-4a37-9571-9592f384297f","local_time":"20190522063436","is_ascension_mode":false,"campfire_choices":[{"data":"Caltrops","floor":8,"key":"SMITH"},{"floor":13,"key":"REST"},{"floor":15,"key":"REST"},{"data":"Envenom","floor":23,"key":"SMITH"},{"floor":28,"key":"REST"},{"floor":32,"key":"REST"},{"data":"Adrenaline","floor":40,"key":"SMITH"}],"neow_cost":"NONE","seed_source_timestamp":479387450658900,"circlet_count":0,"master_deck":["Defend_G","Defend_G","Defend_G","Defend_G","Defend_G","Strike_G","Strike_G","Strike_G","Strike_G","Strike_G","Survivor","Neutralize","Catalyst","Caltrops+1","Catalyst","Bane","Slice","Deadly Poison","Distraction","Envenom+1","All Out Attack+1","Blade Dance+1","Caltrops+1","A Thousand Cuts","Adrenaline+1","Outmaneuver+1","Deadly Poison","Accuracy"],"relics":["Ring of the Snake","NeowsBlessing","Happy Flower","Bloody Idol","Ornamental Fan","Pantograph","Boot","Odd Mushroom","Velvet Choker","Bird Faced Urn","Juzu Bracelet","MutagenicStrength","Ninja Scroll","Dream Catcher","Pen Nib","Orichalcum","Runic Pyramid","Bottled Lightning"],"potions_floor_usage":[11,11,16,16,33,33],"damage_taken":[{"damage":0,"enemies":"Cultist","floor":1,"turns":1},{"damage":0,"enemies":"Small Slimes","floor":3,"turns":1},{"damage":0,"enemies":"Gremlin Nob","floor":6,"turns":1},{"damage":2,"enemies":"2 Louse","floor":7,"turns":5},{"damage":6,"enemies":"Large Slime","floor":10,"turns":9},{"damage":52,"enemies":"Lagavulin","floor":11,"turns":10},{"damage":23,"enemies":"The Mushroom Lair","floor":14,"turns":5},{"damage":71,"enemies":"Slime Boss","floor":16,"turns":12},{"damage":7,"enemies":"Shell Parasite","floor":18,"turns":3},{"damage":43,"enemies":"Book of Stabbing","floor":24,"turns":6},{"damage":9,"enemies":"3 Byrds","floor":27,"turns":3},{"damage":9,"enemies":"Snecko","floor":29,"turns":5},{"damage":33,"enemies":"Snake Plant","floor":31,"turns":3},{"damage":73,"enemies":"Champ","floor":33,"turns":10},{"damage":19,"enemies":"3 Darklings","floor":35,"turns":3},{"damage":13,"enemies":"Orb Walker","floor":38,"turns":3},{"damage":85,"enemies":"Giant Head","floor":42,"turns":7}],"seed_played":"4206337582445525559","potions_obtained":[{"floor":3,"key":"Weak Potion"},{"floor":6,"key":"Regen Potion"},{"floor":11,"key":"Regen Potion"},{"floor":14,"key":"PowerPotion"},{"floor":27,"key":"SpeedPotion"},{"floor":29,"key":"SteroidPotion"},{"floor":33,"key":"AttackPotion"},{"floor":38,"key":"AttackPotion"}],"is_trial":false,"path_per_floor":["M","$","M","T","?","E","M","R","T","M","E","?","R","?","R","B",null,"M","?","T","?","?","R","E","?","T","M","R","M","$","M","R","B",null,"M","?","?","M","?","R","$","E"],"character_chosen":"THE_SILENT","items_purchased":["Caltrops","Pen Nib","Orichalcum","Bottled Lightning","Accuracy"],"campfire_rested":4,"item_purchase_floors":[2,30,30,41,41],"current_hp_per_floor":[70,70,70,70,70,70,68,68,68,62,25,25,46,23,44,9,70,63,63,63,63,63,63,24,24,29,29,50,50,50,24,45,6,70,60,65,65,59,59,59,59,0],"gold":76,"neow_bonus":"THREE_ENEMY_KILL","is_prod":false,"is_daily":false,"chose_seed":false,"campfire_upgraded":3,"win_rate":0,"timestamp":1558535676,"path_taken":["M","$","?","?","?","E","M","R","T","M","E","?","R","?","R","BOSS","M","?","?","?","?","R","E","?","T","M","R","M","$","M","R","BOSS","M","?","?","M","?","R","$","E"],"build_version":"2019-01-23","purchased_purges":1,"victory":false,"max_hp_per_floor":[70,70,70,70,70,70,70,70,70,70,70,70,70,70,70,70,70,70,70,70,70,70,70,70,70,70,70,70,70,70,70,70,70,70,70,70,70,70,70,70,70,70],"card_choices":[{"not_picked":["Prepared","Dagger Spray"],"picked":"Catalyst","floor":1},{"not_picked":["Masterful Stab","Outmaneuver"],"picked":"Catalyst","floor":3},{"not_picked":["Heel Hook","Dagger Throw","Dagger Spray"],"picked":"SKIP","floor":6},{"not_picked":["Quick Slash","Outmaneuver"],"picked":"Bane","floor":7},{"not_picked":["Outmaneuver","Dagger Spray"],"picked":"Slice","floor":10},{"not_picked":["Dagger Spray","Slice"],"picked":"Deadly Poison","floor":11},{"not_picked":["Tools of the Trade","Setup"],"picked":"Distraction","floor":14},{"not_picked":["Adrenaline","Bullet Time"],"picked":"Envenom","floor":16},{"not_picked":["Infinite Blades","Quick Slash"],"picked":"All Out Attack+1","floor":18},{"not_picked":["Deflect","Quick Slash","Dodge and Roll"],"picked":"SKIP","floor":24},{"not_picked":["Flying Knee","Reflex"],"picked":"Blade Dance+1","floor":27},{"not_picked":["Infinite Blades","Dagger Throw"],"picked":"Caltrops+1","floor":29},{"not_picked":["Skewer","Deflect","Dodge and Roll"],"picked":"SKIP","floor":31},{"not_picked":["Escape Plan","Heel Hook"],"picked":"A Thousand Cuts","floor":32},{"not_picked":["After Image","Venomology"],"picked":"Adrenaline","floor":33},{"not_picked":["Bane","Dagger Spray+1"],"picked":"Outmaneuver+1","floor":35},{"not_picked":["Dodge and Roll+1","Reflex+1"],"picked":"Deadly Poison","floor":38}],"player_experience":401382,"relics_obtained":[{"floor":4,"key":"Happy Flower"},{"floor":6,"key":"Ornamental Fan"},{"floor":9,"key":"Pantograph"},{"floor":11,"key":"Boot"},{"floor":14,"key":"Odd Mushroom"},{"floor":20,"key":"Juzu Bracelet"},{"floor":24,"key":"Ninja Scroll"},{"floor":26,"key":"Dream Catcher"}],"event_choices":[{"damage_healed":0,"gold_gain":0,"player_choice":"Take Wound","damage_taken":0,"relics_obtained":["Golden Idol"],"max_hp_gain":0,"max_hp_loss":0,"event_name":"Golden Idol","floor":5,"gold_loss":0,"cards_obtained":["Injury"]},{"damage_healed":0,"gold_gain":0,"player_choice":"Left Gold","damage_taken":0,"max_hp_gain":0,"max_hp_loss":0,"event_name":"World of Goop","floor":12,"gold_loss":23},{"damage_healed":0,"gold_gain":0,"player_choice":"Fought Mushrooms","damage_taken":0,"max_hp_gain":0,"max_hp_loss":0,"event_name":"Mushrooms","floor":14,"gold_loss":0},{"damage_healed":0,"gold_gain":0,"player_choice":"Opened","damage_taken":0,"relics_obtained":["Bird Faced Urn"],"max_hp_gain":0,"max_hp_loss":0,"event_name":"The Mausoleum","floor":19,"gold_loss":0},{"damage_healed":0,"gold_gain":0,"player_choice":"Ignored","damage_taken":0,"max_hp_gain":0,"max_hp_loss":0,"event_name":"NoteForYourself","floor":21,"gold_loss":0},{"damage_healed":0,"gold_gain":0,"player_choice":"Inject Mutagens","damage_taken":0,"relics_obtained":["MutagenicStrength"],"max_hp_gain":0,"max_hp_loss":0,"event_name":"Drug Dealer","floor":22,"gold_loss":0},{"damage_healed":0,"gold_gain":0,"player_choice":"Gave Idol","damage_taken":0,"relics_obtained":["Bloody Idol"],"max_hp_gain":0,"max_hp_loss":0,"event_name":"Forgotten Altar","floor":25,"relics_lost":["Golden Idol"],"gold_loss":0},{"damage_healed":0,"gold_gain":100,"player_choice":"Pray","damage_taken":0,"max_hp_gain":0,"max_hp_loss":0,"event_name":"Golden Shrine","floor":36,"gold_loss":0},{"damage_healed":0,"gold_gain":0,"player_choice":"Ignored","damage_taken":0,"max_hp_gain":0,"max_hp_loss":0,"event_name":"Tomb of Lord Red Mask","floor":37,"gold_loss":0},{"damage_healed":0,"gold_gain":0,"player_choice":"Ignored","damage_taken":0,"max_hp_gain":0,"max_hp_loss":0,"event_name":"SecretPortal","floor":39,"gold_loss":0}],"is_beta":false,"boss_relics":[{"not_picked":["Calling Bell","Coffee Dripper"],"picked":"Velvet Choker"},{"not_picked":["Tiny House","Pandora\u0027s Box"],"picked":"Runic Pyramid"}],"items_purged_floors":[30],"is_endless":false,"potions_floor_spawned":[3,6,11,14,27,29,33,38],"killed_by":"Giant Head","ascension_level":0}