{"gold_per_floor":[116,131,144,144,69,69,112,112,112,112,112,128,142,162,162,258,258,274,38,51,51,92,92,92,92,92,92,92,126,150,150,150,244,244,268,268,268,281,295,295,339,339,408,408,466,525,525,548,578,578],"floor_reached":50,"playtime":2832,"items_purged":["Strike_G"],"score":1158,"play_id":"68ae9ba7-ac2d-4dca-8dff-0b6d3f47fd9b","local_time":"20181020140242","is_ascension_mode":true,"campfire_choices":[{"data":"Predator","floor":6.0,"key":"SMITH"},{"data":"Endless Agony","floor":8.0,"key":"SMITH"},{"data":"Defend_G","floor":10.0,"key":"SMITH"},{"floor":15.0,"key":"REST"},{"floor":23.0,"key":"REST"},{"data":"A Thousand Cuts","floor":25.0,"key":"SMITH"},{"data":"Backflip","floor":32.0,"key":"SMITH"},{"floor":40.0,"key":"DIG"},{"floor":42.0,"key":"DIG"},{"data":"Footwork","floor":44.0,"key":"SMITH"},{"floor":49,"key":"DIG"}],"neow_cost":"NONE","seed_source_timestamp":925442910417301,"circlet_count":0,"master_deck":["Defend_G+1","Defend_G","Defend_G","Strike_G+1","Strike_G","Strike_G","Survivor","Neutralize+1","AscendersBane","Endless Agony+1","Outmaneuver","Predator+1","Dagger Throw","Flying Knee","Skewer","A Thousand Cuts+1","HandOfGreed","Backflip","Eviscerate","Bouncing Flask","Backflip+1","Poisoned Stab","Sucker Punch","Ghostly","Ghostly","Ghostly","Ghostly","Ghostly","Footwork+1","Backstab+1","Bullet Time","Leg Sweep+1","Backflip","Blur+1","Quick Slash+1","Dash"],"special_seed":0,"relics":["Ring of the Snake","Whetstone","Golden Idol","Sundial","Mercury Hourglass","StoneCalendar","Snecko Eye","Lantern","Dead Branch","Eternal Feather","Shovel","Meat on the Bone","Darkstone Periapt","The Courier","Ornamental Fan","Torii","Strawberry","GremlinMask","Tiny Chest"],"potions_floor_usage":[],"damage_taken":[{"damage":4.0,"enemies":"Small Slimes","floor":1.0,"turns":4.0},{"damage":0.0,"enemies":"Cultist","floor":2.0,"turns":3.0},{"damage":5.0,"enemies":"2 Louse","floor":3.0,"turns":4.0},{"damage":34.0,"enemies":"3 Sentries","floor":7.0,"turns":14.0},{"damage":0.0,"enemies":"Lots of Slimes","floor":12.0,"turns":4.0},{"damage":0.0,"enemies":"Exordium Wildlife","floor":13.0,"turns":3.0},{"damage":1.0,"enemies":"Red Slaver","floor":14.0,"turns":3.0},{"damage":13.0,"enemies":"Slime Boss","floor":16.0,"turns":7.0},{"damage":6.0,"enemies":"Chosen","floor":18.0,"turns":4.0},{"damage":11.0,"enemies":"Spheric Guardian","floor":20.0,"turns":3.0},{"damage":17.0,"enemies":"Snecko","floor":22.0,"turns":5.0},{"damage":3.0,"enemies":"Slavers","floor":29.0,"turns":4.0},{"damage":1.0,"enemies":"Cultist and Chosen","floor":30.0,"turns":4.0},{"damage":23.0,"enemies":"Collector","floor":33.0,"turns":7.0},{"damage":0.0,"enemies":"Orb Walker","floor":35.0,"turns":2.0},{"damage":1.0,"enemies":"Mind Bloom Boss Battle","floor":37.0,"turns":4.0},{"damage":8.0,"enemies":"3 Darklings","floor":38.0,"turns":4.0},{"damage":0.0,"enemies":"4 Shapes","floor":39.0,"turns":4.0},{"damage":0.0,"enemies":"Reptomancer","floor":41.0,"turns":5.0},{"damage":1.0,"enemies":"2 Orb Walkers","floor":45.0,"turns":5.0},{"damage":0,"enemies":"Giant Head","floor":46,"turns":6},{"damage":0,"enemies":"Jaw Worm Horde","floor":48,"turns":2},{"damage":34,"enemies":"Time Eater","floor":50,"turns":10}],"seed_played":"1027491873146411738","potions_obtained":[{"floor":3.0,"key":"LiquidBronze"},{"floor":12.0,"key":"EssenceOfSteel"},{"floor":16.0,"key":"Ancient Potion"},{"floor":33.0,"key":"Ancient Potion"},{"floor":35.0,"key":"SteroidPotion"},{"floor":38.0,"key":"GhostInAJar"},{"floor":45.0,"key":"Explosive Potion"}],"is_trial":false,"path_per_floor":["M","M","M","?","$","R","E","R","T","R","?","M","M","M","R","B",null,"M","$","M","?","M","R","?","R","T","?","$","E","M","?","R","B",null,"M","?","?","M","M","R","E","R","T","R","?","E","?","M","R"],"character_chosen":"THE_SILENT","items_purchased":["HandOfGreed","Backflip"],"campfire_rested":2,"item_purchase_floors":[19,19],"current_hp_per_floor":[55,55,50,50,50,50,16,16,16,16,16,16,16,15,33,20,50,44,44,33,33,16,34,34,34,34,30,30,27,26,26,26,3,23,23,23,22,14,14,30,30,30,30,30,29,36,36,36,37,3],"gold":578,"neow_bonus":"RANDOM_COMMON_RELIC","is_prod":false,"is_daily":false,"chose_seed":false,"campfire_upgraded":6,"win_rate":0,"timestamp":1540058562,"path_taken":["M","M","M","?","$","R","E","R","T","R","?","M","M","M","R","BOSS","M","$","M","?","M","R","?","R","T","?","?","E","?","?","R","BOSS","M","?","?","M","M","R","E","R","T","R","?","E","?","M","R","BOSS"],"build_version":"2018-10-18","purchased_purges":1,"victory":false,"max_hp_per_floor":[66,66,66,60,60,60,60,60,60,60,60,60,60,60,60,60,60,60,60,60,60,60,60,60,60,60,30,30,30,30,30,30,30,30,30,30,30,30,30,30,30,30,30,30,30,37,37,37,37,37],"card_choices":[{"not_picked":["Bane","PiercingWail"],"picked":"Endless Agony","floor":1.0},{"not_picked":["Concentrate","Slice"],"picked":"Outmaneuver","floor":2.0},{"not_picked":["Quick Slash","Prepared"],"picked":"Predator","floor":3.0},{"not_picked":["Burst","Accuracy","Distraction"],"picked":"SKIP","floor":7.0},{"not_picked":["Slice","Poisoned Stab"],"picked":"Dagger Throw","floor":12.0},{"not_picked":["All Out Attack","Dagger Throw"],"picked":"Flying Knee","floor":13.0},{"not_picked":["Expertise","Tactician"],"picked":"Skewer","floor":14.0},{"not_picked":["Adrenaline","Corpse Explosion"],"picked":"A Thousand Cuts","floor":16.0},{"not_picked":["Blade Dance","Reflex","Outmaneuver"],"picked":"SKIP","floor":18.0},{"not_picked":["Acrobatics","Eviscerate","Endless Agony"],"picked":"SKIP","floor":20.0},{"not_picked":["Acrobatics","Endless Agony"],"picked":"Eviscerate","floor":20.0},{"not_picked":["Deflect","Dodge and Roll"],"picked":"Backflip","floor":22.0},{"not_picked":["Caltrops+1","Deflect"],"picked":"Footwork","floor":29.0},{"not_picked":["Bane","Acrobatics"],"picked":"Backstab+1","floor":30.0},{"not_picked":["Night Terror","After Image"],"picked":"Bullet Time","floor":33.0},{"not_picked":["Dodge and Roll+1","Noxious Fumes"],"picked":"Leg Sweep+1","floor":35.0},{"not_picked":["Caltrops","Cloak And Dagger"],"picked":"Backflip","floor":37.0},{"not_picked":["Prepared","Skewer"],"picked":"Blur+1","floor":38.0},{"not_picked":["Infinite Blades","Skewer","Bane+1"],"picked":"SKIP","floor":39.0},{"not_picked":["Acrobatics","Slice+1","Outmaneuver"],"picked":"SKIP","floor":41.0},{"not_picked":["Acrobatics","Underhanded Strike"],"picked":"Quick Slash+1","floor":45.0},{"not_picked":["Deadly Poison","Cloak And Dagger","Bane"],"picked":"SKIP","floor":46},{"not_picked":["Dagger Spray","Concentrate"],"picked":"Dash","floor":48}],"player_experience":773960,"relics_obtained":[{"floor":7.0,"key":"Sundial"},{"floor":9.0,"key":"Mercury Hourglass"},{"floor":26.0,"key":"Lantern"},{"floor":29.0,"key":"Dead Branch"},{"floor":37.0,"key":"Shovel"},{"floor":40.0,"key":"Meat on the Bone"},{"floor":41.0,"key":"Darkstone Periapt"},{"floor":42.0,"key":"The Courier"},{"floor":43.0,"key":"Ornamental Fan"},{"floor":45.0,"key":"Torii"},{"floor":46,"key":"Strawberry"},{"floor":49,"key":"Tiny Chest"}],"event_choices":[{"damage_healed":0.0,"max_hp_gain":0.0,"max_hp_loss":6.0,"gold_gain":0.0,"event_name":"Golden Idol","player_choice":"Lose Max HP","floor":4.0,"gold_loss":0.0,"damage_taken":0.0,"relics_obtained":["Golden Idol"]},{"damage_healed":0.0,"max_hp_gain":0.0,"max_hp_loss":0.0,"gold_gain":0.0,"event_name":"WeMeetAgain","player_choice":"Gave Potion","floor":11.0,"gold_loss":0.0,"damage_taken":0.0,"relics_obtained":["StoneCalendar"]},{"damage_healed":0.0,"max_hp_gain":0.0,"max_hp_loss":0.0,"gold_gain":0.0,"event_name":"Match and Keep!","player_choice":"1 cards matched","floor":21.0,"gold_loss":0.0,"damage_taken":0.0,"cards_obtained":["Bouncing Flask"]},{"damage_healed":0.0,"max_hp_gain":0.0,"max_hp_loss":0.0,"gold_gain":0.0,"cards_transformed":["Defend_G","Strike_G"],"event_name":"Drug Dealer","player_choice":"Became Test Subject","floor":24.0,"gold_loss":0.0,"damage_taken":0.0,"cards_obtained":["Poisoned Stab","Sucker Punch"]},{"damage_healed":0.0,"max_hp_gain":0.0,"max_hp_loss":30.0,"gold_gain":0.0,"event_name":"Ghosts","player_choice":"Became a Ghost","floor":27.0,"gold_loss":0.0,"damage_taken":0.0,"cards_obtained":["Ghostly","Ghostly","Ghostly","Ghostly","Ghostly"]},{"damage_healed":0.0,"max_hp_gain":0.0,"max_hp_loss":0.0,"gold_gain":0.0,"event_name":"Vampires","player_choice":"Ignored","floor":31.0,"gold_loss":0.0,"damage_taken":0.0},{"cards_removed":["Defend_G"],"damage_healed":0.0,"max_hp_gain":0.0,"max_hp_loss":0.0,"gold_gain":0.0,"event_name":"Purifier","player_choice":"Purged","floor":36.0,"gold_loss":0.0,"damage_taken":0.0},{"damage_healed":0.0,"max_hp_gain":0.0,"max_hp_loss":0.0,"gold_gain":0.0,"event_name":"MindBloom","player_choice":"Fight","floor":37.0,"gold_loss":0.0,"damage_taken":0.0},{"damage_healed":0.0,"max_hp_gain":0.0,"max_hp_loss":0.0,"gold_gain":0.0,"event_name":"Mysterious Sphere","player_choice":"Fight","floor":45.0,"gold_loss":0.0,"damage_taken":0.0},{"damage_healed":0,"gold_gain":0,"player_choice":"Trade","damage_taken":0,"relics_obtained":["GremlinMask"],"max_hp_gain":0,"max_hp_loss":0,"event_name":"FaceTrader","floor":47,"gold_loss":0}],"is_beta":false,"boss_relics":[{"not_picked":["Tiny House","Sozu"],"picked":"Snecko Eye"},{"not_picked":["Pandora\u0027s Box","Runic Dome"],"picked":"Eternal Feather"}],"items_purged_floors":[5],"is_endless":false,"potions_floor_spawned":[3,12,16,18,22,33,35,38,45,48],"killed_by":"Time Eater","ascension_level":19}