{"gold_per_floor":[116,116,130,280,205,205,72,72,72,90,90,15,48,67,67,141,141,141,141,19,19,0,0,0,0,0,0,0,0,0,0,0,0],"floor_reached":33,"playtime":960,"items_purged":["Strike_B"],"score":478,"play_id":"45f1d224-5549-4eea-94eb-565a44f33068","local_time":"20180922214016","is_ascension_mode":true,"campfire_choices":[{"data":"Zap","floor":6.0,"key":"SMITH"},{"data":"Loop","floor":8.0,"key":"SMITH"},{"data":"Sunder","floor":11.0,"key":"SMITH"},{"data":"Go for the Eyes","floor":15.0,"key":"SMITH"},{"data":"Enlightenment","floor":24.0,"key":"SMITH"},{"floor":27,"key":"REST"},{"data":"Ball Lightning","floor":32,"key":"SMITH"}],"neow_cost":"NONE","seed_source_timestamp":625091433232891,"circlet_count":0,"master_deck":["Strike_B","Strike_B","Defend_B","Defend_B","Defend_B","Defend_B","Zap+1","Dualcast","AscendersBane","Self Repair","Sweeping Beam","Sunder+1","Loop+1","Auto Shields","Go for the Eyes+1","Core Surge","Ball Lightning+1","Enlightenment+1","Leap"],"special_seed":0,"relics":["Cracked Core","Singing Bowl","Boot","Ectoplasm","Happy Flower"],"potions_floor_usage":[33,33],"damage_taken":[{"damage":12.0,"enemies":"Jaw Worm","floor":1.0,"turns":2.0},{"damage":10.0,"enemies":"Small Slimes","floor":3.0,"turns":3.0},{"damage":1.0,"enemies":"Cultist","floor":10.0,"turns":3.0},{"damage":15.0,"enemies":"Gremlin Nob","floor":13.0,"turns":4.0},{"damage":1.0,"enemies":"2 Fungi Beasts","floor":14.0,"turns":3.0},{"damage":43.0,"enemies":"Hexaghost","floor":16.0,"turns":10.0},{"damage":27.0,"enemies":"Shell Parasite","floor":18.0,"turns":4.0},{"damage":20.0,"enemies":"2 Thieves","floor":22.0,"turns":4.0},{"damage":22.0,"enemies":"3 Cultists","floor":23.0,"turns":5.0},{"damage":23,"enemies":"Chosen and Byrds","floor":25,"turns":6},{"damage":16,"enemies":"Centurion and Healer","floor":29,"turns":6},{"damage":7,"enemies":"Snecko","floor":31,"turns":5},{"damage":39,"enemies":"Champ","floor":33,"turns":9}],"seed_played":"-7541182226409778942","potions_obtained":[{"floor":1.0,"key":"PowerPotion"},{"floor":10.0,"key":"SpeedPotion"},{"floor":22.0,"key":"Energy Potion"},{"floor":25,"key":"Poison Potion"}],"is_trial":false,"path_per_floor":["M","?","M","?","?","R","$","R","T","M","R","$","E","M","R","B",null,"M","?","$","?","M","M","R","M","T","R","$","M","?","M","R"],"character_chosen":"DEFECT","items_purchased":["Sunder","Loop","Enlightenment"],"campfire_rested":1,"item_purchase_floors":[7,7,20],"current_hp_per_floor":[59,64,61,61,61,61,61,61,61,67,67,67,59,67,67,31,72,52,52,52,52,41,28,28,14,14,41,41,32,32,34,34,0],"gold":0,"neow_bonus":"TEN_PERCENT_HP_BONUS","is_prod":false,"is_daily":false,"chose_seed":false,"campfire_upgraded":6,"win_rate":0,"timestamp":1537666816,"path_taken":["M","?","M","?","?","R","$","R","T","M","R","?","E","?","R","BOSS","M","?","$","?","M","M","R","M","T","R","$","M","?","M","R","BOSS"],"build_version":"2018-09-20","purchased_purges":1,"victory":false,"max_hp_per_floor":[78,83,83,83,83,83,83,83,83,83,83,83,83,85,85,85,85,85,85,85,85,87,89,89,91,91,91,91,91,91,93,93,93],"card_choices":[{"not_picked":["Sunder","FTL"],"picked":"Self Repair","floor":1.0},{"not_picked":["Turbo","Recycle"],"picked":"Sweeping Beam","floor":3.0},{"not_picked":["Skim","Rebound"],"picked":"Auto Shields","floor":10.0},{"not_picked":["Storm","Compile Driver"],"picked":"Go for the Eyes","floor":13.0},{"not_picked":["Barrage","Coolheaded","Redo"],"picked":"Singing Bowl","floor":14.0},{"not_picked":["Rainbow","All For One"],"picked":"Core Surge","floor":16.0},{"not_picked":["Go for the Eyes","Lockon"],"picked":"Ball Lightning","floor":18.0},{"not_picked":["Compile Driver","Barrage","Steam"],"picked":"Singing Bowl","floor":22.0},{"not_picked":["Fusion","Blizzard","Undo"],"picked":"Singing Bowl","floor":23.0},{"not_picked":["Steam","Darkness","Sweeping Beam"],"picked":"Singing Bowl","floor":25},{"not_picked":["Coolheaded","Barrage"],"picked":"Leap","floor":29},{"not_picked":["Sweeping Beam","Turbo","Barrage+1"],"picked":"Singing Bowl","floor":31}],"player_experience":691052,"relics_obtained":[{"floor":9.0,"key":"Singing Bowl"},{"floor":13.0,"key":"Boot"},{"floor":26,"key":"Happy Flower"}],"event_choices":[{"event_name":"Big Fish","player_choice":"Donut","floor":2.0,"damage_taken":0.0},{"event_name":"Liars Game","player_choice":"agreed","floor":4.0,"damage_taken":0.0},{"event_name":"The Cleric","player_choice":"Card Removal","floor":5.0,"damage_taken":0.0},{"event_name":"Purifier","player_choice":"One Purge","floor":19.0,"damage_taken":0.0},{"event_name":"Beggar","player_choice":"Ignored","floor":21.0,"damage_taken":0.0},{"event_name":"Golden Shrine","player_choice":"Pray","floor":30,"damage_taken":0}],"is_beta":false,"boss_relics":[{"not_picked":["Empty Cage","Fusion Hammer"],"picked":"Ectoplasm"}],"items_purged_floors":[12],"is_endless":false,"potions_floor_spawned":[1,10,22,25,29],"killed_by":"Champ","ascension_level":17}