{"gold_per_floor":[115,40,54,67,67,67,102,102,102,128,138,164,179,199,199,303,303,318,368,368,368,387,387,403,422,490,490,490,507,527,64,64,64],"floor_reached":33,"playtime":2011,"items_purged":["Strike_R","Defend_R"],"score":429,"play_id":"16266a17-aa22-4af9-adb9-f373ad2a4805","local_time":"20180706180208","is_ascension_mode":true,"campfire_choices":[{"data":"Whirlwind","floor":6,"key":"SMITH"},{"data":"Headbutt","floor":8,"key":"SMITH"},{"data":"Warcry","floor":15,"key":"SMITH"},{"data":"Inflame","floor":23,"key":"SMITH"},{"data":"Metallicize","floor":27,"key":"SMITH"},{"data":"Rage","floor":32,"key":"SMITH"}],"neow_cost":"","seed_source_timestamp":555390838540124,"circlet_count":0,"master_deck":["Defend_R","Defend_R","Defend_R","Bash","AscendersBane","Whirlwind+1","Warcry+1","Shockwave","Headbutt+1","Warcry","Inflame+1","Inflame","Reaper","Second Wind+1","Bite","Bite","Bite","Bite","Bite","Armaments+1","Metallicize+1","Seeing Red","Rage+1","Metallicize+1"],"relics":["Burning Blood","Ornamental Fan","Pantograph","Letter Opener","Centennial Puzzle","Runic Pyramid","Meat on the Bone","DollysMirror","Dream Catcher"],"potions_floor_usage":[7,18,29,30,33,33],"damage_taken":[{"damage":5,"enemies":"Small Slimes","floor":1,"turns":4},{"damage":6,"enemies":"Cultist","floor":3,"turns":4},{"damage":2,"enemies":"2 Louse","floor":4,"turns":4},{"damage":20,"enemies":"Gremlin Nob","floor":7,"turns":4},{"damage":18,"enemies":"3 Sentries","floor":10,"turns":3},{"damage":6,"enemies":"2 Fungi Beasts","floor":11,"turns":2},{"damage":18,"enemies":"Gremlin Nob","floor":12,"turns":4},{"damage":6,"enemies":"Exordium Wildlife","floor":13,"turns":3},{"damage":0,"enemies":"Large Slime","floor":14,"turns":5},{"damage":44,"enemies":"The Guardian","floor":16,"turns":11},{"damage":39,"enemies":"2 Thieves","floor":18,"turns":4},{"damage":44,"enemies":"Shell Parasite","floor":22,"turns":7},{"damage":22,"enemies":"Sentry and Sphere","floor":24,"turns":5},{"damage":31,"enemies":"Centurion and Healer","floor":25,"turns":6},{"damage":49,"enemies":"Slaver and Parasite","floor":29,"turns":8},{"damage":39,"enemies":"3 Cultists","floor":30,"turns":4},{"damage":108,"enemies":"Champ","floor":33,"turns":19}],"seed_played":"6567764384658149809","potions_obtained":[{"floor":1,"key":"SkillPotion"},{"floor":3,"key":"LiquidBronze"},{"floor":10,"key":"Poison Potion"},{"floor":14,"key":"SteroidPotion"},{"floor":16,"key":"Energy Potion"},{"floor":18,"key":"Energy Potion"},{"floor":29,"key":"SkillPotion"}],"is_trial":false,"path_per_floor":["M","$","M","M","?","R","E","R","T","E","M","E","M","M","R","B",null,"M","?","?","?","M","R","M","M","T","R","?","M","M","$","R"],"character_chosen":"IRONCLAD","items_purchased":["DollysMirror","Dream Catcher"],"campfire_rested":0,"item_purchase_floors":[31,31],"current_hp_per_floor":[73,73,73,77,77,77,63,63,63,51,51,39,39,45,45,32,68,55,55,55,55,47,47,43,51,51,51,51,43,50,50,50,0],"gold":64,"neow_bonus":"","is_prod":false,"is_daily":false,"chose_seed":false,"campfire_upgraded":6,"win_rate":0,"timestamp":1530914528,"path_taken":["M","$","M","M","?","R","E","R","T","E","M","E","M","?","R","BOSS","M","?","?","?","M","R","M","M","T","R","?","M","?","$","R","BOSS"],"build_version":"2018-07-05","purchased_purges":2,"victory":false,"max_hp_per_floor":[80,80,80,80,80,80,80,80,80,80,80,80,80,80,80,80,80,80,80,56,56,56,56,56,56,56,56,56,56,56,56,56,56],"card_choices":[{"not_picked":["Havoc","Wild Strike"],"picked":"Whirlwind","floor":1},{"not_picked":["Anger","Twin Strike"],"picked":"Warcry","floor":3},{"not_picked":["Havoc","Feel No Pain"],"picked":"Shockwave","floor":4},{"not_picked":["Brutality","Armaments"],"picked":"Headbutt","floor":7},{"not_picked":["Whirlwind","Shockwave"],"picked":"Warcry","floor":10},{"not_picked":["Flame Barrier","Wild Strike"],"picked":"Inflame","floor":11},{"not_picked":["Cleave","Searing Blow","Iron Wave"],"picked":"SKIP","floor":12},{"not_picked":["Pommel Strike","Cleave","Entrench"],"picked":"SKIP","floor":13},{"not_picked":["Anger","Corruption"],"picked":"Inflame","floor":14},{"not_picked":["Feed","Exhume"],"picked":"Reaper","floor":16},{"not_picked":["Headbutt","Twin Strike"],"picked":"Second Wind+1","floor":18},{"not_picked":["Whirlwind","Headbutt+1"],"picked":"Armaments+1","floor":22},{"not_picked":["Flex","Juggernaut","Warcry"],"picked":"SKIP","floor":24},{"not_picked":["Carnage","Fire Breathing"],"picked":"Metallicize","floor":25},{"not_picked":["Burning Pact","Havoc","Warcry"],"picked":"SKIP","floor":29},{"not_picked":["Headbutt+1","Havoc"],"picked":"Rage","floor":30}],"player_experience":384046,"relics_obtained":[{"floor":7,"key":"Ornamental Fan"},{"floor":9,"key":"Pantograph"},{"floor":10,"key":"Letter Opener"},{"floor":12,"key":"Centennial Puzzle"},{"floor":26,"key":"Meat on the Bone"}],"event_choices":[{"event_name":"Purifier","player_choice":"One Purge","floor":5,"damage_taken":0},{"event_name":"The Joust","player_choice":"Bet on Murderer","floor":19,"damage_taken":0},{"event_name":"Vampires","player_choice":"Became a vampire","floor":20,"damage_taken":0},{"event_name":"Ghosts","player_choice":"Ignored","floor":21,"damage_taken":0},{"event_name":"The Library","player_choice":"Read","floor":28,"damage_taken":0}],"boss_relics":[{"not_picked":["Tiny House","Astrolabe"],"picked":"Runic Pyramid"}],"items_purged_floors":[2,31],"is_endless":false,"potions_floor_spawned":[1,3,10,14,16,18,25,29],"killed_by":"Champ","ascension_level":10}