{"gold_per_floor":[110,129,3,3,27,68,68,68,68,68,101,101,135,151,151,271,271,271],"floor_reached":18,"playtime":1495,"items_purged":["Strike_B"],"score":196,"play_id":"0896bc79-a7b7-4385-ab8c-f9e8fb410417","local_time":"20180818163200","is_ascension_mode":true,"campfire_choices":[{"data":"Coolheaded","floor":7,"key":"SMITH"},{"data":"Blizzard","floor":15,"key":"SMITH"}],"neow_cost":"NONE","seed_source_timestamp":52020234586542,"circlet_count":0,"master_deck":["Strike_B","Strike_B","Defend_B","Defend_B","Defend_B","Zap","Dualcast","Undo","Coolheaded+1","Ball Lightning","Gash","Conserve Battery","Glacier","Chill","Blizzard+1","Reboot"],"relics":["FrozenCore","Golden Idol","Cables","Bag of Preparation","Dodecahedron","GremlinMask","Bag of Marbles"],"potions_floor_usage":[6],"damage_taken":[{"damage":8,"enemies":"2 Louse","floor":1,"turns":3},{"damage":0,"enemies":"Jaw Worm","floor":2,"turns":4},{"damage":0,"enemies":"Cultist","floor":5,"turns":3},{"damage":2,"enemies":"Gremlin Nob","floor":6,"turns":4},{"damage":5,"enemies":"3 Sentries","floor":11,"turns":7},{"damage":1,"enemies":"Lagavulin","floor":13,"turns":9},{"damage":0,"enemies":"Blue Slaver","floor":14,"turns":3},{"damage":12,"enemies":"Hexaghost","floor":16,"turns":13},{"damage":0,"enemies":"Chosen","floor":18,"turns":1}],"seed_played":"-6265149867117362960","potions_obtained":[{"floor":5,"key":"FocusPotion"},{"floor":6,"key":"Weak Potion"},{"floor":16,"key":"Strength Potion"}],"is_trial":false,"path_per_floor":["M","M","$","?","M","E","R","?","T","$","E","?","E","M","R","B",null],"character_chosen":"DEFECT","items_purchased":["Gash"],"campfire_rested":0,"item_purchase_floors":[3],"current_hp_per_floor":[67,67,67,49,49,47,47,47,47,47,42,42,41,41,41,29,75,75],"gold":271,"neow_bonus":"TRANSFORM_CARD","is_prod":false,"is_daily":false,"chose_seed":false,"campfire_upgraded":2,"win_rate":0,"timestamp":1534606320,"path_taken":["M","M","$","?","M","E","R","?","T","$","E","?","E","M","R","BOSS","M"],"build_version":"2018-08-16","purchased_purges":1,"victory":false,"max_hp_per_floor":[75,75,75,75,75,75,75,75,75,75,75,75,75,75,75,75,75,75],"card_choices":[{"not_picked":["Redo","Steam Power"],"picked":"Coolheaded","floor":1},{"not_picked":["Rebound","Gash"],"picked":"Ball Lightning","floor":2},{"not_picked":["Hologram","Cold Snap"],"picked":"Conserve Battery","floor":5},{"not_picked":["Cold Snap","Chaos"],"picked":"Glacier","floor":6},{"not_picked":["Leap","Reboot"],"picked":"Chill","floor":11},{"not_picked":["Consume","Sunder"],"picked":"Blizzard","floor":13},{"not_picked":["Cold Snap","Rip and Tear","Hologram"],"picked":"SKIP","floor":14},{"not_picked":["Fission","All For One"],"picked":"Reboot","floor":16}],"player_experience":432925,"relics_obtained":[{"floor":6,"key":"Cables"},{"floor":9,"key":"Bag of Preparation"},{"floor":11,"key":"Dodecahedron"},{"floor":13,"key":"Bag of Marbles"}],"event_choices":[{"event_name":"Golden Idol","player_choice":"Take Damage","floor":4,"damage_taken":0},{"event_name":"Living Wall","player_choice":"Forget","floor":8,"damage_taken":0},{"event_name":"FaceTrader","player_choice":"Trade","floor":12,"damage_taken":0}],"is_beta":false,"boss_relics":[{"not_picked":["Runic Dome","Busted Crown"],"picked":"FrozenCore"}],"items_purged_floors":[3],"is_endless":false,"potions_floor_spawned":[5,6,16],"killed_by":"Chosen","ascension_level":2}