{"gold_per_floor":[117,117,117,117,42,42,42,42,67,67,91,124,149,182,182,311,311,324,343,343,374,399,399,8,8,8,8,8,8,24,62,62,187,187,210,543,193,204,48,48,60,60,83,94,94,94,94,119,119,119],"floor_reached":51,"playtime":4163,"items_purged":["Strike_B","Defend_B","Defend_B"],"score":722,"play_id":"6e2eeba6-6d97-4882-8810-cf9ec6c75191","local_time":"20180819230917","is_ascension_mode":false,"campfire_choices":[{"data":"Dualcast","floor":6.0,"key":"SMITH"},{"data":"Biased Cognition","floor":8.0,"key":"SMITH"},{"floor":10.0,"key":"REST"},{"data":"Conserve Battery","floor":15.0,"key":"SMITH"},{"floor":23.0,"key":"REST"},{"data":"Sunder","floor":27.0,"key":"SMITH"},{"floor":29.0,"key":"REST"},{"data":"Echo Form","floor":32,"key":"SMITH"},{"data":"Go for the Eyes","floor":40,"key":"SMITH"},{"data":"Defragment","floor":42,"key":"SMITH"},{"data":"Amplify","floor":47,"key":"SMITH"},{"floor":49,"key":"REST"}],"neow_cost":"","seed_source_timestamp":0,"circlet_count":0,"master_deck":["Defend_B","Coolheaded","Hologram","Biased Cognition+1","Conserve Battery+1","Biased Cognition","Echo Form+1","BootSequence+1","Defragment+1","Ball Lightning+1","Go for the Eyes+1","Bite","Bite","Bite","Bite","Bite","Amplify+1","Storm","Sunder+1","Glacier+1","Self Repair+1","FTL+1","Reboot","Static Discharge+1","Sunder+1","Electrodynamics","Aggregate+1","Trip","Mind Blast+1"],"special_seed":0,"relics":["Cracked Core","Ornamental Fan","Cables","Prayer Wheel","Inserter","Red Mask","DataDisk","Molten Egg 2","Happy Flower","Sozu","Lantern","Strawberry","Boot"],"potions_floor_usage":[33],"damage_taken":[{"damage":0.0,"enemies":"Small Slimes","floor":1.0,"turns":2.0},{"damage":0.0,"enemies":"2 Louse","floor":11.0,"turns":3.0},{"damage":16.0,"enemies":"3 Sentries","floor":12.0,"turns":9.0},{"damage":0.0,"enemies":"Jaw Worm","floor":13.0,"turns":2.0},{"damage":22.0,"enemies":"Gremlin Nob","floor":14.0,"turns":4.0},{"damage":19.0,"enemies":"Hexaghost","floor":16.0,"turns":11.0},{"damage":23.0,"enemies":"Spheric Guardian","floor":18.0,"turns":10.0},{"damage":6.0,"enemies":"3 Byrds","floor":19.0,"turns":6.0},{"damage":46.0,"floor":21.0,"turns":6.0},{"damage":4.0,"enemies":"Snake Plant","floor":22.0,"turns":6.0},{"damage":10.0,"enemies":"Cultist and Chosen","floor":30.0,"turns":6.0},{"damage":24,"enemies":"Slavers","floor":31,"turns":3},{"damage":0,"enemies":"Collector","floor":33,"turns":7},{"damage":12,"enemies":"Flame Bruiser 1 Orb","floor":35,"turns":7},{"damage":0,"enemies":"3 Darklings","floor":38,"turns":2},{"damage":0,"enemies":"Spire Growth","floor":41,"turns":3},{"damage":7,"enemies":"Flame Bruiser 2 Orb","floor":44,"turns":7},{"damage":35,"enemies":"Nemesis","floor":48,"turns":6},{"damage":41,"enemies":"Awakened One","floor":50,"turns":9}],"seed_played":"-886939267126714650","potions_obtained":[{"floor":1.0,"key":"Dexterity Potion"},{"floor":11.0,"key":"PowerPotion"},{"floor":14.0,"key":"Fire Potion"},{"floor":18.0,"key":"AttackPotion"},{"floor":22.0,"key":"Regen Potion"},{"floor":30.0,"key":"Poison Potion"}],"is_trial":false,"path_per_floor":["M","?","?","?","$","R","?","R","T","R","M","E","M","E","R","B",null,"M","M","?","?","M","R","$","?","T","R","$","R","M","E","R","B",null,"M","?","$","M","$","R","M","R","T","M","?","?","R","E","R","B"],"character_chosen":"DEFECT","items_purchased":["Storm","Sunder","DataDisk","Sunder+1","Electrodynamics","Lantern"],"campfire_rested":4,"item_purchase_floors":[24,24,24,37,37,39],"current_hp_per_floor":[75,63,56,38,38,38,38,38,38,60,62,48,50,30,30,13,75,52,48,48,12,10,32,32,32,32,32,32,54,74,60,60,70,75,75,75,75,75,75,75,75,75,82,79,74,74,74,65,82,67],"gold":119,"neow_bonus":"","is_prod":false,"is_daily":false,"chose_seed":false,"campfire_upgraded":8,"win_rate":0,"timestamp":1534716557,"path_taken":["M","?","?","?","$","R","?","R","T","R","M","E","M","E","R","BOSS","M","M","?","?","?","R","$","?","T","R","?","R","M","E","R","BOSS","M","?","$","M","$","R","M","R","T","M","?","?","R","E","R","BOSS"],"build_version":"2018-08-16","purchased_purges":3,"victory":true,"max_hp_per_floor":[75,75,75,75,75,75,75,75,75,75,75,75,75,75,75,75,75,75,75,75,75,75,75,75,75,75,75,75,75,75,75,75,75,75,75,75,75,75,75,75,75,75,82,82,82,82,82,82,82,82],"card_choices":[{"not_picked":["Scrape","Sweeping Beam"],"picked":"Coolheaded","floor":1.0},{"not_picked":["Hologram","Ball Lightning"],"picked":"Conserve Battery","floor":11.0},{"not_picked":["Tempest","Sweeping Beam","Compile Driver"],"picked":"SKIP","floor":12.0},{"not_picked":["Recycle","Hologram","Compile Driver"],"picked":"SKIP","floor":13.0},{"not_picked":["Conserve Battery","Aggregate"],"picked":"Biased Cognition","floor":14.0},{"not_picked":["Electrodynamics","Rainbow"],"picked":"Echo Form","floor":16.0},{"not_picked":["Gash+1","Lockon"],"picked":"BootSequence+1","floor":18.0},{"not_picked":["Fusion","Coolheaded"],"picked":"Defragment","floor":18.0},{"not_picked":["Tempest","Double Energy"],"picked":"Ball Lightning+1","floor":19.0},{"not_picked":["Melter+1","Rebound"],"picked":"Go for the Eyes","floor":19.0},{"not_picked":["Streamline","Leap"],"picked":"Amplify","floor":22.0},{"not_picked":["Gash+1","Go for the Eyes","Stack"],"picked":"SKIP","floor":22.0},{"not_picked":["Melter+1","Coolheaded"],"picked":"Glacier+1","floor":30.0},{"not_picked":["Cold Snap+1","Turbo"],"picked":"Self Repair+1","floor":30.0},{"not_picked":["Hello World","Ball Lightning+1"],"picked":"FTL+1","floor":31},{"not_picked":["Hyperbeam+1","Rainbow"],"picked":"Reboot","floor":33},{"not_picked":["Coolheaded","Storm"],"picked":"Static Discharge+1","floor":35},{"not_picked":["Gash+1","Steam Power+1","Double Energy"],"picked":"SKIP","floor":35},{"not_picked":["Blizzard+1","Rip and Tear+1","Compile Driver+1"],"picked":"SKIP","floor":38},{"not_picked":["Cold Snap+1","Rip and Tear+1","Skim+1"],"picked":"SKIP","floor":38},{"not_picked":["Streamline+1","Sweeping Beam+1"],"picked":"Aggregate+1","floor":41},{"not_picked":["Leap","Streamline+1","Barrage+1"],"picked":"SKIP","floor":41},{"not_picked":["Coolheaded","Redo","Rip and Tear+1"],"picked":"SKIP","floor":44},{"not_picked":["Fusion+1","Thunder Strike+1","Steam+1"],"picked":"SKIP","floor":44},{"not_picked":["Bandage Up","Transmutation"],"picked":"Trip","floor":45},{"not_picked":["Madness","Discovery"],"picked":"Mind Blast+1","floor":45},{"not_picked":["Recycle","Chaos","Steam Power+1"],"picked":"SKIP","floor":48}],"player_experience":451084,"relics_obtained":[{"floor":9.0,"key":"Blood Vial"},{"floor":12.0,"key":"Cables"},{"floor":14.0,"key":"Prayer Wheel"},{"floor":21.0,"key":"Red Mask"},{"floor":26.0,"key":"Molten Egg 2"},{"floor":31,"key":"Happy Flower"},{"floor":43,"key":"Strawberry"},{"floor":48,"key":"Boot"}],"event_choices":[{"event_name":"Scrap Ooze","player_choice":"success","floor":2.0,"damage_taken":12.0},{"event_name":"Golden Wing","player_choice":"Card Removal","floor":3.0,"damage_taken":0.0},{"event_name":"Golden Idol","player_choice":"Take Damage","floor":4.0,"damage_taken":0.0},{"event_name":"Match and Keep!","player_choice":"2 cards matched","floor":7.0,"damage_taken":0.0},{"event_name":"Vampires","player_choice":"Became a vampire (Vial)","floor":20.0,"damage_taken":0.0},{"event_name":"Masked Bandits","player_choice":"Fought Bandits","floor":21.0,"damage_taken":0.0},{"event_name":"Back to Basics","player_choice":"Elegance","floor":25.0,"damage_taken":0.0},{"event_name":"The Moai Head","player_choice":"Gave Idol","floor":36,"damage_taken":0},{"event_name":"SensoryStone","player_choice":"Memory 2","floor":45,"damage_taken":0},{"event_name":"Falling","player_choice":"Removed Skill","floor":46,"damage_taken":0}],"is_beta":false,"boss_relics":[{"not_picked":["Fusion Hammer","Runic Dome"],"picked":"Inserter"},{"not_picked":["Snecko Eye","Pandora\u0027s Box"],"picked":"Sozu"}],"items_purged_floors":[5,24,37],"is_endless":false,"potions_floor_spawned":[1,11,14,18,22,30,41,48],"ascension_level":0}