{"gold_per_floor":[110,110,60,60,76,109,127,157,204,221,241,266,35,50,50,153,203,214,214,394,37,70,96,96,108,108,108,126,126,158,177,177,276,276,286,386,386,96,114,146,146,180,180,180,206,226,238,266,266,266],"floor_reached":51,"playtime":3467,"items_purged":["Strike_R","True Grit"],"score":1101,"play_id":"25fe4323-c83c-4558-90b4-a53d2f51705d","local_time":"20190118113906","is_ascension_mode":true,"campfire_choices":[{"data":"Juggernaut","floor":15,"key":"SMITH"},{"data":"Body Slam","floor":24,"key":"SMITH"},{"data":"Body Slam","floor":27,"key":"SMITH"},{"data":"Entrench","floor":32,"key":"SMITH"},{"data":"Bloodletting","floor":41,"key":"SMITH"},{"data":"Juggernaut","floor":44,"key":"SMITH"},{"data":"Demon Form","floor":49,"key":"SMITH"}],"neow_cost":"CURSE","seed_source_timestamp":62910625485568,"circlet_count":0,"master_deck":["Defend_R","Defend_R","Defend_R","Defend_R+1","Bash","Juggernaut+1","Immolate+1","Shrug It Off+1","Battle Trance","Reckless Charge+1","Iron Wave","Body Slam+1","Shrug It Off","Shrug It Off","Power Through","Demon Form+1","Intimidate","Impervious","Feed","Entrench+1","Body Slam+1","Bloodletting+1","Body Slam+1","Iron Wave","Juggernaut+1","Shrug It Off","Juggernaut+1","Flame Barrier+1","Power Through+1","Warcry+1","Havoc+1"],"relics":["Black Blood","Darkstone Periapt","Self Forming Clay","War Paint","Pen Nib","Gremlin Horn","Toolbox","Tiny House","Bronze Scales","Ancient Tea Set","Bottled Tornado","Bag of Preparation","Incense Burner","DollysMirror","Omamori","Dream Catcher","Happy Flower","Strawberry"],"potions_floor_usage":[6,8,16,18,23,36,40,42,48,48],"damage_taken":[{"damage":1,"enemies":"Cultist","floor":1,"turns":3},{"damage":0,"enemies":"Small Slimes","floor":5,"turns":1},{"damage":28,"enemies":"Lagavulin","floor":6,"turns":8},{"damage":6,"enemies":"2 Louse","floor":7,"turns":2},{"damage":21,"enemies":"Gremlin Nob","floor":8,"turns":4},{"damage":0,"enemies":"Gremlin Gang","floor":10,"turns":1},{"damage":5,"enemies":"Blue Slaver","floor":11,"turns":3},{"damage":0,"enemies":"3 Sentries","floor":12,"turns":4},{"damage":0,"enemies":"Exordium Thugs","floor":14,"turns":2},{"damage":12,"enemies":"The Guardian","floor":16,"turns":9},{"damage":0,"enemies":"3 Byrds","floor":18,"turns":4},{"damage":7,"enemies":"Shell Parasite","floor":22,"turns":5},{"damage":0,"enemies":"Slavers","floor":23,"turns":4},{"damage":0,"enemies":"Sentry and Sphere","floor":25,"turns":1},{"damage":12,"enemies":"Cultist and Chosen","floor":28,"turns":3},{"damage":0,"enemies":"Gremlin Leader","floor":30,"turns":4},{"damage":0,"enemies":"Centurion and Healer","floor":31,"turns":5},{"damage":31,"enemies":"Automaton","floor":33,"turns":8},{"damage":0,"enemies":"Orb Walker","floor":35,"turns":4},{"damage":5,"enemies":"Mind Bloom Boss Battle","floor":36,"turns":6},{"damage":27,"enemies":"3 Darklings","floor":39,"turns":4},{"damage":3,"enemies":"Nemesis","floor":40,"turns":5},{"damage":23,"enemies":"Giant Head","floor":42,"turns":7},{"damage":0,"enemies":"Writhing Mass","floor":46,"turns":4},{"damage":14,"enemies":"Spire Growth","floor":47,"turns":4},{"damage":8,"enemies":"Nemesis","floor":48,"turns":7},{"damage":49,"enemies":"Donu and Deca","floor":50,"turns":7}],"seed_played":"6760993615877634648","potions_obtained":[{"floor":5,"key":"Regen Potion"},{"floor":6,"key":"GamblersBrew"},{"floor":7,"key":"Dexterity Potion"},{"floor":16,"key":"AttackPotion"},{"floor":17,"key":"BloodPotion"},{"floor":18,"key":"Energy Potion"},{"floor":22,"key":"Poison Potion"},{"floor":35,"key":"Ancient Potion"},{"floor":42,"key":"AttackPotion"},{"floor":46,"key":"Weak Potion"}],"is_trial":false,"path_per_floor":["M","T","?","?","M","E","M","E","T","M","M","E","$","M","R","B",null,"M","?","?","$","M","E","R","M","T","R","M","?","E","M","R","B",null,"M","?","?","$","M","E","R","E","T","R","T","M","M","E","R","B",null],"character_chosen":"IRONCLAD","items_purchased":["Toolbox","True Grit","Bronze Scales","Entrench","Swift Potion","DollysMirror"],"campfire_rested":0,"item_purchase_floors":[13,13,21,21,21,38],"current_hp_per_floor":[80,80,80,80,80,67,67,52,52,58,59,65,65,71,71,65,85,85,85,61,61,60,69,69,75,75,75,72,72,78,84,84,59,91,91,91,91,91,74,81,81,68,68,68,68,78,74,86,86,47],"gold":266,"neow_bonus":"TRANSFORM_TWO_CARDS","is_prod":false,"is_daily":false,"chose_seed":false,"campfire_upgraded":7,"win_rate":0,"timestamp":1547829546,"path_taken":["M","?","?","?","M","E","M","E","T","?","M","E","$","M","R","BOSS","M","?","?","$","M","E","R","?","T","R","M","?","E","?","R","BOSS","M","?","?","$","M","E","R","E","T","R","?","M","?","E","R","BOSS"],"build_version":"2019-01-17v2","purchased_purges":2,"victory":true,"max_hp_per_floor":[80,80,80,80,80,80,80,80,80,80,80,80,80,80,80,80,85,85,85,85,85,85,88,88,88,88,88,91,91,91,91,91,91,91,91,91,91,91,91,91,91,91,91,91,91,91,91,101,101,101],"card_choices":[{"not_picked":["Perfected Strike","Iron Wave"],"picked":"Shrug It Off","floor":1},{"not_picked":["Pommel Strike","Cleave"],"picked":"Battle Trance","floor":5},{"not_picked":["Wild Strike","Heavy Blade"],"picked":"Reckless Charge","floor":6},{"not_picked":["Feed","Reckless Charge"],"picked":"Iron Wave","floor":7},{"not_picked":["Pommel Strike","Reaper"],"picked":"Body Slam","floor":8},{"not_picked":["Carnage","Heavy Blade"],"picked":"Shrug It Off","floor":10},{"not_picked":["Thunderclap","Pommel Strike"],"picked":"Shrug It Off","floor":11},{"not_picked":["Rampage","Carnage","Shockwave"],"picked":"SKIP","floor":12},{"not_picked":["True Grit","Clash"],"picked":"Power Through","floor":14},{"not_picked":["Berserk","Immolate"],"picked":"Demon Form","floor":16},{"not_picked":["Clothesline","Warcry"],"picked":"Intimidate","floor":17},{"not_picked":["Anger","Thunderclap","Pommel Strike"],"picked":"SKIP","floor":18},{"not_picked":["Armaments","Shrug It Off"],"picked":"Body Slam","floor":22},{"not_picked":["Disarm","Inflame"],"picked":"Bloodletting","floor":23},{"not_picked":["Carnage","Bloodletting"],"picked":"Body Slam","floor":25},{"not_picked":["Intimidate","True Grit","Twin Strike+1"],"picked":"SKIP","floor":28},{"not_picked":["Demon Form","Searing Blow","Headbutt+1"],"picked":"SKIP","floor":30},{"not_picked":["Inflame","Headbutt+1"],"picked":"Iron Wave","floor":31},{"not_picked":["Reaper","Bludgeon"],"picked":"Juggernaut","floor":33},{"not_picked":["Pommel Strike","Rage","Thunderclap"],"picked":"SKIP","floor":35},{"not_picked":["Rampage+1","Berserk"],"picked":"Shrug It Off","floor":36},{"not_picked":["True Grit+1","Wild Strike+1"],"picked":"Flame Barrier+1","floor":39},{"not_picked":["Clash+1","Headbutt+1","Hemokinesis+1"],"picked":"SKIP","floor":40},{"not_picked":["Iron Wave+1","Bloodletting"],"picked":"Power Through+1","floor":42},{"not_picked":["Flex","Clothesline"],"picked":"Warcry+1","floor":46},{"not_picked":["Searing Blow+1","Warcry","Armaments"],"picked":"SKIP","floor":47},{"not_picked":["Spot Weakness+1","Blood for Blood"],"picked":"Havoc+1","floor":48}],"player_experience":151143,"relics_obtained":[{"floor":2,"key":"Darkstone Periapt"},{"floor":6,"key":"Self Forming Clay"},{"floor":8,"key":"War Paint"},{"floor":9,"key":"Pen Nib"},{"floor":12,"key":"Gremlin Horn"},{"floor":23,"key":"Ancient Tea Set"},{"floor":26,"key":"Bottled Tornado"},{"floor":30,"key":"Bag of Preparation"},{"floor":36,"key":"Incense Burner"},{"floor":40,"key":"Omamori"},{"floor":42,"key":"Dream Catcher"},{"floor":45,"key":"Happy Flower"},{"floor":48,"key":"Strawberry"}],"event_choices":[{"cards_removed":["Clumsy"],"damage_healed":0,"gold_gain":0,"player_choice":"Card Removal","damage_taken":0,"max_hp_gain":0,"max_hp_loss":0,"event_name":"The Cleric","floor":3,"gold_loss":50},{"damage_healed":0,"gold_gain":0,"player_choice":"Upgraded","damage_taken":0,"max_hp_gain":0,"max_hp_loss":0,"event_name":"Upgrade Shrine","floor":4,"gold_loss":0,"cards_upgraded":["Immolate"]},{"damage_healed":0,"gold_gain":0,"cards_transformed":["Strike_R","Strike_R"],"player_choice":"Became Test Subject","damage_taken":0,"max_hp_gain":0,"max_hp_loss":0,"event_name":"Drug Dealer","floor":19,"gold_loss":0,"cards_obtained":["Impervious","Feed"]},{"damage_healed":0,"gold_gain":180,"player_choice":"GOLD GOLD ","damage_taken":24,"max_hp_gain":0,"max_hp_loss":0,"event_name":"Knowing Skull","floor":20,"potions_obtained":[],"gold_loss":0,"cards_obtained":[]},{"damage_healed":0,"gold_gain":0,"player_choice":"Forge","damage_taken":0,"max_hp_gain":0,"max_hp_loss":0,"event_name":"Accursed Blacksmith","floor":29,"gold_loss":0,"cards_upgraded":["Body Slam"]},{"damage_healed":0,"gold_gain":0,"player_choice":"Fight","damage_taken":0,"max_hp_gain":0,"max_hp_loss":0,"event_name":"MindBloom","floor":36,"gold_loss":0},{"damage_healed":0,"gold_gain":0,"player_choice":"Ignored","damage_taken":0,"max_hp_gain":0,"max_hp_loss":0,"event_name":"Tomb of Lord Red Mask","floor":37,"gold_loss":0}],"is_beta":false,"boss_relics":[{"not_picked":["Ectoplasm","Runic Pyramid"],"picked":"Tiny House"},{"not_picked":["Pandora\u0027s Box","Empty Cage"],"picked":"Black Blood"}],"items_purged_floors":[21,38],"is_endless":false,"potions_floor_spawned":[5,6,7,16,18,22,35,42,46],"ascension_level":3}