{"gold_per_floor":[112,112,124,124,139,164,164,194,194,194,214,214,234,244,244,244],"floor_reached":16,"playtime":553,"items_purged":[],"score":204,"play_id":"ef207cae-66c5-443d-a78f-9b688dbc4ff9","local_time":"20190412173734","is_ascension_mode":true,"campfire_choices":[{"floor":7,"key":"REST"},{"floor":10,"key":"REST"},{"floor":15,"key":"REST"}],"neow_cost":"NONE","seed_source_timestamp":123955665827284,"circlet_count":0,"master_deck":["AscendersBane","Defend_G","Defend_G+1","Defend_G","Defend_G","Defend_G","Strike_G+1","Strike_G","Strike_G","Strike_G","Strike_G","Survivor","Neutralize","Flying Knee","Pain","Well Laid Plans","Poisoned Stab","Die Die Die","Dagger Spray","Cloak And Dagger","Dodge and Roll","Dash"],"relics":["Fusion Hammer","WarpedTongs","Question Card","Gremlin Horn","Mummified Hand","Odd Mushroom","Bag of Preparation"],"potions_floor_usage":[11,16],"damage_taken":[{"damage":0,"enemies":"Cultist","floor":1,"turns":4},{"damage":12,"enemies":"Jaw Worm","floor":3,"turns":4},{"damage":3,"enemies":"2 Louse","floor":5,"turns":2},{"damage":17,"enemies":"Lagavulin","floor":6,"turns":7},{"damage":12,"enemies":"3 Sentries","floor":8,"turns":6},{"damage":5,"enemies":"The Mushroom Lair","floor":11,"turns":4},{"damage":12,"enemies":"Blue Slaver","floor":13,"turns":4},{"damage":0,"enemies":"Lots of Slimes","floor":14,"turns":1},{"damage":37,"enemies":"Hexaghost","floor":16,"turns":14}],"seed_played":"-8134661303337160134","potions_obtained":[{"floor":8,"key":"GhostInAJar"},{"floor":13,"key":"Energy Potion"},{"floor":14,"key":"GamblersBrew"}],"is_trial":false,"path_per_floor":["M","?","M","?","M","E","R","E","T","R","?","T","M","M","R","B"],"character_chosen":"THE_SILENT","items_purchased":[],"campfire_rested":3,"item_purchase_floors":[],"current_hp_per_floor":[59,59,47,27,24,7,26,14,14,33,28,28,16,16,35,0],"gold":244,"neow_bonus":"BOSS_RELIC","is_prod":false,"is_daily":false,"chose_seed":false,"campfire_upgraded":0,"win_rate":0,"timestamp":1555105054,"path_taken":["M","?","?","?","M","E","R","E","T","R","?","?","?","M","R","BOSS"],"build_version":"2019-01-23","purchased_purges":0,"victory":false,"max_hp_per_floor":[66,66,66,66,66,66,66,66,66,66,66,66,66,66,66,66],"card_choices":[{"not_picked":["Acrobatics","Slice"],"picked":"Flying Knee","floor":1},{"not_picked":["Prepared","Calculated Gamble"],"picked":"Well Laid Plans","floor":3},{"not_picked":["Terror","Dodge and Roll"],"picked":"Poisoned Stab","floor":5},{"not_picked":["Slice","PiercingWail"],"picked":"Die Die Die","floor":6},{"not_picked":["Prepared","Expertise","Underhanded Strike"],"picked":"Dagger Spray","floor":8},{"not_picked":["Bullet Time","Eviscerate","Poisoned Stab"],"picked":"Cloak And Dagger","floor":11},{"not_picked":["Bane","Quick Slash","Riddle With Holes"],"picked":"Dodge and Roll","floor":13},{"not_picked":["Expertise","Finisher","Reflex"],"picked":"Dash","floor":14}],"player_experience":491650,"relics_obtained":[{"floor":6,"key":"Question Card"},{"floor":8,"key":"Gremlin Horn"},{"floor":9,"key":"Mummified Hand"},{"floor":11,"key":"Odd Mushroom"},{"floor":12,"key":"Bag of Preparation"}],"event_choices":[{"damage_healed":0,"gold_gain":0,"player_choice":"Rummage","damage_taken":0,"relics_obtained":["WarpedTongs"],"max_hp_gain":0,"max_hp_loss":0,"event_name":"Accursed Blacksmith","floor":2,"gold_loss":0,"cards_obtained":["Pain"]},{"damage_healed":0,"gold_gain":0,"player_choice":"Entered Light","damage_taken":20,"max_hp_gain":0,"max_hp_loss":0,"event_name":"Shining Light","floor":4,"gold_loss":0,"cards_upgraded":["Strike_G","Defend_G"]},{"damage_healed":0,"gold_gain":0,"player_choice":"Fought Mushrooms","damage_taken":0,"max_hp_gain":0,"max_hp_loss":0,"event_name":"Mushrooms","floor":11,"gold_loss":0}],"is_beta":false,"boss_relics":[],"items_purged_floors":[],"is_endless":false,"potions_floor_spawned":[8,13,14],"killed_by":"Hexaghost","ascension_level":17}