{"gold_per_floor":[110,123,123,138,138,138,158,158,158,188,188],"floor_reached":11,"playtime":242,"items_purged":[],"score":117,"play_id":"76a7e64f-5fbf-43aa-9ef4-47539cbe7d74","local_time":"20190219185437","is_ascension_mode":true,"campfire_choices":[{"data":"Zap","floor":6,"key":"SMITH"},{"data":"Streamline","floor":8,"key":"SMITH"}],"neow_cost":"NONE","seed_source_timestamp":585414575390089,"circlet_count":0,"master_deck":["AscendersBane","Strike_B","Strike_B","Strike_B","Defend_B","Defend_B","Defend_B","Defend_B","Zap+1","Dualcast","Streamline+1","Coolheaded","Hologram","Conserve Battery","Redo","Self Repair"],"relics":["Cracked Core","NeowsBlessing","Letter Opener","Anchor","Oddly Smooth Stone"],"potions_floor_usage":[10,11],"damage_taken":[{"damage":0,"enemies":"Small Slimes","floor":1,"turns":1},{"damage":0,"enemies":"Jaw Worm","floor":2,"turns":1},{"damage":0,"enemies":"2 Louse","floor":4,"turns":1},{"damage":19,"enemies":"Exordium Thugs","floor":7,"turns":4},{"damage":27,"enemies":"Gremlin Nob","floor":10,"turns":4},{"damage":45,"enemies":"Gremlin Nob","floor":11,"turns":4}],"seed_played":"-5536331492096549909","potions_obtained":[{"floor":1,"key":"SpeedPotion"},{"floor":7,"key":"SpeedPotion"}],"is_trial":false,"path_per_floor":["M","M","?","M","?","R","M","R","T","E","?"],"character_chosen":"DEFECT","items_purchased":[],"campfire_rested":0,"item_purchase_floors":[],"current_hp_per_floor":[68,68,61,61,61,61,42,42,42,15,0],"gold":188,"neow_bonus":"THREE_ENEMY_KILL","is_prod":false,"is_daily":false,"chose_seed":false,"campfire_upgraded":2,"win_rate":0,"timestamp":1550620477,"path_taken":["M","M","?","M","?","R","M","R","T","E","?"],"build_version":"2019-01-23","purchased_purges":0,"victory":false,"max_hp_per_floor":[75,75,75,75,75,75,75,75,75,75,75],"card_choices":[{"not_picked":["Reprogram","Rip and Tear"],"picked":"Streamline","floor":1},{"not_picked":["Beam Cell","Melter"],"picked":"Coolheaded","floor":2},{"not_picked":["Stack","FTL"],"picked":"Hologram","floor":4},{"not_picked":["Scrape","Streamline"],"picked":"Redo","floor":7},{"not_picked":["Storm","Go for the Eyes"],"picked":"Self Repair","floor":10}],"player_experience":320286,"relics_obtained":[{"floor":9,"key":"Anchor"},{"floor":10,"key":"Oddly Smooth Stone"}],"event_choices":[{"damage_healed":0,"gold_gain":0,"player_choice":"Success","damage_taken":7,"relics_obtained":["Letter Opener"],"max_hp_gain":0,"max_hp_loss":0,"event_name":"Scrap Ooze","floor":3,"gold_loss":0},{"damage_healed":0,"gold_gain":0,"cards_transformed":["Strike_B"],"player_choice":"Change","damage_taken":0,"max_hp_gain":0,"max_hp_loss":0,"event_name":"Living Wall","floor":5,"gold_loss":0,"cards_obtained":["Conserve Battery"]},{"damage_healed":0,"gold_gain":0,"player_choice":"Searched \u00271\u0027 times","damage_taken":0,"max_hp_gain":0,"max_hp_loss":0,"event_name":"Dead Adventurer","floor":11,"gold_loss":0}],"is_beta":false,"boss_relics":[],"items_purged_floors":[],"is_endless":false,"potions_floor_spawned":[1,7],"killed_by":"Gremlin Nob","ascension_level":12}