{"gold_per_floor":[112,126,126,136,147,147,43,78,78,78,116,47,47,78,78,171,171,150,150,150,170,190,190,190],"floor_reached":24,"playtime":791,"items_purged":["Strike_B"],"score":478,"play_id":"fc349a2e-c4a4-4db0-889e-82789a6f6132","local_time":"20190109170403","is_ascension_mode":true,"campfire_choices":[{"floor":6,"key":"REST"},{"floor":13,"key":"REST"},{"data":"Echo Form","floor":15,"key":"SMITH"},{"floor":23,"key":"REST"}],"neow_cost":"NONE","seed_source_timestamp":1781068063786,"circlet_count":0,"master_deck":["AscendersBane","Strike_B","Strike_B","Strike_B","Defend_B","Defend_B","Defend_B","Defend_B","Zap+1","Dualcast","Barrage","Ball Lightning","Auto Shields","Cold Snap","Echo Form+1","Conserve Battery","Reboot","Undo+1","Self Repair"],"relics":["Cracked Core","Boot","Dream Catcher","Mercury Hourglass","Golden Idol","Unceasing Top","Kunai","Snecko Eye","Enchiridion"],"potions_floor_usage":[11,14],"damage_taken":[{"damage":7,"enemies":"Jaw Worm","floor":1,"turns":3},{"damage":1,"enemies":"Small Slimes","floor":2,"turns":4},{"damage":1,"enemies":"2 Louse","floor":4,"turns":2},{"damage":24,"enemies":"Large Slime","floor":5,"turns":4},{"damage":12,"enemies":"Lagavulin","floor":8,"turns":5},{"damage":7,"enemies":"3 Sentries","floor":11,"turns":5},{"damage":0,"enemies":"Gremlin Nob","floor":14,"turns":3},{"damage":43,"enemies":"Slime Boss","floor":16,"turns":10},{"damage":31,"enemies":"2 Thieves","floor":18,"turns":4},{"damage":0,"enemies":"Chosen","floor":21,"turns":5},{"damage":3,"enemies":"Snecko","floor":22,"turns":5},{"damage":29,"enemies":"Slavers","floor":24,"turns":1}],"seed_played":"-7471677952342041424","potions_obtained":[{"floor":8,"key":"Dexterity Potion"},{"floor":11,"key":"SteroidPotion"},{"floor":14,"key":"Ancient Potion"},{"floor":18,"key":"EssenceOfSteel"}],"is_trial":false,"path_per_floor":["M","M","?","M","M","R","$","E","T","?","E","?","R","E","R","B",null,"M","?","?","M","M","R","E"],"character_chosen":"DEFECT","items_purchased":["Cold Snap"],"campfire_rested":3,"item_purchase_floors":[7],"current_hp_per_floor":[57,56,56,55,31,52,52,40,40,40,33,33,52,52,52,9,50,19,32,11,11,8,27,0],"gold":190,"neow_bonus":"RANDOM_COMMON_RELIC","is_prod":false,"is_daily":false,"chose_seed":false,"campfire_upgraded":1,"win_rate":0,"timestamp":1547071443,"path_taken":["M","M","?","M","M","R","$","E","T","?","E","?","R","E","R","BOSS","M","?","?","M","M","R","E"],"build_version":"2019-01-03v4","purchased_purges":1,"victory":false,"max_hp_per_floor":[71,71,71,71,71,71,71,71,71,64,64,64,64,64,64,64,64,64,64,64,64,64,64,64],"card_choices":[{"not_picked":["Turbo","Leap","Stack"],"picked":"SKIP","floor":1},{"not_picked":["Compile Driver","Rebound"],"picked":"Barrage","floor":2},{"not_picked":["Double Energy","Leap"],"picked":"Ball Lightning","floor":4},{"not_picked":["Consume","Compile Driver"],"picked":"Auto Shields","floor":5},{"not_picked":["Streamline","White Noise"],"picked":"Echo Form","floor":8},{"not_picked":["Steam","Streamline"],"picked":"Conserve Battery","floor":11},{"not_picked":["Barrage","Turbo","Fission"],"picked":"SKIP","floor":14},{"not_picked":["All For One","Echo Form"],"picked":"Reboot","floor":16},{"not_picked":["Chaos","Consume","Rebound"],"picked":"SKIP","floor":18},{"not_picked":["Turbo","Rebound","Beam Cell"],"picked":"SKIP","floor":21},{"not_picked":["Beam Cell","Darkness"],"picked":"Undo+1","floor":22},{"not_picked":["Go for the Eyes+1","Core Surge"],"picked":"Self Repair","floor":23}],"player_experience":1010907,"relics_obtained":[{"floor":8,"key":"Dream Catcher"},{"floor":9,"key":"Mercury Hourglass"},{"floor":11,"key":"Unceasing Top"},{"floor":14,"key":"Kunai"},{"floor":20,"key":"Enchiridion"}],"event_choices":[{"damage_healed":0,"gold_gain":0,"player_choice":"Grow","damage_taken":0,"max_hp_gain":0,"max_hp_loss":0,"event_name":"Living Wall","floor":3,"gold_loss":0,"cards_upgraded":["Zap"]},{"damage_healed":0,"gold_gain":0,"player_choice":"Lose Max HP","damage_taken":0,"relics_obtained":["Golden Idol"],"max_hp_gain":0,"max_hp_loss":7,"event_name":"Golden Idol","floor":10,"gold_loss":0},{"damage_healed":0,"gold_gain":0,"player_choice":"Left Gold","damage_taken":0,"max_hp_gain":0,"max_hp_loss":0,"event_name":"World of Goop","floor":12,"gold_loss":69},{"damage_healed":13,"gold_gain":0,"player_choice":"Heal","damage_taken":0,"max_hp_gain":0,"max_hp_loss":0,"event_name":"The Library","floor":19,"gold_loss":0},{"damage_healed":0,"gold_gain":0,"player_choice":"Obtained Book","damage_taken":21,"max_hp_gain":0,"max_hp_loss":0,"event_name":"Cursed Tome","floor":20,"gold_loss":0}],"is_beta":false,"boss_relics":[{"not_picked":["Fusion Hammer","Eternal Feather"],"picked":"Snecko Eye"}],"items_purged_floors":[7],"is_endless":false,"potions_floor_spawned":[8,11,14,18,22],"killed_by":"Slavers","ascension_level":20}