{"path_per_floor":["M","?","?","M","?","E","?","R","T","M","M","E","M","M","R","B",null,"M","?"],"character_chosen":"THE_SILENT","items_purchased":[],"gold_per_floor":[113,113,113,132,132,164,164,164,187,203,222,257,277,294,294,395,425,392,392],"floor_reached":20,"campfire_rested":1,"playtime":1755,"current_hp_per_floor":[70,70,70,70,56,56,56,56,56,56,56,51,43,43,64,35,75,49,33],"items_purged":[],"gold":392,"score":209,"play_id":"0966e525-753e-4462-adc8-cd7ad3e73ee1","is_prod":false,"is_daily":false,"is_ascension_mode":false,"campfire_upgraded":1,"path_taken":["M","?","?","?","?","E","?","R","T","M","M","E","M","M","R","BOSS","M","?","M"],"build_version":"2018-02-22-PROD2","purchased_purges":0,"victory":false,"master_deck":["Defend_G","Defend_G","Defend_G+1","Defend_G","Strike_G+1","Strike_G","Strike_G","Strike_G","Survivor+1","Neutralize","Accuracy+1","Skewer+1","Dodge and Roll","Caltrops","Well Laid Plans","Burst","Backstab","Dagger Spray+1","Necronomicurse"],"max_hp_per_floor":[70,70,70,70,70,70,70,70,70,70,70,70,70,70,70,70,75,75,75],"relics":["Ring of the Snake","NeowsBlessing","Bottled Tornado","Anchor","Bronze Scales","Tiny House","Necronomicon"],"card_choices":[{"not_picked":["Backflip","Dagger Throw"],"picked":"Accuracy"},{"not_picked":["PiercingWail","Riddle With Holes"],"picked":"Dodge and Roll"},{"not_picked":["Slice","Dash"],"picked":"Caltrops"},{"not_picked":["Quick Slash","Catalyst"],"picked":"Well Laid Plans"},{"not_picked":["Night Terror","Glass Knife"],"picked":"Burst"},{"not_picked":["Sucker Punch","Dash"],"picked":"Backstab"},{"not_picked":["Outmaneuver","Masterful Stab"],"picked":"Dagger Spray"}],"player_experience":199434,"potions_floor_usage":[12,12,16,16,16],"damage_taken":[{"damage":0,"enemies":"Jaw Worm","floor":1,"turns":1},{"damage":0,"enemies":"Cultist","floor":4,"turns":1},{"damage":0,"enemies":"3 Sentries","floor":6,"turns":1},{"damage":0,"enemies":"Small Slimes","floor":10,"turns":4},{"damage":0,"enemies":"3 Louse","floor":11,"turns":4},{"damage":5,"enemies":"Gremlin Nob","floor":12,"turns":4},{"damage":8,"enemies":"Exordium Wildlife","floor":13,"turns":4},{"damage":0,"enemies":"Looter","floor":14,"turns":3},{"damage":29,"enemies":"Hexaghost","floor":16,"turns":9},{"damage":26,"enemies":"2 Thieves","floor":18,"turns":5},{"damage":35,"enemies":"Chosen","floor":20,"turns":5}],"event_choices":[{"event_name":"Transmorgrifier","player_choice":"Transform","floor":2,"damage_taken":0},{"event_name":"Living Wall","player_choice":"Grow","floor":3,"damage_taken":0},{"event_name":"Shining Light","player_choice":"Entered Light","floor":5,"damage_taken":0},{"event_name":"Bonfire Elementals","player_choice":"BASIC","floor":7,"damage_taken":0},{"event_name":"Cursed Tome","player_choice":"Obtained Book","floor":19,"damage_taken":0}],"boss_relics":[{"not_picked":["Philosopher\u0027s Stone","Ectoplasm"],"picked":"Tiny House"}],"potions_floor_spawned":[1,6,11,12,14],"seed_played":"2654641378090165413","killed_by":"Chosen","ascension_level":0,"is_trial":false}