{"path_per_floor":["M","M","M","M","M","E","$","E","T","M","R","?","R","?","R","B",null,"M","M","$","?","M","R","M","E","T","M"],"character_chosen":"DEFECT","items_purchased":["Defragment","Bandage Up"],"gold_per_floor":[110,125,142,156,166,199,49,79,79,90,90,90,90,90,90,214,214,233,257,51,51,66,66,90,90,90,114,114],"floor_reached":28,"campfire_rested":1,"playtime":7847,"item_purchase_floors":[],"current_hp_per_floor":[74,74,72,65,62,47,47,44,54,53,53,46,71,50,50,15,85,71,71,71,71,44,44,29,14,14,2,0],"items_purged":["Strike_B","Defend_B"],"gold":114,"score":252,"play_id":"2a32790d-f3d6-44da-8b6f-57e38e127795","local_time":"20180603215215","is_prod":false,"is_daily":false,"chose_seed":false,"is_ascension_mode":false,"campfire_upgraded":3,"win_rate":0.0,"timestamp":1528059135,"campfire_choices":[{"data":"Zap","floor":11.0,"key":"SMITH"},{"floor":13.0,"key":"REST"},{"data":"Dualcast","floor":15.0,"key":"SMITH"},{"data":"Hologram","floor":23.0,"key":"SMITH"}],"path_taken":["M","M","M","M","M","E","$","E","T","?","R","?","R","?","R","BOSS","M","M","$","?","M","R","M","E","T","M","?"],"build_version":"2018-05-31","seed_source_timestamp":0,"purchased_purges":2,"victory":false,"master_deck":["Strike_B","Strike_B","Defend_B","Defend_B","Defend_B","Zap+1","Dualcast+1","Conserve Battery","Stack","Redo","Ball Lightning","Defragment","BootSequence","Gash+1","Amplify","Glacier","Bandage Up","Hologram+1","Redo+1"],"max_hp_per_floor":[75,75,75,75,75,75,75,75,85,85,85,85,85,85,85,85,85,85,85,85,85,85,85,85,85,85,85,85],"relics":["Cracked Core","Calipers","Molten Egg 2","Pear","Golden Idol","White Beast Statue","Toolbox","Centennial Puzzle"],"card_choices":[{"not_picked":["Consume","Cold Snap","Compile Driver"],"picked":"SKIP","floor":1.0},{"not_picked":["Streamline","Coolheaded"],"picked":"Conserve Battery","floor":2.0},{"not_picked":["Conserve Battery","Compile Driver"],"picked":"Stack","floor":3.0},{"not_picked":["Buffer","Coolheaded"],"picked":"Redo","floor":4.0},{"not_picked":["Barrage","Compile Driver"],"picked":"Ball Lightning","floor":5.0},{"not_picked":["Ball Lightning","Barrage","Beam Cell"],"picked":"SKIP","floor":6.0},{"not_picked":["Barrage","Chill"],"picked":"BootSequence","floor":8.0},{"not_picked":["Skim","Redo"],"picked":"Gash+1","floor":10.0},{"not_picked":["Buffer","Thunder Strike+1"],"picked":"Amplify","floor":16.0},{"not_picked":["Sweeping Beam+1","White Noise"],"picked":"Glacier","floor":18.0},{"not_picked":["Ball Lightning+1","Genetic Algorithm+1","Compile Driver+1"],"picked":"SKIP","floor":19.0},{"not_picked":["Beam Cell+1","Glacier"],"picked":"Hologram","floor":22.0},{"not_picked":["Fusion","Steam","Glacier"],"picked":"SKIP","floor":24.0},{"not_picked":["Hologram+1","Cold Snap+1"],"picked":"Redo+1","floor":27}],"player_experience":209131,"potions_floor_usage":[25,28],"damage_taken":[{"damage":1.0,"enemies":"Cultist","floor":1.0,"turns":3.0},{"damage":0.0,"enemies":"Small Slimes","floor":2.0,"turns":2.0},{"damage":2.0,"enemies":"Jaw Worm","floor":3.0,"turns":4.0},{"damage":7.0,"enemies":"Looter","floor":4.0,"turns":5.0},{"damage":3.0,"enemies":"2 Fungi Beasts","floor":5.0,"turns":4.0},{"damage":15.0,"enemies":"Gremlin Nob","floor":6.0,"turns":4.0},{"damage":3.0,"enemies":"3 Sentries","floor":8.0,"turns":6.0},{"damage":1.0,"enemies":"Exordium Wildlife","floor":10.0,"turns":2.0},{"damage":35.0,"enemies":"The Guardian","floor":16.0,"turns":11.0},{"damage":14.0,"enemies":"Shell Parasite","floor":18.0,"turns":7.0},{"damage":0.0,"enemies":"Chosen","floor":19.0,"turns":8.0},{"damage":31.0,"enemies":"Centurion and Healer","floor":22.0,"turns":12.0},{"damage":19.0,"enemies":"Snecko","floor":24.0,"turns":8.0},{"damage":19,"enemies":"Book of Stabbing","floor":25,"turns":6},{"damage":16,"enemies":"Sentry and Sphere","floor":27,"turns":10},{"damage":6,"enemies":"Centurion and Healer","floor":28,"turns":4}],"relics_obtained":[{"floor":6.0,"key":"Calipers"},{"floor":8.0,"key":"Molten Egg 2"},{"floor":9.0,"key":"Pear"},{"floor":26,"key":"Centennial Puzzle"}],"event_choices":[{"event_name":"Golden Wing","player_choice":"Card Removal","floor":12.0,"damage_taken":0.0},{"event_name":"Golden Idol","player_choice":"Take Damage","floor":14.0,"damage_taken":0.0},{"event_name":"The Mausoleum","player_choice":"Yes","floor":21.0,"damage_taken":0.0}],"boss_relics":[],"items_purged_floors":[],"potions_floor_spawned":[1,5,6,18,19,22,24,25,27],"seed_played":"1395292260716583704","killed_by":"Centurion and Healer","ascension_level":0,"potions_obtained":[{"floor":1.0,"key":"Poison Potion"},{"floor":5.0,"key":"Weak Potion"},{"floor":6.0,"key":"SmokeBomb"},{"floor":18.0,"key":"Swift Potion"},{"floor":19.0,"key":"Ancient Potion"},{"floor":22.0,"key":"GamblersBrew"},{"floor":24.0,"key":"Weak Potion"},{"floor":27,"key":"Ancient Potion"}],"is_trial":false}