{"path_per_floor":["M","?","?","?","M","R","?","R","T","M","M","M","M","?","R","B",null,"M","?","$","?","M","R"],"character_chosen":"THE_SILENT","items_purchased":[],"gold_per_floor":[109,109,109,284,302,302,302,302,302,318,343,362,383,383,383,508,508,532,457,457,457,468,468],"floor_reached":24,"campfire_rested":0,"playtime":1485,"current_hp_per_floor":[70,70,70,70,70,70,70,70,70,70,67,63,55,55,55,27,70,65,65,65,65,65,65],"items_purged":[],"gold":468,"score":186,"play_id":"50fe2665-ce29-48d3-a716-d474f76b420b","is_prod":false,"is_daily":false,"is_ascension_mode":false,"campfire_upgraded":2,"path_taken":["M","?","?","?","M","R","?","R","T","M","M","?","M","?","R","BOSS","M","?","?","?","M","R","E"],"build_version":"2018-02-22-PROD2","purchased_purges":0,"victory":false,"master_deck":["Defend_G","Defend_G","Defend_G","Defend_G","Defend_G","Strike_G","Strike_G","Strike_G","Strike_G","Strike_G","Survivor","Neutralize","Backstab+1","Trip","Neutralize+1","Well Laid Plans","Dagger Spray","Poisoned Stab","Crippling Poison","Flying Knee","Envenom","Bouncing Flask","Footwork+1"],"max_hp_per_floor":[70,70,70,70,70,70,70,70,70,70,70,70,70,70,70,70,70,70,70,70,70,70,70],"relics":["The Specimen","Bloody Idol","Girya","Question Card"],"card_choices":[{"not_picked":["Masterful Stab","Well Laid Plans"],"picked":"Backstab"},{"not_picked":["Slice","Calculated Gamble"],"picked":"Well Laid Plans"},{"not_picked":["Dodge and Roll","Poisoned Stab"],"picked":"Dagger Spray"},{"not_picked":["Prepared","Crippling Poison"],"picked":"Poisoned Stab"},{"not_picked":["Malaise","Deflect"],"picked":"Crippling Poison"},{"not_picked":["Acrobatics","Dodge and Roll"],"picked":"Flying Knee"},{"not_picked":["Corpse Explosion","Doppelganger"],"picked":"Envenom"},{"not_picked":["Poisoned Stab","Finisher","Slice"],"picked":"Bouncing Flask"},{"not_picked":["Outmaneuver","PiercingWail","Flying Knee"],"picked":"Footwork"}],"player_experience":183487,"potions_floor_usage":[16,16,16,18,22],"damage_taken":[{"damage":0,"enemies":"Small Slimes","floor":1,"turns":3},{"damage":0,"enemies":"Cultist","floor":5,"turns":3},{"damage":0,"enemies":"Jaw Worm","floor":10,"turns":1},{"damage":3,"enemies":"2 Fungi Beasts","floor":11,"turns":4},{"damage":4,"enemies":"Blue Slaver","floor":12,"turns":3},{"damage":8,"enemies":"Lots of Slimes","floor":13,"turns":3},{"damage":28,"enemies":"The Guardian","floor":16,"turns":10},{"damage":5,"enemies":"Chosen","floor":18,"turns":4},{"damage":17,"enemies":"Spheric Guardian","floor":22,"turns":5},{"damage":65,"enemies":"Gremlin Leader","floor":24,"turns":6}],"event_choices":[{"event_name":"Match and Keep!","player_choice":"2 cards matched","floor":2,"damage_taken":0},{"event_name":"Golden Idol","player_choice":"Take Wound","floor":3,"damage_taken":0},{"event_name":"Liars Game","player_choice":"agreed","floor":4,"damage_taken":0},{"event_name":"The Woman in Blue","player_choice":"Bought 0 Potions","floor":7,"damage_taken":0},{"event_name":"Purifier","player_choice":"One Purge","floor":14,"damage_taken":0},{"event_name":"Beggar","player_choice":"Gave Gold","floor":19,"damage_taken":0},{"event_name":"Forgotten Altar","player_choice":"Gave Idol","floor":21,"damage_taken":0}],"boss_relics":[{"not_picked":["Astrolabe","Runic Dome"],"picked":"Question Card"}],"potions_floor_spawned":[1,5,10,16,18],"seed_played":"-8863929845363151033","killed_by":"Gremlin Leader","ascension_level":0,"is_trial":false}