{"gold_per_floor":[117,137,137,154,104,104,115,13,13,43,54,65,65,77,77,182,182,182,105,105,5,5,5,5,5,5,5],"floor_reached":27,"playtime":1178,"items_purged":["Defend_B","Dualcast"],"score":282,"play_id":"f7842b19-d2c0-4baa-89a6-da2ccf9596f6","local_time":"20180629191639","is_ascension_mode":true,"campfire_choices":[{"data":"Go for the Eyes","floor":6,"key":"SMITH"},{"data":"Hologram","floor":15,"key":"SMITH"},{"floor":23,"key":"REST"}],"neow_cost":"NONE","seed_source_timestamp":6032394122189,"circlet_count":0,"master_deck":["Strike_B","Strike_B","Defend_B","Defend_B","Defend_B","Zap","Go for the Eyes+1","Streamline","Melter","Conserve Battery","Defragment","Beam Cell","Echo Form+1","Hologram+1","Hyperbeam","J.A.X.","Hologram+1"],"relics":["Cracked Core","Question Card","Matryoshka","Ectoplasm","Tiny Chest","Bottled Flame"],"potions_floor_usage":[10,14,14,16,20,22],"damage_taken":[{"damage":2,"enemies":"Jaw Worm","floor":1,"turns":3},{"damage":1,"enemies":"Cultist","floor":2,"turns":3},{"damage":1,"enemies":"2 Louse","floor":4,"turns":2},{"damage":0,"enemies":"2 Fungi Beasts","floor":7,"turns":2},{"damage":8,"enemies":"3 Sentries","floor":10,"turns":4},{"damage":4,"enemies":"Looter","floor":11,"turns":3},{"damage":14,"enemies":"Lots of Slimes","floor":12,"turns":3},{"damage":3,"enemies":"Gremlin Gang","floor":14,"turns":4},{"damage":20,"enemies":"The Guardian","floor":16,"turns":9},{"damage":0,"enemies":"Spheric Guardian","floor":18,"turns":2},{"damage":46,"enemies":"Chosen","floor":20,"turns":5},{"damage":8,"enemies":"Snecko","floor":22,"turns":5},{"damage":18,"enemies":"Cultist and Chosen","floor":25,"turns":5},{"damage":14,"enemies":"Snake Plant","floor":27,"turns":1}],"seed_played":"7856314212406844211","potions_obtained":[{"floor":11,"key":"Swift Potion"},{"floor":14,"key":"FearPotion"},{"floor":20,"key":"SkillPotion"}],"is_trial":false,"path_per_floor":["M","M","?","M","?","R","M","$","T","E","M","M","?","M","R","B",null,"M","?","M","$","M","R","$","M","T"],"character_chosen":"DEFECT","items_purchased":["Conserve Battery"],"campfire_rested":1,"item_purchase_floors":[8],"current_hp_per_floor":[66,65,65,64,64,64,64,64,64,56,52,38,38,35,35,15,60,60,60,14,14,6,28,28,10,10,0],"gold":5,"neow_bonus":"THREE_SMALL_POTIONS","is_prod":false,"is_daily":false,"chose_seed":false,"campfire_upgraded":2,"win_rate":0,"timestamp":1530314199,"path_taken":["M","M","?","M","?","R","M","$","T","E","?","?","?","M","R","BOSS","M","?","M","$","M","R","$","M","T","M"],"build_version":"2018-06-28","purchased_purges":2,"victory":false,"max_hp_per_floor":[75,75,75,75,75,75,75,75,75,75,75,75,75,75,75,75,75,75,75,75,75,75,75,75,75,75,75],"card_choices":[{"not_picked":["Redo","Turbo"],"picked":"Go for the Eyes","floor":1},{"not_picked":["Compile Driver","Capacitor","Turbo"],"picked":"SKIP","floor":2},{"not_picked":["Compile Driver","Capacitor","Turbo"],"picked":"SKIP","floor":2},{"not_picked":["Leap","Consume"],"picked":"Streamline","floor":4},{"not_picked":["Streamline","Fusion"],"picked":"Melter","floor":7},{"not_picked":["Sweeping Beam","Streamline","Reprogram"],"picked":"Defragment","floor":10},{"not_picked":["Steam","Auto Shields","Conserve Battery"],"picked":"Beam Cell","floor":11},{"not_picked":["Redo","Force Field","Skim"],"picked":"Echo Form","floor":12},{"not_picked":["Ball Lightning","Beam Cell","Streamline"],"picked":"Hologram","floor":14},{"not_picked":["Thunder Strike","Multi-Cast","Amplify"],"picked":"Hyperbeam","floor":16},{"not_picked":["Steam","Darkness+1","Hello World+1","White Noise"],"picked":"SKIP","floor":18},{"not_picked":["Sweeping Beam+1","Steam","Beam Cell","Redo"],"picked":"SKIP","floor":20},{"not_picked":["Barrage+1","Go for the Eyes","Gash"],"picked":"Hologram+1","floor":22},{"not_picked":["Thunder Strike","Ball Lightning+1","Sweeping Beam","Melter"],"picked":"SKIP","floor":25}],"player_experience":343617,"relics_obtained":[{"floor":9,"key":"Question Card"},{"floor":10,"key":"Matryoshka"},{"floor":26,"key":"Tiny Chest"},{"floor":26,"key":"Bottled Flame"}],"event_choices":[{"event_name":"Bonfire Elementals","player_choice":"BASIC","floor":3,"damage_taken":0},{"event_name":"The Cleric","player_choice":"Card Removal","floor":5,"damage_taken":0},{"event_name":"Living Wall","player_choice":"Grow","floor":13,"damage_taken":0},{"event_name":"Drug Dealer","player_choice":"Got JAXXED","floor":19,"damage_taken":0}],"boss_relics":[{"not_picked":["Calling Bell","Tiny House"],"picked":"Ectoplasm"}],"items_purged_floors":[8,21],"is_endless":false,"potions_floor_spawned":[2,7,11,12,14,20],"killed_by":"Snake Plant","ascension_level":6}