{"path_per_floor":["M","?","?","?","M","R","E","M","T","E","R","?","?","$","R","B",null,"M","M","$","?","?","R","E","M","T","?","M","$","M"],"character_chosen":"IRONCLAD","items_purchased":["Barricade","Evolve"],"gold_per_floor":[118,118,68,68,84,84,114,134,134,169,169,169,269,33,33,135,135,150,161,61,61,61,61,88,99,122,122,141,62,73],"floor_reached":31,"campfire_rested":0,"playtime":946,"current_hp_per_floor":[77,77,77,77,80,80,71,75,75,57,57,57,57,57,57,46,80,69,75,75,75,75,75,31,27,27,27,33,33,28],"items_purged":["Strike_R","Strike_R"],"gold":73,"score":313,"play_id":"ded1376d-d4fe-49cc-b74f-d958570f0c3e","is_prod":false,"is_daily":false,"is_ascension_mode":true,"campfire_upgraded":4,"path_taken":["M","?","?","?","M","R","E","M","T","E","R","?","?","$","R","BOSS","M","M","$","?","?","R","E","M","T","?","M","$","M","M"],"build_version":"2018-02-15-PROD1","purchased_purges":2,"victory":false,"master_deck":["Strike_R","Strike_R","Defend_R","Defend_R","Defend_R","Defend_R","Bash","Demon Form+1","Pommel Strike+1","Cleave","Power Through","Barricade+1","Impervious","Pommel Strike","Body Slam+1","Entrench","Evolve","Body Slam+1"],"max_hp_per_floor":[80,80,80,80,80,80,80,80,80,80,80,80,80,80,80,80,80,80,80,80,80,80,80,80,80,80,80,80,80,80],"relics":["Burning Blood","Juzu Bracelet","Kunai","Champion Belt","Anchor","Runic Dome","Frozen Eye","Bronze Scales","Lantern"],"card_choices":[{"not_picked":["True Grit","Clash"],"picked":"Demon Form"},{"not_picked":["Flex","Body Slam"],"picked":"Pommel Strike"},{"not_picked":["Perfected Strike","Anger"],"picked":"Cleave"},{"not_picked":["Reckless Charge","Fire Breathing"],"picked":"Power Through"},{"not_picked":["Limit Break","Reaper"],"picked":"Impervious"},{"not_picked":["Dropkick","Anger"],"picked":"Pommel Strike"},{"not_picked":["Thunderclap","Sword Boomerang"],"picked":"Body Slam"},{"not_picked":["Body Slam","Dual Wield"],"picked":"Entrench"},{"not_picked":["Twin Strike","Headbutt"],"picked":"Body Slam"}],"player_experience":164350,"potions_floor_usage":[7,16,16,19,31],"damage_taken":[{"damage":9,"enemies":"2 Louse","floor":1,"turns":3},{"damage":1,"enemies":"Cultist","floor":5,"turns":4},{"damage":15,"enemies":"Lagavulin","floor":7,"turns":5},{"damage":2,"enemies":"Jaw Worm","floor":8,"turns":3},{"damage":24,"enemies":"Gremlin Nob","floor":10,"turns":4},{"damage":17,"enemies":"Hexaghost","floor":16,"turns":9},{"damage":17,"enemies":"Spheric Guardian","floor":18,"turns":5},{"damage":0,"enemies":"2 Thieves","floor":19,"turns":4},{"damage":50,"enemies":"Book of Stabbing","floor":24,"turns":7},{"damage":10,"enemies":"Chosen and Byrds","floor":25,"turns":6},{"damage":0,"enemies":"Sentry and Sphere","floor":28,"turns":4},{"damage":11,"enemies":"Centurion and Healer","floor":30,"turns":4},{"damage":33,"enemies":"Cultist and Chosen","floor":31,"turns":3}],"event_choices":[{"event_name":"Match and Keep!","player_choice":"0 cards matched","floor":2,"damage_taken":0},{"event_name":"The Cleric","player_choice":"Card Removal","floor":3,"damage_taken":0},{"event_name":"The Lab","player_choice":"Got Potions","floor":4,"damage_taken":0},{"event_name":"Liars Game","player_choice":"disagreed","floor":12,"damage_taken":0},{"event_name":"Golden Shrine","player_choice":"Pray","floor":13,"damage_taken":0},{"event_name":"Beggar","player_choice":"Ignored","floor":21,"damage_taken":0},{"event_name":"The Mausoleum","player_choice":"Yes","floor":22,"damage_taken":0},{"event_name":"Vampires","player_choice":"Ignored","floor":27,"damage_taken":0}],"boss_relics":[{"not_picked":["Snecko Eye","Sozu"],"picked":"Runic Dome"}],"potions_floor_spawned":[8,10,24,30],"seed_played":"-6339591824888462350","killed_by":"Cultist and Chosen","ascension_level":4,"is_trial":false}