{"gold_per_floor":[119,137,137,148,148,148,177,239,239,268,84,99,109,8,8,87,87,97,13,13,33,33,33,33],"floor_reached":24,"playtime":823,"items_purged":["Strike_R"],"score":408,"play_id":"fb3071d2-ca75-4a49-8537-b6bccc2a0427","local_time":"20181022190218","is_ascension_mode":true,"campfire_choices":[{"data":"Heavy Blade","floor":6,"key":"SMITH"},{"data":"Clothesline","floor":15,"key":"SMITH"},{"data":"Armaments","floor":23,"key":"SMITH"}],"neow_cost":"NONE","seed_source_timestamp":1118435263024951,"circlet_count":0,"master_deck":["Strike_R","Strike_R","Strike_R","Defend_R","Defend_R","Defend_R","Bash","AscendersBane","Spot Weakness+1","Pommel Strike","Heavy Blade+1","Armaments+1","True Grit","Sword Boomerang","Clothesline+1","Flash of Steel","Limit Break","Pummel","Whirlwind","Hemokinesis"],"relics":["Burning Blood","Smiling Mask","Self Forming Clay","Omamori","Blue Candle","Strawberry","Mark of Pain"],"potions_floor_usage":[7,12,12,18],"damage_taken":[{"damage":10,"enemies":"Small Slimes","floor":1,"turns":4},{"damage":14,"enemies":"Jaw Worm","floor":2,"turns":4},{"damage":6,"enemies":"Cultist","floor":4,"turns":3},{"damage":11,"enemies":"Gremlin Nob","floor":7,"turns":3},{"damage":39,"enemies":"3 Sentries","floor":10,"turns":7},{"damage":11,"enemies":"Large Slime","floor":12,"turns":7},{"damage":2,"enemies":"2 Fungi Beasts","floor":13,"turns":3},{"damage":8,"enemies":"Hexaghost","floor":16,"turns":9},{"damage":27,"enemies":"3 Byrds","floor":18,"turns":6},{"damage":22,"enemies":"2 Thieves","floor":21,"turns":3},{"damage":28,"enemies":"Snake Plant","floor":24,"turns":4}],"seed_played":"-4789764903502628965","potions_obtained":[{"floor":2,"key":"Strength Potion"},{"floor":10,"key":"Swift Potion"},{"floor":12,"key":"Energy Potion"}],"is_trial":false,"path_per_floor":["M","M","?","M","?","R","E","?","T","E","$","M","M","$","R","B",null,"M","$","?","M","?","R"],"character_chosen":"IRONCLAD","items_purchased":["True Grit","BloodPotion","Flash of Steel","Whirlwind"],"campfire_rested":0,"item_purchase_floors":[11,11,14,19],"current_hp_per_floor":[64,56,56,56,45,45,40,40,40,14,14,17,21,21,21,19,66,45,45,45,29,29,29,1],"gold":33,"neow_bonus":"RANDOM_COMMON_RELIC","is_prod":false,"is_daily":false,"chose_seed":false,"campfire_upgraded":3,"win_rate":0,"timestamp":1540249338,"path_taken":["M","M","?","M","?","R","E","?","T","E","?","?","?","$","R","BOSS","M","$","?","M","?","R","M"],"build_version":"2018-10-18","purchased_purges":1,"victory":false,"max_hp_per_floor":[75,75,75,75,75,75,75,75,75,82,82,82,82,82,82,82,82,82,82,82,82,82,82,82],"card_choices":[{"not_picked":["True Grit","Havoc"],"picked":"Spot Weakness","floor":1},{"not_picked":["Warcry","Feel No Pain"],"picked":"Pommel Strike","floor":2},{"not_picked":["Battle Trance","Twin Strike"],"picked":"Heavy Blade","floor":4},{"not_picked":["Sever Soul","Brutality"],"picked":"Armaments","floor":7},{"not_picked":["Hemokinesis","Pommel Strike","Fire Breathing"],"picked":"SKIP","floor":10},{"not_picked":["Dual Wield","Hemokinesis"],"picked":"Sword Boomerang","floor":12},{"not_picked":["Twin Strike","Pummel"],"picked":"Clothesline","floor":13},{"not_picked":["Immolate","Fiend Fire"],"picked":"Limit Break","floor":16},{"not_picked":["Havoc","Wild Strike"],"picked":"Pummel","floor":18},{"not_picked":["Clash","True Grit","Bloodletting"],"picked":"SKIP","floor":21}],"player_experience":799986,"relics_obtained":[{"floor":7,"key":"Omamori"},{"floor":9,"key":"Blue Candle"},{"floor":10,"key":"Strawberry"}],"event_choices":[{"damage_healed":0,"gold_gain":0,"player_choice":"Grow","damage_taken":0,"max_hp_gain":0,"max_hp_loss":0,"event_name":"Living Wall","floor":3,"gold_loss":0,"cards_upgraded":["Spot Weakness"]},{"damage_healed":0,"gold_gain":0,"player_choice":"Success","damage_taken":11,"relics_obtained":["Self Forming Clay"],"max_hp_gain":0,"max_hp_loss":0,"event_name":"Scrap Ooze","floor":5,"gold_loss":0},{"damage_healed":0,"gold_gain":62,"player_choice":"Gained Gold","damage_taken":0,"max_hp_gain":0,"max_hp_loss":0,"event_name":"Golden Wing","floor":8,"gold_loss":0},{"cards_removed":["Defend_R"],"damage_healed":0,"gold_gain":0,"player_choice":"Offered Basic","damage_taken":0,"max_hp_gain":0,"max_hp_loss":0,"event_name":"Bonfire Elementals","floor":20,"gold_loss":0},{"damage_healed":0,"gold_gain":0,"cards_transformed":["Strike_R"],"player_choice":"Transformed","damage_taken":0,"max_hp_gain":0,"max_hp_loss":0,"event_name":"Transmorgrifier","floor":22,"gold_loss":0,"cards_obtained":["Hemokinesis"]}],"is_beta":false,"boss_relics":[{"not_picked":["Black Star","Orrery"],"picked":"Mark of Pain"}],"items_purged_floors":[11],"is_endless":false,"potions_floor_spawned":[2,10,12],"killed_by":"Snake Plant","ascension_level":20}