{"gold_per_floor":[366,441,441,454,454,454,175,175,175,175,189,224,135,175,175,268,331,346,362,31,31,31,31,74,74,99,142,142],"floor_reached":28,"playtime":1313,"items_purged":[],"score":506,"play_id":"58e3bfee-a1e1-4ee7-88d7-be5250dc5c2f","local_time":"20190508180518","is_ascension_mode":true,"campfire_choices":[{"floor":6,"key":"REST"},{"data":"Cloak And Dagger","floor":8,"key":"SMITH"},{"data":"Neutralize","floor":10,"key":"SMITH"},{"floor":15,"key":"REST"},{"floor":23,"key":"REST"},{"floor":25,"key":"REST"}],"neow_cost":"TEN_PERCENT_HP_LOSS","seed_source_timestamp":258120062911305,"circlet_count":0,"master_deck":["AscendersBane","Defend_G","Defend_G","Defend_G","Defend_G+1","Defend_G","Survivor","Neutralize+1","Cloak And Dagger+1","Finisher","Sucker Punch","Die Die Die","Noxious Fumes+1","Dagger Throw","Glass Knife","Blade Dance","Noxious Fumes+1","Footwork+1","Accuracy+1","Backstab","Bite","Bite","Bite","Bite","Bite","Tools of the Trade+1","Footwork+1"],"relics":["Ring of the Snake","Golden Idol","Matryoshka","Frozen Egg 2","Centennial Puzzle","WingedGreaves","PreservedInsect","Tiny House","Happy Flower","Dodecahedron","Dream Catcher","Art of War","Bronze Scales"],"potions_floor_usage":[14,16,24],"damage_taken":[{"damage":4,"enemies":"2 Louse","floor":1,"turns":3},{"damage":5,"enemies":"Jaw Worm","floor":4,"turns":6},{"damage":0,"enemies":"Small Slimes","floor":11,"turns":3},{"damage":28,"enemies":"3 Sentries","floor":12,"turns":10},{"damage":10,"enemies":"Lagavulin","floor":14,"turns":6},{"damage":17,"enemies":"The Guardian","floor":16,"turns":11},{"damage":30,"enemies":"Shell Parasite","floor":18,"turns":6},{"damage":10,"enemies":"3 Byrds","floor":19,"turns":5},{"damage":26,"enemies":"Gremlin Leader","floor":24,"turns":4},{"damage":39,"enemies":"Slavers","floor":27,"turns":4},{"damage":9,"enemies":"Colosseum Slavers","floor":28,"turns":1}],"seed_played":"-1692497476541247033","potions_obtained":[{"floor":1,"key":"Poison Potion"},{"floor":14,"key":"Fruit Juice"},{"floor":17,"key":"FairyPotion"},{"floor":19,"key":"SteroidPotion"}],"is_trial":false,"path_per_floor":["M","?","?","M","?","R","$","R","T","R","M","E","$","E","R","B",null,"M","M","$","?","?","R","E","R","T","E","?"],"character_chosen":"THE_SILENT","items_purchased":["Matryoshka","Noxious Fumes+1","Accuracy+1","Happy Flower","Backstab"],"campfire_rested":4,"item_purchase_floors":[7,13,20,20,20],"current_hp_per_floor":[55,44,44,39,39,57,57,57,57,57,57,29,29,19,37,25,60,30,20,20,20,20,34,18,32,32,6,0],"gold":142,"neow_bonus":"TWO_FIFTY_GOLD","is_prod":false,"is_daily":false,"chose_seed":false,"campfire_upgraded":2,"win_rate":0,"timestamp":1557363918,"path_taken":["M","?","?","M","?","R","$","R","T","R","?","E","$","E","R","BOSS","M","M","$","?","?","R","E","R","T","E","?"],"build_version":"2019-01-23","purchased_purges":0,"victory":false,"max_hp_per_floor":[60,60,60,60,60,60,60,60,60,60,60,60,60,60,60,65,70,70,70,70,70,49,49,49,49,49,49,49],"card_choices":[{"not_picked":["Slice","Concentrate"],"picked":"Cloak And Dagger","floor":1},{"not_picked":["Outmaneuver","Cloak And Dagger"],"picked":"Finisher","floor":4},{"not_picked":["Bane","Deflect"],"picked":"Sucker Punch","floor":11},{"not_picked":["Venomology","Blade Dance"],"picked":"Die Die Die","floor":12},{"not_picked":["Slice","Expertise"],"picked":"Dagger Throw","floor":14},{"not_picked":["Bullet Time","Venomology"],"picked":"Glass Knife","floor":16},{"not_picked":["Underhanded Strike","Sucker Punch"],"picked":"Blade Dance","floor":17},{"not_picked":["Prepared","Blade Dance"],"picked":"Noxious Fumes+1","floor":18},{"not_picked":["PiercingWail","Acrobatics+1"],"picked":"Footwork+1","floor":19},{"not_picked":["Crippling Poison","Endless Agony"],"picked":"Tools of the Trade+1","floor":24},{"not_picked":["Bane","Eviscerate+1"],"picked":"Footwork+1","floor":27}],"player_experience":649683,"relics_obtained":[{"floor":9,"key":"Frozen Egg 2"},{"floor":9,"key":"Centennial Puzzle"},{"floor":12,"key":"WingedGreaves"},{"floor":14,"key":"PreservedInsect"},{"floor":24,"key":"Dodecahedron"},{"floor":26,"key":"Dream Catcher"},{"floor":26,"key":"Art of War"},{"floor":27,"key":"Bronze Scales"}],"event_choices":[{"damage_healed":0,"gold_gain":75,"player_choice":"Gather Gold","damage_taken":11,"max_hp_gain":0,"max_hp_loss":0,"event_name":"World of Goop","floor":2,"gold_loss":0},{"damage_healed":0,"gold_gain":0,"player_choice":"Take Wound","damage_taken":0,"relics_obtained":["Golden Idol"],"max_hp_gain":0,"max_hp_loss":0,"event_name":"Golden Idol","floor":3,"gold_loss":0,"cards_obtained":["Injury"]},{"cards_removed":["Injury"],"damage_healed":0,"gold_gain":0,"player_choice":"Forget","damage_taken":0,"max_hp_gain":0,"max_hp_loss":0,"event_name":"Living Wall","floor":5,"gold_loss":0},{"damage_healed":0,"gold_gain":0,"player_choice":"Ignored","damage_taken":0,"max_hp_gain":0,"max_hp_loss":0,"event_name":"Ghosts","floor":21,"gold_loss":0},{"damage_healed":0,"gold_gain":0,"player_choice":"Became a vampire","damage_taken":0,"max_hp_gain":0,"max_hp_loss":21,"event_name":"Vampires","floor":22,"gold_loss":0,"cards_obtained":["Bite","Bite","Bite","Bite","Bite"]},{"damage_healed":0,"gold_gain":0,"player_choice":"Fight","damage_taken":0,"max_hp_gain":0,"max_hp_loss":0,"event_name":"Colosseum","floor":28,"gold_loss":0}],"is_beta":false,"boss_relics":[{"not_picked":["Eternal Feather","Snecko Eye"],"picked":"Tiny House"}],"items_purged_floors":[],"is_endless":false,"potions_floor_spawned":[1,14,19],"killed_by":"Colosseum Slavers","ascension_level":17}