{"gold_per_floor":[112,37,47,66,66,92,92,123,123,141,141,152,71,91,91,189,189,175,175,175,75,75,75,51,51,103,132,132,151,251,264,264,360,360,376,376,251,266,266,297,297,147,147,147,164,164],"floor_reached":46,"playtime":4135,"items_purged":["Strike_R","Feel No Pain+1","Shame","Strike_R"],"score":521,"play_id":"5d2f38b9-93d1-4e44-b3f0-5b9a9961d914","local_time":"20190523194854","is_ascension_mode":true,"campfire_choices":[{"data":"Bash","floor":7,"key":"SMITH"},{"floor":11,"key":"REST"},{"floor":15,"key":"REST"},{"data":"RitualDagger","floor":23,"key":"SMITH"},{"data":"Finesse","floor":25,"key":"SMITH"},{"floor":28,"key":"REST"},{"data":"Reaper","floor":32,"key":"SMITH"},{"data":"Barricade","floor":41,"key":"SMITH"},{"data":"Strike_R","floor":44,"key":"PURGE"}],"neow_cost":"NONE","seed_source_timestamp":4383293746228,"circlet_count":0,"master_deck":["Defend_R","Defend_R","Bash+1","Finesse+1","Spot Weakness","Heavy Blade","Inflame","Impervious","Armaments+1","Clash+1","Flex+1","RitualDagger+1","Necronomicurse","Reaper+1","Shrug It Off","Barricade+1","Reaper+1"],"relics":["Burning Blood","Sundial","Gambling Chip","Champion Belt","Astrolabe","MutagenicStrength","Necronomicon","Omamori","Blood Vial","StoneCalendar","Meat on the Bone","Calling Bell","Happy Flower","Ornamental Fan","Shovel","Peace Pipe","Pen Nib"],"potions_floor_usage":[6,14,16,31,33,40],"damage_taken":[{"damage":1,"enemies":"Cultist","floor":1,"turns":3},{"damage":0,"enemies":"Small Slimes","floor":3,"turns":5},{"damage":2,"enemies":"2 Louse","floor":4,"turns":4},{"damage":38,"enemies":"Lagavulin","floor":6,"turns":8},{"damage":44,"enemies":"3 Sentries","floor":8,"turns":14},{"damage":3,"enemies":"Blue Slaver","floor":10,"turns":4},{"damage":5,"enemies":"2 Fungi Beasts","floor":12,"turns":3},{"damage":8,"enemies":"Looter","floor":14,"turns":3},{"damage":25,"enemies":"Hexaghost","floor":16,"turns":8},{"damage":15,"enemies":"2 Thieves","floor":18,"turns":4},{"damage":23,"enemies":"Gremlin Leader","floor":27,"turns":4},{"damage":34,"enemies":"3 Byrds","floor":29,"turns":6},{"damage":45,"enemies":"Colosseum Slavers","floor":30,"turns":4},{"damage":28,"enemies":"Colosseum Nobs","floor":30,"turns":4},{"damage":16,"enemies":"Centurion and Healer","floor":31,"turns":3},{"damage":81,"enemies":"Automaton","floor":33,"turns":10},{"damage":16,"enemies":"Orb Walker","floor":35,"turns":2},{"damage":24,"enemies":"3 Darklings","floor":38,"turns":6},{"damage":49,"enemies":"Reptomancer","floor":40,"turns":7},{"damage":65,"enemies":"Jaw Worm Horde","floor":45,"turns":5},{"damage":55,"enemies":"Nemesis","floor":46,"turns":6}],"seed_played":"4630680952892749476","potions_obtained":[{"floor":3,"key":"SkillPotion"},{"floor":10,"key":"Poison Potion"},{"floor":12,"key":"SkillPotion"},{"floor":30,"key":"Energy Potion"},{"floor":31,"key":"Dexterity Potion"},{"floor":38,"key":"Block Potion"}],"is_trial":false,"path_per_floor":["M","$","M","M","?","E","R","E","T","M","R","M","$","M","R","B",null,"M","?","?","$","?","R","$","R","T","E","R","M","?","M","R","B",null,"M","?","$","M","?","E","R","$","T","R","M","E"],"character_chosen":"IRONCLAD","items_purchased":["Inflame","True Grit"],"campfire_rested":3,"item_purchase_floors":[13,24],"current_hp_per_floor":[80,80,80,80,80,48,48,10,10,13,37,38,38,36,60,41,80,71,65,65,65,49,49,49,49,49,32,56,51,50,70,70,28,80,70,70,70,80,80,51,51,51,51,51,50,0],"gold":164,"neow_bonus":"RANDOM_COLORLESS","is_prod":false,"is_daily":false,"chose_seed":false,"campfire_upgraded":5,"win_rate":0,"timestamp":1558637334,"path_taken":["M","$","M","M","?","E","R","E","T","M","R","M","$","?","R","BOSS","M","?","?","$","?","R","?","R","T","E","R","M","?","?","R","BOSS","M","?","$","M","?","E","R","$","T","R","?","E"],"build_version":"2019-01-23","purchased_purges":4,"victory":false,"max_hp_per_floor":[80,80,80,80,80,80,80,80,80,80,80,80,80,80,80,80,80,80,80,80,80,80,80,80,80,80,80,80,80,80,80,80,80,80,80,80,80,80,80,80,80,80,80,80,80,80],"card_choices":[{"not_picked":["Intimidate","Armaments","True Grit"],"picked":"SKIP","floor":1},{"not_picked":["Armaments","Wild Strike","Body Slam"],"picked":"SKIP","floor":3},{"not_picked":["Havoc","Warcry","Iron Wave"],"picked":"SKIP","floor":4},{"not_picked":["Exhume","Evolve","Reckless Charge"],"picked":"SKIP","floor":6},{"not_picked":["Wild Strike","Infernal Blade"],"picked":"Spot Weakness","floor":8},{"not_picked":["Warcry","Body Slam"],"picked":"Heavy Blade","floor":10},{"not_picked":["Headbutt","Sentinel","Twin Strike"],"picked":"SKIP","floor":12},{"not_picked":["Rage","Sever Soul","Searing Blow"],"picked":"SKIP","floor":14},{"not_picked":["Brutality","Double Tap"],"picked":"Impervious","floor":16},{"not_picked":["Sever Soul","Combust"],"picked":"Flex+1","floor":18},{"not_picked":["Clothesline+1","Reckless Charge"],"picked":"Reaper","floor":27},{"not_picked":["Blood for Blood","Havoc+1","Entrench"],"picked":"SKIP","floor":29},{"not_picked":["Perfected Strike","True Grit"],"picked":"Shrug It Off","floor":30},{"not_picked":["Shrug It Off","Sentinel","Anger"],"picked":"SKIP","floor":31},{"not_picked":["Bludgeon","Juggernaut"],"picked":"Barricade","floor":33},{"not_picked":["Perfected Strike","Warcry+1","Havoc+1"],"picked":"SKIP","floor":35},{"not_picked":["Body Slam","Flex+1","Evolve"],"picked":"SKIP","floor":38},{"not_picked":["Hemokinesis+1","Havoc","Second Wind+1"],"picked":"SKIP","floor":40},{"not_picked":["Clothesline","Perfected Strike","Corruption"],"picked":"SKIP","floor":45}],"player_experience":535176,"relics_obtained":[{"floor":6,"key":"Sundial"},{"floor":8,"key":"Gambling Chip"},{"floor":9,"key":"Champion Belt"},{"floor":22,"key":"Necronomicon"},{"floor":26,"key":"Omamori"},{"floor":27,"key":"Blood Vial"},{"floor":30,"key":"StoneCalendar"},{"floor":30,"key":"Meat on the Bone"},{"floor":34,"key":"Happy Flower"},{"floor":34,"key":"Ornamental Fan"},{"floor":34,"key":"Shovel"},{"floor":40,"key":"Peace Pipe"},{"floor":43,"key":"Pen Nib"}],"event_choices":[{"cards_removed":["Defend_R"],"damage_healed":0,"gold_gain":0,"player_choice":"Offered Basic","damage_taken":0,"max_hp_gain":0,"max_hp_loss":0,"event_name":"Bonfire Elementals","floor":5,"gold_loss":0},{"damage_healed":0,"gold_gain":0,"player_choice":"Joined the Cult","damage_taken":6,"max_hp_gain":0,"max_hp_loss":0,"event_name":"Nest","floor":19,"gold_loss":0,"cards_obtained":["RitualDagger"]},{"damage_healed":0,"gold_gain":0,"player_choice":"Inject Mutagens","damage_taken":0,"relics_obtained":["MutagenicStrength"],"max_hp_gain":0,"max_hp_loss":0,"event_name":"Drug Dealer","floor":20,"gold_loss":0},{"damage_healed":0,"gold_gain":0,"player_choice":"Obtained Book","damage_taken":16,"max_hp_gain":0,"max_hp_loss":0,"event_name":"Cursed Tome","floor":22,"gold_loss":0},{"damage_healed":0,"gold_gain":0,"player_choice":"Fight","damage_taken":0,"max_hp_gain":0,"max_hp_loss":0,"event_name":"Colosseum","floor":30,"gold_loss":0},{"damage_healed":0,"gold_gain":0,"player_choice":"Fought Nobs","damage_taken":0,"max_hp_gain":0,"max_hp_loss":0,"event_name":"Colosseum","floor":30,"gold_loss":0},{"cards_removed":["True Grit"],"damage_healed":0,"gold_gain":0,"player_choice":"Removed Skill","damage_taken":0,"max_hp_gain":0,"max_hp_loss":0,"event_name":"Falling","floor":36,"gold_loss":0},{"damage_healed":0,"gold_gain":0,"player_choice":"Copied","damage_taken":0,"max_hp_gain":0,"max_hp_loss":0,"event_name":"Duplicator","floor":39,"gold_loss":0,"cards_obtained":["Reaper"]}],"is_beta":false,"boss_relics":[{"not_picked":["Busted Crown","Coffee Dripper"],"picked":"Astrolabe"},{"not_picked":["Runic Dome","Sozu"],"picked":"Calling Bell"}],"items_purged_floors":[2,21,37,42],"is_endless":false,"potions_floor_spawned":[3,10,12,30,30,31,38],"killed_by":"Nemesis","ascension_level":2}