{"path_per_floor":["M","M","?","?","M","E","M","$","T","R","$","R","?","M","R","B",null,"M","M"],"character_chosen":"THE_SILENT","items_purchased":["Snake Skull"],"gold_per_floor":[146,161,161,161,175,206,222,222,222,222,73,73,109,132,132,255,255,274,294],"floor_reached":20,"campfire_rested":1,"playtime":1720,"current_hp_per_floor":[75,75,60,60,60,51,49,49,49,71,71,71,71,71,71,14,75,44,24],"items_purged":[],"gold":294,"score":174,"play_id":"e1a050fe-404b-460b-9bf2-01b2d23a436a","is_prod":false,"is_daily":false,"is_ascension_mode":false,"campfire_upgraded":2,"path_taken":["M","M","?","?","M","E","M","$","T","R","$","R","?","M","R","BOSS","M","M","M"],"build_version":"2018-02-22-PROD2","purchased_purges":0,"victory":false,"master_deck":["Defend_G+1","Defend_G","Defend_G","Defend_G","Defend_G","Strike_G","Strike_G","Strike_G","Strike_G+1","Strike_G","Survivor","Neutralize","Backstab+1","Dagger Spray+1","Noxious Fumes+1","Injury","Slice","Slice","Slice","Quick Slash","Venomology","Cloak And Dagger","Bane"],"max_hp_per_floor":[75,75,75,75,75,75,75,75,75,75,75,75,75,75,75,75,75,75,75],"relics":["Tiny House","Golden Idol","Bottled Flame","Juzu Bracelet","Snake Skull","Odd Mushroom"],"card_choices":[{"not_picked":["Setup","Eviscerate"],"picked":"Backstab"},{"not_picked":["Calculated Gamble","Outmaneuver"],"picked":"Dagger Spray"},{"not_picked":["Masterful Stab","Outmaneuver"],"picked":"Noxious Fumes"},{"not_picked":["Outmaneuver","Tactician"],"picked":"Slice"},{"not_picked":["Reflex","Backflip"],"picked":"Slice"},{"not_picked":["Deflect","PiercingWail"],"picked":"Slice"},{"not_picked":["Dagger Spray","Underhanded Strike"],"picked":"Quick Slash"},{"not_picked":["Corpse Explosion","Night Terror"],"picked":"Venomology"},{"not_picked":["Flechettes","Slice"],"picked":"Cloak And Dagger"},{"not_picked":["Malaise","Calculated Gamble"],"picked":"Bane"}],"player_experience":189969,"potions_floor_usage":[6,6,7,19,20],"damage_taken":[{"damage":0,"enemies":"Small Slimes","floor":1,"turns":4},{"damage":0,"enemies":"2 Louse","floor":2,"turns":2},{"damage":0,"enemies":"Jaw Worm","floor":5,"turns":3},{"damage":30,"enemies":"Lagavulin","floor":6,"turns":8},{"damage":11,"enemies":"Exordium Wildlife","floor":7,"turns":4},{"damage":0,"enemies":"The Mushroom Lair","floor":13,"turns":2},{"damage":0,"enemies":"Large Slime","floor":14,"turns":4},{"damage":57,"enemies":"Hexaghost","floor":16,"turns":11},{"damage":31,"enemies":"Shell Parasite","floor":18,"turns":6},{"damage":20,"enemies":"Spheric Guardian","floor":19,"turns":4},{"damage":25,"enemies":"Slaver and Parasite","floor":20,"turns":4}],"event_choices":[{"event_name":"Shining Light","player_choice":"Entered Light","floor":3,"damage_taken":0},{"event_name":"Golden Idol","player_choice":"Take Wound","floor":4,"damage_taken":0},{"event_name":"Mushrooms","player_choice":"Fought Mushrooms","floor":13,"damage_taken":0}],"boss_relics":[{"not_picked":["Snecko Eye","Cursed Key","Calling Bell"]}],"potions_floor_spawned":[1,2,5,14,18],"seed_played":"-5215338489189109538","killed_by":"Slaver and Parasite","ascension_level":0,"is_trial":false}