{"gold_per_floor":[109,109,123,135,9,39,54,87,87,87,104,121,147,222,222,293,293,308,325,339,24,42,42,54,54,77,108,108,134,84,34,34,106,106,119,137,57,75,20,20],"floor_reached":40,"playtime":1998,"items_purged":["Clumsy"],"score":946,"play_id":"6902d4f4-b5cc-486b-ba7d-65df4f9cfbdc","local_time":"20190226142424","is_ascension_mode":true,"campfire_choices":[{"floor":10,"key":"REST"},{"data":"Zap","floor":15,"key":"SMITH"},{"data":"Electrodynamics","floor":23,"key":"SMITH"},{"data":"Go for the Eyes","floor":25,"key":"SMITH"},{"floor":32,"key":"REST"}],"neow_cost":"CURSE","seed_source_timestamp":1172249316321399,"circlet_count":0,"master_deck":["AscendersBane","Defend_B","Defend_B","Zap+1","Dualcast+1","Electrodynamics+1","Go for the Eyes+1","Turbo","Cold Snap+1","Auto Shields","Cold Snap+1","Cold Snap","BootSequence+1","Ball Lightning+1","White Noise+1","Stack+1","Ball Lightning+1","Seek+1","Static Discharge+1","Sunder+1","Sweeping Beam+1","Redo+1","Redo+1","Redo+1","Self Repair+1","Stack+1","Coolheaded+1","Steam+1","Go for the Eyes+1","All For One+1","Sunder+1","Turbo+1","Steam+1","Fission+1","Cold Snap+1","Coolheaded+1","BootSequence+1","Hologram+1"],"relics":["Cracked Core","Toxic Egg 2","Molten Egg 2","Cables","Letter Opener","Astrolabe","Whetstone","Bronze Scales","Matryoshka","Potion Belt","Busted Crown"],"potions_floor_usage":[8,16,19,20,27,40,40],"damage_taken":[{"damage":4,"enemies":"2 Louse","floor":1,"turns":3},{"damage":6,"enemies":"Cultist","floor":3,"turns":3},{"damage":0,"enemies":"Small Slimes","floor":4,"turns":2},{"damage":11,"enemies":"3 Sentries","floor":6,"turns":5},{"damage":0,"enemies":"Looter","floor":7,"turns":3},{"damage":21,"enemies":"Gremlin Nob","floor":8,"turns":4},{"damage":0,"enemies":"Lots of Slimes","floor":11,"turns":1},{"damage":0,"enemies":"3 Louse","floor":12,"turns":3},{"damage":0,"enemies":"3 Sentries","floor":13,"turns":3},{"damage":22,"enemies":"Hexaghost","floor":16,"turns":10},{"damage":0,"enemies":"3 Byrds","floor":18,"turns":4},{"damage":0,"enemies":"2 Thieves","floor":19,"turns":3},{"damage":3,"enemies":"Snake Plant","floor":20,"turns":3},{"damage":9,"enemies":"Shelled Parasite and Fungi","floor":22,"turns":6},{"damage":6,"enemies":"Chosen and Byrds","floor":24,"turns":6},{"damage":0,"enemies":"Slavers","floor":27,"turns":4},{"damage":17,"enemies":"Book of Stabbing","floor":29,"turns":5},{"damage":31,"enemies":"Champ","floor":33,"turns":12},{"damage":13,"enemies":"3 Darklings","floor":35,"turns":3},{"damage":1,"enemies":"3 Shapes","floor":36,"turns":2},{"damage":0,"enemies":"3 Darklings","floor":38,"turns":2},{"damage":73,"enemies":"Giant Head","floor":40,"turns":9}],"seed_played":"2221736780962345709","potions_obtained":[{"floor":4,"key":"Fire Potion"},{"floor":6,"key":"PowerPotion"},{"floor":8,"key":"AttackPotion"},{"floor":16,"key":"Fire Potion"},{"floor":19,"key":"SteroidPotion"},{"floor":22,"key":"Fire Potion"},{"floor":29,"key":"Fire Potion"},{"floor":35,"key":"EssenceOfSteel"}],"is_trial":false,"path_per_floor":["M","?","M","M","$","E","M","E","T","R","M","M","E","?","R","B",null,"M","M","M","$","M","R","M","R","T","E","?","E","?","$","R","B",null,"M","M","$","M","$","E"],"character_chosen":"DEFECT","items_purchased":["Cold Snap","Whetstone","Self Repair","Stack+1","Steam+1","Coolheaded+1","SkillPotion","Hologram+1"],"campfire_rested":2,"item_purchase_floors":[5,21,21,21,31,37,37,39],"current_hp_per_floor":[60,60,54,54,54,43,43,22,22,43,43,43,43,32,32,10,56,56,56,53,53,51,51,52,52,52,52,52,35,35,35,56,25,60,57,56,56,56,56,0],"gold":20,"neow_bonus":"THREE_RARE_CARDS","is_prod":false,"is_daily":false,"chose_seed":false,"campfire_upgraded":3,"win_rate":0,"timestamp":1551209064,"path_taken":["M","?","M","M","$","E","?","E","T","R","M","M","E","?","R","BOSS","M","M","M","$","M","R","M","R","T","E","?","E","?","$","R","BOSS","M","M","$","M","?","E"],"build_version":"2019-01-23","purchased_purges":1,"victory":false,"max_hp_per_floor":[71,71,71,71,71,71,71,71,71,71,71,71,71,71,71,71,71,71,71,71,71,71,71,71,71,71,71,71,71,71,71,71,71,71,71,71,71,71,71,71],"card_choices":[{"not_picked":["Meteor Strike","Thunder Strike"],"picked":"Electrodynamics","floor":0},{"not_picked":["Gash","Compile Driver"],"picked":"Go for the Eyes","floor":1},{"not_picked":["Compile Driver","Tempest"],"picked":"Cold Snap","floor":3},{"not_picked":["Scrape","Leap"],"picked":"Auto Shields","floor":4},{"not_picked":["Steam","Undo"],"picked":"Cold Snap","floor":6},{"not_picked":["Lockon","Redo+1"],"picked":"BootSequence+1","floor":7},{"not_picked":["Fusion+1","Rainbow+1"],"picked":"Ball Lightning","floor":8},{"not_picked":["Hologram+1","Ball Lightning+1"],"picked":"White Noise+1","floor":11},{"not_picked":["Auto Shields+1","Storm"],"picked":"Stack+1","floor":12},{"not_picked":["Hello World","Chaos+1"],"picked":"Ball Lightning+1","floor":13},{"not_picked":["Hyperbeam+1","Echo Form"],"picked":"Seek+1","floor":16},{"not_picked":["Turbo+1","Beam Cell+1"],"picked":"Redo+1","floor":18},{"not_picked":["Rebound+1","Force Field+1"],"picked":"Redo+1","floor":19},{"not_picked":["Sweeping Beam+1","Barrage+1"],"picked":"Redo+1","floor":20},{"not_picked":["Streamline+1","Rip and Tear+1"],"picked":"Coolheaded+1","floor":22},{"not_picked":["Chaos+1","Sweeping Beam+1"],"picked":"Steam+1","floor":24},{"not_picked":["Cold Snap+1","Gash+1"],"picked":"Go for the Eyes+1","floor":27},{"not_picked":["Blizzard+1","Loop"],"picked":"Turbo+1","floor":29},{"not_picked":["Reboot+1","Electrodynamics"],"picked":"Fission+1","floor":33},{"not_picked":[],"picked":"Cold Snap+1","floor":35},{"not_picked":["Sweeping Beam+1"],"picked":"SKIP","floor":36},{"not_picked":[],"picked":"BootSequence+1","floor":38}],"player_experience":384274,"relics_obtained":[{"floor":6,"key":"Toxic Egg 2"},{"floor":8,"key":"Molten Egg 2"},{"floor":9,"key":"Cables"},{"floor":13,"key":"Letter Opener"},{"floor":26,"key":"Bronze Scales"},{"floor":27,"key":"Matryoshka"},{"floor":29,"key":"Potion Belt"}],"event_choices":[{"damage_healed":0,"gold_gain":0,"cards_transformed":["Strike_B"],"player_choice":"Transformed","damage_taken":0,"max_hp_gain":0,"max_hp_loss":0,"event_name":"Transmorgrifier","floor":2,"gold_loss":0,"cards_obtained":["Turbo"]},{"damage_healed":0,"gold_gain":75,"player_choice":"Gather Gold","damage_taken":11,"max_hp_gain":0,"max_hp_loss":0,"event_name":"World of Goop","floor":14,"gold_loss":0},{"damage_healed":0,"gold_gain":0,"cards_transformed":["Defend_B","Defend_B"],"player_choice":"Became Test Subject","damage_taken":0,"max_hp_gain":0,"max_hp_loss":0,"event_name":"Drug Dealer","floor":28,"gold_loss":0,"cards_obtained":["All For One","Sunder"]},{"damage_healed":0,"gold_gain":0,"player_choice":"Upgraded Two","damage_taken":0,"max_hp_gain":0,"max_hp_loss":0,"event_name":"Designer","floor":30,"gold_loss":50,"cards_upgraded":["Self Repair","Dualcast"]}],"is_beta":false,"boss_relics":[{"not_picked":["Empty Cage","White Beast Statue"],"picked":"Astrolabe"},{"not_picked":["Runic Dome","Philosopher\u0027s Stone"],"picked":"Busted Crown"}],"items_purged_floors":[5],"is_endless":false,"potions_floor_spawned":[4,6,8,12,13,16,19,22,29,35,38],"killed_by":"Giant Head","ascension_level":16}