{"gold_per_floor":[109,209,227,243,253,282,282,282,307,321,381,381,398,408,408,505,505,525,625,625,642,642],"floor_reached":22,"playtime":1601,"items_purged":[],"score":198,"play_id":"d73e4106-9e96-45ca-92f2-26e12d2cc145","local_time":"20190115080310","is_ascension_mode":false,"campfire_choices":[{"floor":7,"key":"REST"},{"floor":15,"key":"REST"}],"neow_cost":"NONE","seed_source_timestamp":482138410925685,"circlet_count":0,"master_deck":["Defend_G","Defend_G","Defend_G","Defend_G","Strike_G","Strike_G","Strike_G","Strike_G","Strike_G","Survivor","Neutralize+1","Noxious Fumes+1","Dagger Throw","Underhanded Strike","Heel Hook","All Out Attack","Dagger Spray","Finisher","Deflect","Glass Knife","Endless Agony","Escape Plan+1","Necronomicurse","Dagger Spray"],"relics":["Ring of the Snake","Orichalcum","Oddly Smooth Stone","Tiny Chest","Philosopher\u0027s Stone","Tough Bandages","Shuriken","Necronomicon"],"potions_floor_usage":[16,19,22],"damage_taken":[{"damage":0,"enemies":"Jaw Worm","floor":1,"turns":6},{"damage":1,"enemies":"Cultist","floor":3,"turns":4},{"damage":0,"enemies":"2 Louse","floor":4,"turns":3},{"damage":0,"enemies":"Looter","floor":5,"turns":4},{"damage":20,"enemies":"Lagavulin","floor":6,"turns":7},{"damage":8,"enemies":"Lots of Slimes","floor":10,"turns":5},{"damage":12,"enemies":"3 Sentries","floor":11,"turns":6},{"damage":3,"enemies":"Exordium Wildlife","floor":13,"turns":3},{"damage":2,"enemies":"Looter","floor":14,"turns":3},{"damage":13,"enemies":"Hexaghost","floor":16,"turns":10},{"damage":4,"enemies":"3 Byrds","floor":18,"turns":3},{"damage":2,"enemies":"Colosseum Slavers","floor":19,"turns":4},{"damage":39,"enemies":"Colosseum Nobs","floor":19,"turns":5},{"damage":1,"enemies":"Chosen","floor":21,"turns":3},{"damage":28,"enemies":"Shelled Parasite and Fungi","floor":22,"turns":2}],"seed_played":"-3552068152199294881","potions_obtained":[{"floor":3,"key":"SkillPotion"},{"floor":4,"key":"LiquidBronze"},{"floor":5,"key":"EssenceOfSteel"},{"floor":13,"key":"FearPotion"},{"floor":16,"key":"Swift Potion"},{"floor":19,"key":"Explosive Potion"}],"is_trial":false,"path_per_floor":["M","?","M","M","M","E","R","?","T","M","E","?","M","M","R","B",null,"M","?","?","M","M"],"character_chosen":"THE_SILENT","items_purchased":[],"campfire_rested":2,"item_purchase_floors":[],"current_hp_per_floor":[70,70,69,69,69,49,70,63,63,55,43,43,40,38,59,46,70,66,25,9,8,0],"gold":642,"neow_bonus":"UPGRADE_CARD","is_prod":false,"is_daily":false,"chose_seed":false,"campfire_upgraded":0,"win_rate":0.0,"timestamp":1547557390,"path_taken":["M","?","M","M","?","E","R","?","T","M","E","?","M","?","R","BOSS","M","?","?","M","M"],"build_version":"2019-01-10","purchased_purges":0,"victory":false,"max_hp_per_floor":[70,70,70,70,70,70,70,70,70,70,70,70,70,70,70,70,70,70,70,70,70,70],"card_choices":[{"not_picked":["Slice","Choke"],"picked":"Noxious Fumes","floor":1},{"not_picked":["Blur","Terror"],"picked":"Dagger Throw","floor":3},{"not_picked":["Quick Slash","Dagger Throw"],"picked":"Underhanded Strike","floor":4},{"not_picked":["Burst","Deadly Poison","Acrobatics"],"picked":"SKIP","floor":5},{"not_picked":["Dagger Throw","Riddle With Holes"],"picked":"Heel Hook","floor":6},{"not_picked":["Acrobatics","Prepared"],"picked":"All Out Attack","floor":10},{"not_picked":["A Thousand Cuts","Slice"],"picked":"Dagger Spray","floor":11},{"not_picked":["Dagger Spray","Footwork"],"picked":"Finisher","floor":13},{"not_picked":["Dagger Throw","Backflip"],"picked":"Deflect","floor":14},{"not_picked":["Night Terror","Tools of the Trade"],"picked":"Glass Knife","floor":16},{"not_picked":["Flying Knee","Bane"],"picked":"Endless Agony","floor":18},{"not_picked":["Dash","Deflect"],"picked":"Escape Plan+1","floor":19},{"not_picked":["Dodge and Roll+1","Prepared"],"picked":"Dagger Spray","floor":21}],"player_experience":39730,"relics_obtained":[{"floor":6,"key":"Orichalcum"},{"floor":9,"key":"Oddly Smooth Stone"},{"floor":11,"key":"Tiny Chest"},{"floor":19,"key":"Tough Bandages"},{"floor":19,"key":"Shuriken"},{"floor":20,"key":"Necronomicon"}],"event_choices":[{"damage_healed":0,"gold_gain":100,"player_choice":"Pray","damage_taken":0,"max_hp_gain":0,"max_hp_loss":0,"event_name":"Golden Shrine","floor":2,"gold_loss":0},{"cards_removed":["Defend_G"],"damage_healed":0,"gold_gain":0,"player_choice":"Card Removal","damage_taken":7,"max_hp_gain":0,"max_hp_loss":0,"event_name":"Golden Wing","floor":8,"gold_loss":0},{"damage_healed":0,"gold_gain":0,"player_choice":"Forge","damage_taken":0,"max_hp_gain":0,"max_hp_loss":0,"event_name":"Accursed Blacksmith","floor":12,"gold_loss":0,"cards_upgraded":["Noxious Fumes"]},{"damage_healed":0,"gold_gain":0,"player_choice":"Fight","damage_taken":0,"max_hp_gain":0,"max_hp_loss":0,"event_name":"Colosseum","floor":19,"gold_loss":0},{"damage_healed":0,"gold_gain":0,"player_choice":"Fought Nobs","damage_taken":0,"max_hp_gain":0,"max_hp_loss":0,"event_name":"Colosseum","floor":19,"gold_loss":0},{"damage_healed":0,"gold_gain":0,"player_choice":"Obtained Book","damage_taken":16,"max_hp_gain":0,"max_hp_loss":0,"event_name":"Cursed Tome","floor":20,"gold_loss":0}],"is_beta":false,"boss_relics":[{"not_picked":["WristBlade","Astrolabe"],"picked":"Philosopher\u0027s Stone"}],"items_purged_floors":[],"is_endless":false,"potions_floor_spawned":[3,4,5,13,16,19,21],"killed_by":"Shelled Parasite and Fungi","ascension_level":0}