{"gold_per_floor":[116,127,137,149,166,166,177,212,212,245,245,245,256,269,269,340,340,360,285,335,210,224,224,250,230,255,272,28,53,53,64,64,138,138,150,163,183,35,54,82,11,11,11,30,47,47,47,47],"floor_reached":48,"playtime":2258,"items_purged":["Strike_R"],"score":928,"play_id":"dc387e65-b9ad-471e-a68a-c028e81ecee3","local_time":"20190121211538","is_ascension_mode":true,"campfire_choices":[{"data":"Armaments","floor":6,"key":"SMITH"},{"data":"Shockwave","floor":12,"key":"SMITH"},{"data":"Corruption","floor":15,"key":"SMITH"},{"data":"Iron Wave","floor":23,"key":"SMITH"},{"data":"Carnage","floor":30,"key":"SMITH"},{"data":"Iron Wave","floor":32,"key":"SMITH"},{"floor":42,"key":"REST"}],"neow_cost":"NONE","seed_source_timestamp":43749728372541,"circlet_count":0,"master_deck":["AscendersBane","Strike_R","Strike_R","Strike_R","Strike_R","Defend_R","Defend_R","Bash","Iron Wave+1","Pommel Strike","Armaments+1","Shockwave+1","Corruption+1","Exhume","Metallicize+1","Carnage+1","Shrug It Off+1","Cleave+1","Disarm","Spot Weakness","Dark Embrace+1"],"relics":["Black Blood","Happy Flower","Vajra","Torii","Singing Bowl","Snecko Eye","Frozen Egg 2","Bag of Marbles","Kunai","Du-Vu Doll","Juzu Bracelet","Regal Pillow"],"potions_floor_usage":[10,16,18,24,29,33,33],"damage_taken":[{"damage":0,"enemies":"Cultist","floor":1,"turns":4},{"damage":0,"enemies":"Small Slimes","floor":2,"turns":3},{"damage":7,"enemies":"2 Louse","floor":3,"turns":3},{"damage":19,"enemies":"Exordium Wildlife","floor":4,"turns":6},{"damage":0,"enemies":"2 Fungi Beasts","floor":5,"turns":3},{"damage":14,"enemies":"Red Slaver","floor":7,"turns":5},{"damage":30,"enemies":"3 Sentries","floor":8,"turns":9},{"damage":14,"enemies":"Lagavulin","floor":10,"turns":6},{"damage":2,"enemies":"Exordium Thugs","floor":13,"turns":4},{"damage":1,"enemies":"Looter","floor":14,"turns":3},{"damage":8,"enemies":"Hexaghost","floor":16,"turns":9},{"damage":10,"enemies":"3 Byrds","floor":18,"turns":7},{"damage":7,"enemies":"2 Thieves","floor":22,"turns":4},{"damage":7,"enemies":"Gremlin Leader","floor":24,"turns":7},{"damage":0,"enemies":"Snecko","floor":27,"turns":4},{"damage":3,"enemies":"Slavers","floor":29,"turns":6},{"damage":7,"enemies":"Snake Plant","floor":31,"turns":2},{"damage":59,"enemies":"Champ","floor":33,"turns":10},{"damage":29,"enemies":"3 Darklings","floor":35,"turns":5},{"damage":11,"enemies":"Orb Walker","floor":36,"turns":3},{"damage":22,"enemies":"Maw","floor":37,"turns":7},{"damage":1,"enemies":"3 Darklings","floor":39,"turns":3},{"damage":50,"enemies":"Nemesis","floor":40,"turns":8},{"damage":16,"enemies":"Jaw Worm Horde","floor":44,"turns":4},{"damage":26,"enemies":"Transient","floor":45,"turns":5},{"damage":58,"enemies":"Reptomancer","floor":48,"turns":5}],"seed_played":"6238506706974482414","potions_obtained":[{"floor":2,"key":"SpeedPotion"},{"floor":8,"key":"EssenceOfSteel"},{"floor":10,"key":"GamblersBrew"},{"floor":13,"key":"Ancient Potion"},{"floor":14,"key":"PowerPotion"},{"floor":16,"key":"BloodPotion"},{"floor":24,"key":"FairyPotion"},{"floor":25,"key":"SkillPotion"},{"floor":31,"key":"Strength Potion"},{"floor":33,"key":"Fruit Juice"},{"floor":35,"key":"Ancient Potion"}],"is_trial":false,"path_per_floor":["M","M","M","M","M","R","M","E","T","E","?","R","M","M","R","B",null,"M","?","?","$","M","R","E","?","T","M","$","E","R","M","R","B",null,"M","M","M","$","M","E","$","R","T","M","M","$","?","E"],"character_chosen":"IRONCLAD","items_purchased":["Explosive Potion","Kunai","Juzu Bracelet","Spot Weakness"],"campfire_rested":1,"item_purchase_floors":[21,28,38,41],"current_hp_per_floor":[74,75,74,61,67,67,59,35,35,29,29,29,35,42,42,40,71,77,77,77,77,78,78,79,79,79,85,85,87,87,86,86,40,81,64,65,53,53,62,24,24,69,69,65,49,49,49,0],"gold":47,"neow_bonus":"RANDOM_COMMON_RELIC","is_prod":false,"is_daily":false,"chose_seed":false,"campfire_upgraded":6,"win_rate":0,"timestamp":1548123338,"path_taken":["M","M","M","M","M","R","M","E","T","E","?","R","M","?","R","BOSS","M","?","?","?","M","R","E","?","T","M","$","E","R","M","R","BOSS","M","M","M","?","M","E","$","R","T","M","M","?","?","E"],"build_version":"2019-01-17v2","purchased_purges":1,"victory":false,"max_hp_per_floor":[75,75,75,75,75,75,75,75,75,77,77,77,79,81,81,81,81,83,83,83,83,85,85,87,87,87,87,87,87,87,87,87,94,94,96,98,98,98,98,100,100,100,100,102,102,102,102,102],"card_choices":[{"not_picked":["True Grit","Armaments"],"picked":"Iron Wave","floor":1},{"not_picked":["Armaments","Sentinel"],"picked":"Iron Wave","floor":2},{"not_picked":["Sever Soul","Havoc"],"picked":"Pommel Strike","floor":3},{"not_picked":["Wild Strike","Iron Wave"],"picked":"Armaments","floor":4},{"not_picked":["Warcry","Havoc","Headbutt"],"picked":"SKIP","floor":5},{"not_picked":["Hemokinesis","Carnage"],"picked":"Shockwave","floor":7},{"not_picked":["Warcry","Heavy Blade"],"picked":"Corruption","floor":8},{"not_picked":["Heavy Blade","Seeing Red","Berserk"],"picked":"Singing Bowl","floor":10},{"not_picked":["Sword Boomerang","Flex","Evolve"],"picked":"Singing Bowl","floor":13},{"not_picked":["Power Through","Pommel Strike","Uppercut"],"picked":"Singing Bowl","floor":14},{"not_picked":["Berserk","Brutality"],"picked":"Exhume","floor":16},{"not_picked":["Havoc","Entrench","Rampage"],"picked":"Singing Bowl","floor":18},{"not_picked":["Twin Strike","Hemokinesis","Heavy Blade"],"picked":"Singing Bowl","floor":22},{"not_picked":["Wild Strike","Body Slam","Clash"],"picked":"Singing Bowl","floor":24},{"not_picked":["Havoc","Armaments"],"picked":"Metallicize+1","floor":27},{"not_picked":["Brutality+1","Blood for Blood"],"picked":"Carnage","floor":29},{"not_picked":["Havoc","Sword Boomerang"],"picked":"Shrug It Off+1","floor":31},{"not_picked":["Feed","Berserk+1","Brutality+1"],"picked":"Singing Bowl","floor":33},{"not_picked":["Armaments","Intimidate","Wild Strike"],"picked":"Singing Bowl","floor":35},{"not_picked":["Dual Wield+1","Havoc+1","Inflame+1"],"picked":"Singing Bowl","floor":36},{"not_picked":["Rupture+1","Flex"],"picked":"Cleave+1","floor":37},{"not_picked":["Iron Wave","Cleave"],"picked":"Disarm","floor":39},{"not_picked":["Thunderclap","True Grit","Wild Strike"],"picked":"Singing Bowl","floor":40},{"not_picked":["Wild Strike","Cleave","Heavy Blade"],"picked":"Singing Bowl","floor":44},{"not_picked":["Sentinel","Perfected Strike"],"picked":"Dark Embrace+1","floor":45}],"player_experience":1030107,"relics_obtained":[{"floor":8,"key":"Vajra"},{"floor":9,"key":"Torii"},{"floor":10,"key":"Singing Bowl"},{"floor":24,"key":"Frozen Egg 2"},{"floor":26,"key":"Bag of Marbles"},{"floor":29,"key":"Du-Vu Doll"},{"floor":40,"key":"Regal Pillow"}],"event_choices":[{"cards_removed":["Defend_R"],"damage_healed":0,"gold_gain":0,"player_choice":"Purged","damage_taken":0,"max_hp_gain":0,"max_hp_loss":0,"event_name":"Purifier","floor":11,"gold_loss":0},{"cards_removed":["Defend_R"],"damage_healed":0,"gold_gain":0,"player_choice":"Gave Gold","damage_taken":0,"max_hp_gain":0,"max_hp_loss":0,"event_name":"Beggar","floor":19,"gold_loss":75},{"damage_healed":0,"gold_gain":50,"player_choice":"Stole From Cult","damage_taken":0,"max_hp_gain":0,"max_hp_loss":0,"event_name":"Nest","floor":20,"gold_loss":0},{"damage_healed":0,"gold_gain":0,"player_choice":"Bought 1 Potion","damage_taken":0,"max_hp_gain":0,"max_hp_loss":0,"event_name":"The Woman in Blue","floor":25,"gold_loss":0},{"cards_removed":["Iron Wave"],"damage_healed":0,"gold_gain":0,"player_choice":"Removed Attack","damage_taken":0,"max_hp_gain":0,"max_hp_loss":0,"event_name":"Falling","floor":47,"gold_loss":0}],"is_beta":false,"boss_relics":[{"not_picked":["Mark of Pain","Busted Crown"],"picked":"Snecko Eye"},{"not_picked":["Runic Pyramid","Coffee Dripper"],"picked":"Black Blood"}],"items_purged_floors":[21],"is_endless":false,"potions_floor_spawned":[2,8,10,13,14,16,24,31,33,35,37,40,45],"killed_by":"Reptomancer","ascension_level":15}