{"gold_per_floor":[112,29,29,104,119,144,160,160,160,186,202,4,4,15,15,91,141,153,153,153,103,122,122,148,148,148,148],"floor_reached":27,"playtime":790,"items_purged":["Strike_B","Writhe"],"score":553,"play_id":"e1ca46d2-43ae-46a8-b8f7-f349861f3dd2","local_time":"20190104211128","is_ascension_mode":true,"campfire_choices":[{"data":"Defragment","floor":8,"key":"SMITH"},{"data":"Defragment","floor":15,"key":"SMITH"},{"data":"Echo Form","floor":23,"key":"SMITH"},{"data":"Loop","floor":25,"key":"SMITH"}],"neow_cost":"NONE","seed_source_timestamp":11962290653010,"circlet_count":0,"master_deck":["AscendersBane","Strike_B","Strike_B","Strike_B","Defend_B","Defend_B","Defend_B","Defend_B","Zap","Dualcast","Steam","Defragment+1","Sweeping Beam","Conserve Battery","Ball Lightning","Defragment+1","Coolheaded","FTL+1","Sunder","Echo Form+1","Turbo","Glacier","White Noise","Loop+1"],"relics":["Cracked Core","NeowsBlessing","Darkstone Periapt","Pear","Blood Vial","Question Card","Tiny House","Smiling Mask","Mercury Hourglass","Orichalcum"],"potions_floor_usage":[10,14,16,22,24,24,24],"damage_taken":[{"damage":0,"enemies":"2 Louse","floor":1,"turns":1},{"damage":0,"enemies":"Small Slimes","floor":5,"turns":1},{"damage":0,"enemies":"Lagavulin","floor":6,"turns":1},{"damage":4,"enemies":"Cultist","floor":7,"turns":5},{"damage":44,"enemies":"Gremlin Nob","floor":10,"turns":4},{"damage":0,"enemies":"Looter","floor":11,"turns":2},{"damage":7,"enemies":"3 Louse","floor":14,"turns":3},{"damage":5,"enemies":"Hexaghost","floor":16,"turns":9},{"damage":11,"enemies":"Spheric Guardian","floor":18,"turns":4},{"damage":0,"enemies":"Chosen","floor":22,"turns":6},{"damage":31,"enemies":"Book of Stabbing","floor":24,"turns":7},{"damage":41,"enemies":"Slavers","floor":27,"turns":4}],"seed_played":"-2970930533028419654","potions_obtained":[{"floor":6,"key":"Strength Potion"},{"floor":11,"key":"LiquidBronze"},{"floor":14,"key":"Poison Potion"},{"floor":16,"key":"EntropicBrew"},{"floor":17,"key":"FocusPotion"}],"is_trial":false,"path_per_floor":["M","$","?","?","M","E","M","R","T","E","M","$","?","M","R","B",null,"M","?","?","$","M","R","E","R","T","E"],"character_chosen":"DEFECT","items_purchased":["Defragment","FTL","Regen Potion"],"campfire_rested":0,"item_purchase_floors":[2,12,12],"current_hp_per_floor":[64,64,64,53,53,53,49,49,59,15,17,17,17,21,21,18,70,61,61,67,67,69,69,40,40,40,1],"gold":148,"neow_bonus":"THREE_ENEMY_KILL","is_prod":false,"is_daily":false,"chose_seed":false,"campfire_upgraded":4,"win_rate":0,"timestamp":1546654288,"path_taken":["M","$","?","?","M","E","M","R","T","E","M","$","?","M","R","BOSS","M","?","?","$","M","R","E","R","T","E"],"build_version":"2019-01-03v4","purchased_purges":2,"victory":false,"max_hp_per_floor":[71,71,71,71,71,71,71,71,81,81,81,81,81,81,81,81,86,86,86,92,92,92,92,92,92,92,92],"card_choices":[{"not_picked":["Hologram","Barrage"],"picked":"Steam","floor":1},{"not_picked":["Genetic Algorithm","Reinforced Body"],"picked":"Sweeping Beam","floor":5},{"not_picked":["Redo","Compile Driver"],"picked":"Conserve Battery","floor":6},{"not_picked":["Barrage","Rebound"],"picked":"Ball Lightning","floor":7},{"not_picked":["Gash","Amplify"],"picked":"Defragment","floor":10},{"not_picked":["Sweeping Beam","Redo"],"picked":"Coolheaded","floor":11},{"not_picked":["Ball Lightning","Tempest","Coolheaded"],"picked":"Sunder","floor":14},{"not_picked":["Reboot","Fission","Meteor Strike"],"picked":"Echo Form","floor":16},{"not_picked":["Chaos","Recycle","Rip and Tear"],"picked":"Turbo","floor":17},{"not_picked":["Sweeping Beam","Steam","Leap"],"picked":"Glacier","floor":18},{"not_picked":["Hologram","Barrage","Go for the Eyes+1"],"picked":"White Noise","floor":22},{"not_picked":["Go for the Eyes","Streamline","Thunder Strike"],"picked":"Loop","floor":24}],"player_experience":994135,"relics_obtained":[{"floor":6,"key":"Darkstone Periapt"},{"floor":9,"key":"Pear"},{"floor":10,"key":"Blood Vial"},{"floor":24,"key":"Mercury Hourglass"},{"floor":26,"key":"Orichalcum"}],"event_choices":[{"damage_healed":0,"gold_gain":0,"player_choice":"Ignored","damage_taken":0,"max_hp_gain":0,"max_hp_loss":0,"event_name":"Golden Idol","floor":3,"gold_loss":0},{"damage_healed":0,"gold_gain":75,"player_choice":"Gather Gold","damage_taken":11,"max_hp_gain":0,"max_hp_loss":0,"event_name":"World of Goop","floor":4,"gold_loss":0},{"damage_healed":0,"gold_gain":0,"player_choice":"Gave Potion","damage_taken":0,"relics_obtained":["Question Card"],"max_hp_gain":0,"max_hp_loss":0,"event_name":"WeMeetAgain","floor":13,"gold_loss":0},{"damage_healed":0,"gold_gain":0,"player_choice":"Ignored","damage_taken":0,"max_hp_gain":0,"max_hp_loss":0,"event_name":"Cursed Tome","floor":19,"gold_loss":0},{"damage_healed":0,"gold_gain":0,"player_choice":"Opened","damage_taken":0,"relics_obtained":["Smiling Mask"],"max_hp_gain":0,"max_hp_loss":0,"event_name":"The Mausoleum","floor":20,"gold_loss":0,"cards_obtained":["Writhe"]}],"is_beta":false,"boss_relics":[{"not_picked":["Ectoplasm","Inserter"],"picked":"Tiny House"}],"items_purged_floors":[12,21],"is_endless":false,"potions_floor_spawned":[6,11,14,16],"killed_by":"Slavers","ascension_level":20}