{"path_per_floor":["M","?","M","M","?","R","E","M","T","R","M","?","T","E","R","B",null,"M","?","M","M","$","R","E","R","T","M","M","$","R","?","R"],"character_chosen":"IRONCLAD","items_purchased":["Happy Flower","Flame Barrier"],"gold_per_floor":[113,113,127,146,146,146,171,182,182,182,202,202,257,290,290,385,385,402,402,413,431,130,130,158,158,158,169,185,85,85,118,118,118],"floor_reached":33,"campfire_rested":1,"playtime":4723,"current_hp_per_floor":[80,62,66,71,71,71,21,23,33,33,39,39,39,8,50,26,90,66,45,45,32,32,32,35,35,35,40,45,45,45,45,45,0],"items_purged":["Strike_R","Strike_R"],"gold":118,"score":300,"play_id":"a4bb8ab6-6c53-4641-a4ec-b50a366a25f1","local_time":"20180520193620","is_prod":false,"is_daily":false,"chose_seed":false,"is_ascension_mode":false,"campfire_upgraded":6,"timestamp":1526841380,"campfire_choices":[{"data":"Iron Wave","floor":6.0,"key":"SMITH"},{"data":"Cleave","floor":10.0,"key":"SMITH"},{"floor":15.0,"key":"REST"},{"data":"Barricade","floor":23,"key":"SMITH"},{"data":"Cleave","floor":25,"key":"SMITH"},{"data":"Body Slam","floor":30,"key":"SMITH"},{"data":"Bash","floor":32,"key":"SMITH"}],"path_taken":["M","?","M","M","?","R","E","M","T","R","M","?","?","E","R","BOSS","M","?","M","M","$","R","E","R","T","M","M","$","R","?","R","BOSS"],"build_version":"2018-05-17","seed_source_timestamp":85463577292306,"purchased_purges":2,"victory":false,"master_deck":["Strike_R","Defend_R","Defend_R","Defend_R","Defend_R","Bash+1","Iron Wave+1","Body Slam+1","Cleave+1","Cleave+1","Barricade+1","Shrug It Off+1","Limit Break+1","Iron Wave","Ghostly+1","Ghostly+1","Ghostly+1","Ghostly+1","Ghostly+1","Flex+1","True Grit+1","Flame Barrier+1","Impervious+1"],"max_hp_per_floor":[80,80,80,80,80,80,80,80,90,90,90,90,90,90,90,90,90,90,45,45,45,45,45,45,45,45,45,45,45,45,45,45,45],"relics":["Burning Blood","Toxic Egg 2","Question Card","Pear","Regal Pillow","Shuriken","Sozu","Happy Flower","Molten Egg 2","Toolbox","Red Mask"],"card_choices":[{"not_picked":["Dual Wield","Disarm"],"picked":"Iron Wave","floor":1.0},{"not_picked":["Sever Soul","Burning Pact+1","Sword Boomerang"],"picked":"SKIP","floor":3.0},{"not_picked":["Perfected Strike","Clothesline"],"picked":"Body Slam","floor":4.0},{"not_picked":["Corruption","Metallicize"],"picked":"Cleave","floor":7.0},{"not_picked":["Rampage","Corruption","Clothesline"],"picked":"Cleave","floor":8.0},{"not_picked":["Warcry+1","Clothesline","Iron Wave"],"picked":"Barricade","floor":11.0},{"not_picked":["Rupture","Flame Barrier+1","Seeing Red+1"],"picked":"Shrug It Off+1","floor":14.0},{"not_picked":["Dark Embrace","Brutality","Demon Form"],"picked":"Limit Break+1","floor":16.0},{"not_picked":["Power Through+1","Corruption","Clothesline"],"picked":"Iron Wave","floor":18.0},{"not_picked":["Pommel Strike","Battle Trance+1","Cleave"],"picked":"Flex+1","floor":20.0},{"not_picked":["Wild Strike","Fire Breathing+1","Clothesline"],"picked":"True Grit+1","floor":21.0},{"not_picked":["Sentinel+1","Rampage+1","Dropkick"],"picked":"Impervious+1","floor":24},{"not_picked":["Rampage+1","Anger+1","Searing Blow+1","Sever Soul+1"],"picked":"SKIP","floor":27},{"not_picked":["Wild Strike+1","Rage+1","Warcry+1","Metallicize+1"],"picked":"SKIP","floor":28}],"player_experience":97390,"potions_floor_usage":[],"damage_taken":[{"damage":6.0,"enemies":"Cultist","floor":1.0,"turns":3.0},{"damage":2.0,"enemies":"Small Slimes","floor":3.0,"turns":4.0},{"damage":1.0,"enemies":"2 Louse","floor":4.0,"turns":3.0},{"damage":56.0,"enemies":"Gremlin Nob","floor":7.0,"turns":7.0},{"damage":4.0,"enemies":"Blue Slaver","floor":8.0,"turns":4.0},{"damage":0.0,"enemies":"Gremlin Gang","floor":11.0,"turns":2.0},{"damage":37.0,"enemies":"Lagavulin","floor":14.0,"turns":9.0},{"damage":30.0,"enemies":"Slime Boss","floor":16.0,"turns":14.0},{"damage":30.0,"enemies":"Spheric Guardian","floor":18.0,"turns":6.0},{"damage":1.0,"enemies":"Chosen","floor":20.0,"turns":9.0},{"damage":19.0,"enemies":"3 Cultists","floor":21.0,"turns":6.0},{"damage":3,"enemies":"Slavers","floor":24,"turns":8},{"damage":1,"enemies":"Chosen and Byrds","floor":27,"turns":9},{"damage":0,"enemies":"Cultist and Chosen","floor":28,"turns":9},{"damage":1,"enemies":"Masked Bandits","floor":31,"turns":6},{"damage":55,"enemies":"Collector","floor":33,"turns":6}],"relics_obtained":[{"floor":7.0,"key":"Question Card"},{"floor":9.0,"key":"Pear"},{"floor":13.0,"key":"Regal Pillow"},{"floor":14.0,"key":"Shuriken"},{"floor":24,"key":"Molten Egg 2"},{"floor":26,"key":"Toolbox"},{"floor":31,"key":"Red Mask"}],"event_choices":[{"event_name":"Scrap Ooze","player_choice":"success","floor":2.0,"damage_taken":18.0},{"event_name":"Bonfire Elementals","player_choice":"BASIC","floor":5.0,"damage_taken":0.0},{"event_name":"Living Wall","player_choice":"Forget","floor":12.0,"damage_taken":0.0},{"event_name":"Ghosts","player_choice":"Became a Ghost","floor":19.0,"damage_taken":0.0},{"event_name":"Masked Bandits","player_choice":"Fought over 85 gold","floor":31,"damage_taken":0}],"boss_relics":[],"potions_floor_spawned":[1,8,11,14,21,27],"seed_played":"-252080368371984752","killed_by":"Collector","ascension_level":0,"potions_obtained":[{"floor":1.0,"key":"Weak Potion"},{"floor":8.0,"key":"SpeedPotion"},{"floor":11.0,"key":"LiquidBronze"},{"floor":14.0,"key":"Explosive Potion"}],"is_trial":false}