{"gold_per_floor":[114,134,150,162,180,180,207,225,225,245,262,437,437],"floor_reached":13,"playtime":750,"items_purged":[],"score":105,"play_id":"3517ee12-bbd0-448b-add0-d984b48fcd95","local_time":"20190117184024","is_ascension_mode":true,"campfire_choices":[{"data":"Body Slam","floor":6,"key":"SMITH"}],"neow_cost":"NONE","seed_source_timestamp":4542914149945,"circlet_count":0,"master_deck":["Strike_R","Strike_R","Strike_R","Strike_R","Strike_R","Defend_R","Defend_R","Defend_R","Defend_R","Bash","Armaments","Rage","Double Tap","Body Slam+1","Second Wind","Iron Wave","Warcry","Clash","Ghostly Armor","Doubt"],"relics":["Burning Blood","Du-Vu Doll","Potion Belt"],"potions_floor_usage":[5,7],"damage_taken":[{"damage":1,"enemies":"Small Slimes","floor":1,"turns":5},{"damage":1,"enemies":"Cultist","floor":2,"turns":3},{"damage":0,"enemies":"2 Louse","floor":3,"turns":3},{"damage":8,"enemies":"2 Fungi Beasts","floor":4,"turns":4},{"damage":34,"enemies":"Lots of Slimes","floor":5,"turns":6},{"damage":40,"enemies":"3 Sentries","floor":7,"turns":11},{"damage":6,"enemies":"Looter","floor":8,"turns":3},{"damage":8,"enemies":"Blue Slaver","floor":10,"turns":3},{"damage":3,"enemies":"2 Fungi Beasts","floor":11,"turns":4},{"damage":29,"enemies":"Lagavulin","floor":13,"turns":6}],"seed_played":"-4552704834067366563","potions_obtained":[{"floor":2,"key":"FearPotion"},{"floor":3,"key":"FairyPotion"},{"floor":4,"key":"SkillPotion"},{"floor":5,"key":"SpeedPotion"},{"floor":11,"key":"GamblersBrew"}],"is_trial":false,"path_per_floor":["M","M","M","M","M","R","E","M","T","M","M","?","E"],"character_chosen":"IRONCLAD","items_purchased":[],"campfire_rested":0,"item_purchase_floors":[],"current_hp_per_floor":[80,80,80,78,50,50,16,16,16,14,17,17,0],"gold":437,"neow_bonus":"THREE_CARDS","is_prod":false,"is_daily":false,"chose_seed":false,"campfire_upgraded":1,"win_rate":0,"timestamp":1547768424,"path_taken":["M","M","M","M","M","R","E","M","T","M","M","?","E"],"build_version":"2019-01-10","purchased_purges":0,"victory":false,"max_hp_per_floor":[80,80,80,80,80,80,80,80,80,80,80,80,80],"card_choices":[{"not_picked":["Headbutt","Pommel Strike"],"picked":"Armaments","floor":0},{"not_picked":["Sword Boomerang","Wild Strike"],"picked":"Rage","floor":1},{"not_picked":["Pommel Strike","Headbutt"],"picked":"Double Tap","floor":2},{"not_picked":["Headbutt","Corruption","Dual Wield"],"picked":"SKIP","floor":3},{"not_picked":["Anger","Heavy Blade"],"picked":"Body Slam","floor":4},{"not_picked":["Pommel Strike","Combust"],"picked":"Second Wind","floor":5},{"not_picked":["Whirlwind","Heavy Blade"],"picked":"Iron Wave","floor":7},{"not_picked":["Flex","Sword Boomerang"],"picked":"Warcry","floor":8},{"not_picked":["Armaments","Thunderclap"],"picked":"Clash","floor":10},{"not_picked":["Double Tap","Anger"],"picked":"Ghostly Armor","floor":11}],"player_experience":134850,"relics_obtained":[{"floor":7,"key":"Du-Vu Doll"},{"floor":9,"key":"Potion Belt"}],"event_choices":[{"damage_healed":0,"gold_gain":175,"player_choice":"AGREE","damage_taken":0,"max_hp_gain":0,"max_hp_loss":0,"event_name":"Liars Game","floor":12,"gold_loss":0,"cards_obtained":["Doubt"]}],"is_beta":false,"boss_relics":[],"items_purged_floors":[],"is_endless":false,"potions_floor_spawned":[2,3,4,5,11],"killed_by":"Lagavulin","ascension_level":3}