{"gold_per_floor":[15,28,47,61,19,47,47,47,47,47],"floor_reached":10,"playtime":290,"items_purged":[],"score":133,"play_id":"19d209e8-b074-44bc-b478-a3aa8b542ac7","local_time":"20190319192746","is_ascension_mode":true,"campfire_choices":[{"floor":7,"key":"REST"}],"neow_cost":"NO_GOLD","seed_source_timestamp":524752208717356,"circlet_count":0,"master_deck":["AscendersBane","Strike_B","Strike_B","Strike_B","Strike_B","Defend_B","Defend_B","Defend_B","Defend_B","Zap","Dualcast","Echo Form","Sweeping Beam","Darkness","Cold Snap","Self Repair","Doom and Gloom","Ball Lightning"],"relics":["Cracked Core","Symbiotic Virus","Bronze Scales","Frozen Egg 2"],"potions_floor_usage":[4],"damage_taken":[{"damage":1,"enemies":"2 Louse","floor":1,"turns":3},{"damage":0,"enemies":"Small Slimes","floor":2,"turns":4},{"damage":19,"enemies":"Jaw Worm","floor":3,"turns":4},{"damage":7,"enemies":"Blue Slaver","floor":4,"turns":4},{"damage":21,"enemies":"3 Sentries","floor":6,"turns":5},{"damage":27,"enemies":"Gremlin Nob","floor":10,"turns":3}],"seed_played":"-2910213542915776204","potions_obtained":[{"floor":3,"key":"SkillPotion"}],"is_trial":false,"path_per_floor":["M","M","M","M","$","E","R","?","T","E"],"character_chosen":"DEFECT","items_purchased":["Doom and Gloom"],"campfire_rested":1,"item_purchase_floors":[5],"current_hp_per_floor":[63,63,44,37,37,16,37,26,26,0],"gold":47,"neow_bonus":"THREE_RARE_CARDS","is_prod":false,"is_daily":false,"chose_seed":false,"campfire_upgraded":0,"win_rate":0,"timestamp":1553038066,"path_taken":["M","M","M","M","$","E","R","?","T","E"],"build_version":"2019-01-23","purchased_purges":0,"victory":false,"max_hp_per_floor":[71,71,71,71,71,71,71,71,71,71],"card_choices":[{"not_picked":["Seek","Core Surge"],"picked":"Echo Form","floor":0},{"not_picked":["Steam Power","Go for the Eyes"],"picked":"Sweeping Beam","floor":1},{"not_picked":["Streamline","Redo"],"picked":"Darkness","floor":2},{"not_picked":["Beam Cell","Capacitor"],"picked":"Cold Snap","floor":3},{"not_picked":["Reinforced Body","Heatsinks"],"picked":"Self Repair","floor":4},{"not_picked":["Hologram","Reinforced Body"],"picked":"Ball Lightning","floor":6}],"player_experience":456772,"relics_obtained":[{"floor":6,"key":"Symbiotic Virus"},{"floor":9,"key":"Frozen Egg 2"}],"event_choices":[{"damage_healed":0,"gold_gain":0,"player_choice":"Success","damage_taken":11,"relics_obtained":["Bronze Scales"],"max_hp_gain":0,"max_hp_loss":0,"event_name":"Scrap Ooze","floor":8,"gold_loss":0}],"is_beta":false,"boss_relics":[],"items_purged_floors":[],"is_endless":false,"potions_floor_spawned":[3],"killed_by":"Gremlin Nob","ascension_level":19}