{"path_per_floor":["M","?","?","M","?","R","M","$","T","R","M","M","?","M","R","B",null,"M","M","$"],"character_chosen":"IRONCLAD","items_purchased":["Shrug It Off","Limit Break"],"gold_per_floor":[117,77,177,187,187,187,197,97,97,97,111,121,121,135,135,231,231,249,263,24,24],"floor_reached":21,"campfire_rested":0,"playtime":2138,"item_purchase_floors":[8,20],"current_hp_per_floor":[88,88,88,88,88,88,88,88,88,88,88,86,68,61,61,40,88,78,39,39,0],"items_purged":["Strike_R","Strike_R"],"gold":24,"score":171,"play_id":"380aa3a7-a1d1-4668-bfc1-fcefebf84a90","local_time":"20180527225934","is_prod":false,"is_daily":false,"chose_seed":false,"is_ascension_mode":false,"campfire_upgraded":3,"win_rate":0,"timestamp":1527458374,"campfire_choices":[{"data":"Headbutt","floor":6,"key":"SMITH"},{"data":"Armaments","floor":10,"key":"SMITH"},{"data":"Pommel Strike","floor":15,"key":"SMITH"}],"path_taken":["M","?","?","M","?","R","?","$","T","R","M","M","?","M","R","BOSS","M","M","$","M"],"build_version":"2018-05-24","seed_source_timestamp":450774090539037,"purchased_purges":2,"victory":false,"master_deck":["Strike_R","Strike_R","Defend_R","Defend_R","Defend_R+1","Defend_R","Bash","Headbutt+1","Flex+1","Armaments+1","Shrug It Off","Pommel Strike+1","Demon Form","Rampage","Infernal Blade","Intimidate","Pommel Strike","Limit Break"],"max_hp_per_floor":[88,88,88,88,88,88,88,88,88,88,88,88,88,88,88,88,88,88,88,88,88],"relics":["Burning Blood","Centennial Puzzle","Orrery"],"card_choices":[{"not_picked":["Dropkick","Heavy Blade"],"picked":"Headbutt","floor":1},{"not_picked":["Spot Weakness","Thunderclap"],"picked":"Flex","floor":4},{"not_picked":["Flex","Blood for Blood"],"picked":"Armaments","floor":7},{"not_picked":["Sword Boomerang","Havoc","Carnage"],"picked":"SKIP","floor":11},{"not_picked":["Uppercut","Body Slam","Warcry"],"picked":"SKIP","floor":12},{"not_picked":["Wild Strike","Clash"],"picked":"Pommel Strike","floor":14},{"not_picked":["Immolate","Exhume"],"picked":"Demon Form","floor":16},{"not_picked":["Perfected Strike","Entrench"],"picked":"Rampage","floor":17},{"not_picked":["Intimidate","Twin Strike"],"picked":"Infernal Blade","floor":17},{"not_picked":["Rupture","Warcry"],"picked":"Intimidate","floor":17},{"not_picked":["Armaments","Spot Weakness"],"picked":"Pommel Strike","floor":18},{"not_picked":["Wild Strike+1","Twin Strike+1","Impervious"],"picked":"SKIP","floor":19}],"player_experience":143662,"potions_floor_usage":[11,11,16,16],"damage_taken":[{"damage":4,"enemies":"2 Louse","floor":1,"turns":4},{"damage":1,"enemies":"Cultist","floor":4,"turns":3},{"damage":0,"enemies":"Small Slimes","floor":7,"turns":3},{"damage":0,"enemies":"Looter","floor":11,"turns":4},{"damage":8,"enemies":"2 Fungi Beasts","floor":12,"turns":4},{"damage":13,"enemies":"Lots of Slimes","floor":14,"turns":6},{"damage":42,"enemies":"Slime Boss","floor":16,"turns":17},{"damage":16,"enemies":"Shell Parasite","floor":18,"turns":6},{"damage":45,"enemies":"Spheric Guardian","floor":19,"turns":8},{"damage":69,"enemies":"Cultist and Chosen","floor":21,"turns":7}],"relics_obtained":[{"floor":9,"key":"Centennial Puzzle"}],"event_choices":[{"event_name":"The Woman in Blue","player_choice":"Bought 3 Potions","floor":2,"damage_taken":0},{"event_name":"Golden Shrine","player_choice":"Pray","floor":3,"damage_taken":0},{"event_name":"Living Wall","player_choice":"Forget","floor":5,"damage_taken":0},{"event_name":"Shining Light","player_choice":"Entered Light","floor":13,"damage_taken":0}],"boss_relics":[{"not_picked":["Lizard Tail","Cursed Key"],"picked":"Orrery"}],"items_purged_floors":[8,20],"potions_floor_spawned":[1,7,12],"seed_played":"4348109644212518011","killed_by":"Cultist and Chosen","ascension_level":0,"potions_obtained":[{"floor":1,"key":"Swift Potion"},{"floor":2,"key":"SkillPotion"},{"floor":2,"key":"Weak Potion"},{"floor":12,"key":"Regen Potion"}],"is_trial":false}