{"gold_per_floor":[117,82,82,96,96,96,129,150,150,198,232,256,256,295,295,421,421,435,3,3,23,23,23,56,77,77,77,91,104,104,29,29,133,133,144,144,159,159],"floor_reached":38,"playtime":1934,"items_purged":["Decay"],"score":536,"play_id":"4c23c628-f9ff-4713-a14e-339756280039","local_time":"20190117182733","is_ascension_mode":true,"campfire_choices":[{"data":"Zap","floor":6,"key":"SMITH"},{"floor":13,"key":"REST"},{"data":"Hologram","floor":15,"key":"SMITH"},{"floor":23,"key":"REST"},{"floor":27,"key":"REST"},{"floor":32,"key":"REST"}],"neow_cost":"NONE","seed_source_timestamp":2590098441562,"circlet_count":0,"master_deck":["Strike_B","Strike_B","Strike_B","Defend_B+1","Defend_B","Defend_B","Defend_B","Zap+1","Dualcast","Stack","Scrape","Hologram+1","Injury","Go for the Eyes","Coolheaded","Defragment","Heatsinks","Steam+1","Electrodynamics","Parasite","Injury","Steam Power+1","Panache","Beam Cell","Storm","Reprogram+1","Buffer","Aggregate","Gash+1","Creative AI","Conserve Battery","Electrodynamics","Conserve Battery"],"relics":["Cracked Core","Bloody Idol","Mummified Hand","Letter Opener","Blood Vial","Blue Candle","Regal Pillow","Calling Bell","DataDisk","Shuriken","Calipers","War Paint","Ornamental Fan","Happy Flower","Cursed Key"],"potions_floor_usage":[7,7,11,14,16,29,33,33,33],"damage_taken":[{"damage":6,"enemies":"Jaw Worm","floor":1,"turns":4},{"damage":4,"enemies":"Small Slimes","floor":4,"turns":3},{"damage":20,"enemies":"Gremlin Nob","floor":7,"turns":4},{"damage":0,"enemies":"2 Louse","floor":8,"turns":3},{"damage":26,"enemies":"3 Sentries","floor":11,"turns":6},{"damage":1,"enemies":"Looter","floor":12,"turns":3},{"damage":7,"enemies":"Gremlin Nob","floor":14,"turns":3},{"damage":42,"enemies":"Slime Boss","floor":16,"turns":11},{"damage":29,"enemies":"2 Thieves","floor":18,"turns":3},{"damage":13,"enemies":"Spheric Guardian","floor":21,"turns":4},{"damage":30,"enemies":"Book of Stabbing","floor":24,"turns":5},{"damage":31,"enemies":"Centurion and Healer","floor":25,"turns":4},{"damage":12,"enemies":"Snake Plant","floor":28,"turns":3},{"damage":14,"enemies":"3 Cultists","floor":29,"turns":4},{"damage":22,"enemies":"Collector","floor":33,"turns":10},{"damage":50,"enemies":"3 Darklings","floor":35,"turns":5},{"damage":16,"enemies":"3 Shapes","floor":37,"turns":3},{"damage":28,"enemies":"Jaw Worm Horde","floor":38,"turns":1}],"seed_played":"1000918525954371224","potions_obtained":[{"floor":0,"key":"Swift Potion"},{"floor":0,"key":"GamblersBrew"},{"floor":0,"key":"FairyPotion"},{"floor":8,"key":"Poison Potion"},{"floor":11,"key":"Dexterity Potion"},{"floor":12,"key":"Strength Potion"},{"floor":16,"key":"Dexterity Potion"},{"floor":18,"key":"Fire Potion"},{"floor":28,"key":"PowerPotion"},{"floor":29,"key":"Fire Potion"}],"is_trial":false,"path_per_floor":["M","?","?","M","?","R","E","M","T","T","E","M","R","E","R","B",null,"M","$","?","M","$","R","E","M","T","R","M","M","?","$","R","B",null,"M","?","M","M"],"character_chosen":"DEFECT","items_purchased":["War Paint","Panache","Beam Cell","Storm"],"campfire_rested":4,"item_purchase_floors":[19,19,19,19],"current_hp_per_floor":[62,75,75,71,71,71,51,51,51,51,27,28,50,45,45,5,58,31,31,31,20,20,57,29,7,7,44,34,22,22,22,59,44,67,24,24,15,0],"gold":159,"neow_bonus":"THREE_SMALL_POTIONS","is_prod":false,"is_daily":false,"chose_seed":false,"campfire_upgraded":2,"win_rate":0,"timestamp":1547767653,"path_taken":["M","?","?","M","?","R","E","M","T","?","E","M","R","E","R","BOSS","M","?","?","M","$","R","E","M","T","R","M","?","?","?","R","BOSS","M","?","M","?"],"build_version":"2019-01-10","purchased_purges":1,"victory":false,"max_hp_per_floor":[75,75,75,75,75,75,75,75,75,75,75,75,75,75,75,75,75,75,75,75,75,75,75,75,75,75,75,75,75,75,75,75,75,75,75,75,75,75],"card_choices":[{"not_picked":["Darkness","Capacitor"],"picked":"Stack","floor":1},{"not_picked":["Fusion","Reinforced Body"],"picked":"Hologram","floor":4},{"not_picked":["Reprogram","Stack"],"picked":"Go for the Eyes","floor":7},{"not_picked":["Melter","Compile Driver"],"picked":"Coolheaded","floor":8},{"not_picked":["Genetic Algorithm","Leap"],"picked":"Defragment","floor":11},{"not_picked":["Compile Driver","Barrage"],"picked":"Heatsinks","floor":12},{"not_picked":["Cold Snap","Rip and Tear"],"picked":"Steam","floor":14},{"not_picked":["Reboot","Rainbow"],"picked":"Electrodynamics","floor":16},{"not_picked":["Rebound","Cold Snap"],"picked":"Steam Power+1","floor":18},{"not_picked":["Redo","Beam Cell"],"picked":"Reprogram+1","floor":21},{"not_picked":["Fusion","Sweeping Beam"],"picked":"Buffer","floor":24},{"not_picked":["Cold Snap","Fusion","Streamline"],"picked":"SKIP","floor":25},{"not_picked":["Double Energy","Capacitor"],"picked":"Aggregate","floor":28},{"not_picked":["Hologram+1","Glacier"],"picked":"Gash+1","floor":29},{"not_picked":["Meteor Strike","Electrodynamics"],"picked":"Creative AI","floor":33},{"not_picked":["Consume+1","Reinforced Body"],"picked":"Conserve Battery","floor":35},{"not_picked":["Streamline","Reinforced Body"],"picked":"Conserve Battery","floor":37}],"player_experience":132916,"relics_obtained":[{"floor":7,"key":"Mummified Hand"},{"floor":9,"key":"Letter Opener"},{"floor":10,"key":"Blood Vial"},{"floor":11,"key":"Blue Candle"},{"floor":14,"key":"Regal Pillow"},{"floor":17,"key":"DataDisk"},{"floor":17,"key":"Shuriken"},{"floor":17,"key":"Calipers"},{"floor":24,"key":"Ornamental Fan"},{"floor":26,"key":"Happy Flower"}],"event_choices":[{"damage_healed":18,"gold_gain":0,"player_choice":"Healed","damage_taken":0,"max_hp_gain":0,"max_hp_loss":0,"event_name":"The Cleric","floor":2,"gold_loss":35},{"damage_healed":0,"gold_gain":0,"cards_transformed":["Strike_B"],"player_choice":"Change","damage_taken":0,"max_hp_gain":0,"max_hp_loss":0,"event_name":"Living Wall","floor":3,"gold_loss":0,"cards_obtained":["Scrape"]},{"damage_healed":0,"gold_gain":0,"player_choice":"Take Wound","damage_taken":0,"relics_obtained":["Golden Idol"],"max_hp_gain":0,"max_hp_loss":0,"event_name":"Golden Idol","floor":5,"gold_loss":0,"cards_obtained":["Injury"]},{"damage_healed":0,"gold_gain":0,"player_choice":"Ignored","damage_taken":0,"max_hp_gain":0,"max_hp_loss":0,"event_name":"Beggar","floor":20,"gold_loss":0},{"damage_healed":0,"gold_gain":0,"player_choice":"Gave Idol","damage_taken":0,"relics_obtained":["Bloody Idol"],"max_hp_gain":0,"max_hp_loss":0,"event_name":"Forgotten Altar","floor":30,"relics_lost":["Golden Idol"],"gold_loss":0},{"damage_healed":0,"gold_gain":0,"player_choice":"Copied","damage_taken":0,"max_hp_gain":0,"max_hp_loss":0,"event_name":"Duplicator","floor":36,"gold_loss":0,"cards_obtained":["Electrodynamics"]}],"is_beta":false,"boss_relics":[{"not_picked":["Busted Crown","Runic Dome"],"picked":"Calling Bell"},{"not_picked":["Astrolabe","Runic Pyramid"],"picked":"Cursed Key"}],"items_purged_floors":[31],"is_endless":false,"potions_floor_spawned":[8,11,12,16,18,28,29],"killed_by":"Jaw Worm Horde","ascension_level":6}