{"path_per_floor":["M","$","M","?","M","E","R","M","T","R","$","M","E","M","R","B",null,"M","$","M","?","M","R","?","M","T","?","M","R","E","$","R","B",null,"M","M","$","?","M","R","E","R","T","?","M","$"],"character_chosen":"IRONCLAD","items_purchased":["Armaments","Clothesline","Bottled Tornado","Regen Potion","Fire Potion","Block Potion"],"gold_per_floor":[111,37,56,6,18,53,53,63,63,63,63,83,110,126,126,227,227,238,163,146,146,163,163,163,178,478,478,493,493,526,38,38,140,140,160,177,177,177,190,190,222,222,222,273,283,158],"floor_reached":47,"campfire_rested":2,"playtime":5850,"current_hp_per_floor":[68,68,66,66,73,32,32,33,43,70,70,73,44,37,37,23,101,98,98,80,80,35,35,71,71,71,71,46,46,16,16,49,34,113,108,98,98,98,87,87,48,48,48,31,30,30],"items_purged":["Strike_R","Corruption","Bludgeon"],"gold":158,"play_id":"ba1a33c3-a68c-4683-b769-819933407735","is_prod":false,"is_daily":false,"is_ascension_mode":false,"campfire_upgraded":6,"path_taken":["M","$","M","?","M","E","R","M","T","R","$","M","E","M","R","BOSS","M","$","M","?","M","R","?","?","T","?","M","R","E","$","R","BOSS","M","M","$","?","M","R","E","R","T","?","M","$","E"],"build_version":"2018-01-25-PROD3","purchased_purges":3,"victory":false,"master_deck":["Defend_R","Defend_R","Bash","Warcry","Armaments+1","Clothesline+1","Feed","Seeing Red","Metallicize+1","Pommel Strike","Dark Embrace+1","Limit Break+1","Uppercut+1","Seeing Red+1","Warcry","Burning Pact+1","Shrug It Off+1","Shrug It Off+1","Spot Weakness+1","Limit Break","Body Slam+1","Heavy Blade+1","Twin Strike+1","Shrug It Off+1","Seeing Red+1"],"max_hp_per_floor":[72,72,72,72,75,78,78,81,91,91,91,94,94,97,97,101,101,105,105,105,105,109,109,109,109,109,109,109,109,113,113,113,113,113,113,117,117,117,117,117,117,117,117,117,117,117],"relics":["Burning Blood","Kunai","Pear","Red Skull","Astrolabe","Old Coin","Frozen Egg","Bottled Tornado","Sozu","Gambling Chip","Ginger","Champion Belt"],"card_choices":[{"not_picked":["Clash","Anger"],"picked":"Warcry"},{"not_picked":["Warcry","Body Slam"],"picked":"Feed"},{"not_picked":["Power Through","Clothesline"],"picked":"Corruption"},{"not_picked":["Pommel Strike","Sword Boomerang"],"picked":"Seeing Red"},{"not_picked":["Anger","Clothesline"],"picked":"Metallicize"},{"not_picked":["Searing Blow","Anger"],"picked":"Pommel Strike"},{"not_picked":["Offering","Sever Soul"],"picked":"Dark Embrace"},{"not_picked":["Reaper","Fiend Fire"],"picked":"Bludgeon"},{"not_picked":["Twin Strike","Searing Blow"],"picked":"Warcry"},{"not_picked":["Second Wind","Clash"],"picked":"Burning Pact"},{"not_picked":["Second Wind","Flex"],"picked":"Shrug It Off"},{"not_picked":["Shockwave","Flex"],"picked":"Spot Weakness"},{"not_picked":["Brutality","Bludgeon"],"picked":"Limit Break"},{"not_picked":["Perfected Strike","Thunderclap"],"picked":"Body Slam"},{"not_picked":["Clothesline","Thunderclap"],"picked":"Heavy Blade"},{"not_picked":["Iron Wave","Rampage"],"picked":"Twin Strike"},{"not_picked":["Body Slam","Feel No Pain"],"picked":"Shrug It Off"},{"not_picked":["Burning Pact","Power Through"],"picked":"Seeing Red"}],"player_experience":6306,"potions_floor_usage":[30,30,30,33,33],"damage_taken":[{"damage":10.0,"enemies":"2 Louse","floor":1.0,"turns":3.0},{"damage":8.0,"enemies":"Blue Slaver","floor":3.0,"turns":5.0},{"damage":2.0,"enemies":"Small Slimes","floor":5.0,"turns":3.0},{"damage":50.0,"enemies":"Gremlin Nob","floor":6.0,"turns":6.0},{"damage":8.0,"enemies":"2 Fungi Beasts","floor":8.0,"turns":4.0},{"damage":6.0,"enemies":"3 Louse","floor":12.0,"turns":4.0},{"damage":35.0,"enemies":"3 Sentries","floor":13.0,"turns":7.0},{"damage":16.0,"enemies":"Exordium Thugs","floor":14.0,"turns":4.0},{"damage":24.0,"enemies":"Slime Boss","floor":16.0,"turns":9.0},{"damage":13,"enemies":"Shell Parasite","floor":18,"turns":9},{"damage":24,"enemies":"2 Thieves","floor":20,"turns":4},{"damage":55,"enemies":"3 Cultists","floor":22,"turns":7},{"damage":6,"enemies":"Snecko","floor":25,"turns":7},{"damage":31,"enemies":"Snake Plant","floor":28,"turns":5},{"damage":40,"enemies":"Book of Stabbing","floor":30,"turns":10},{"damage":36,"enemies":"Champ","floor":33,"turns":12},{"damage":11,"enemies":"Orb Walker","floor":35,"turns":4},{"damage":20,"enemies":"3 Shapes","floor":36,"turns":5},{"damage":17,"enemies":"3 Darklings","floor":39,"turns":8},{"damage":45,"enemies":"Giant Head","floor":41,"turns":9},{"damage":23,"enemies":"Mysterious Sphere","floor":44,"turns":4},{"damage":7,"enemies":"Sphere and 2 Shapes","floor":45,"turns":6},{"damage":44,"enemies":"Nemesis","floor":47,"turns":6}],"event_choices":[{"event_name":"The Cleric","player_choice":"Card Removal","floor":4.0,"damage_taken":0.0},{"event_name":"Vampires","player_choice":"Ignored","floor":21,"damage_taken":0},{"event_name":"The Library","player_choice":"Heal","floor":24,"damage_taken":0},{"event_name":"Duplicator","player_choice":"One dupe","floor":27,"damage_taken":0},{"event_name":"The Lab","player_choice":"Got Potions","floor":38,"damage_taken":0},{"event_name":"Mysterious Sphere","player_choice":"Fight","floor":44,"damage_taken":0}],"boss_relics":[{"not_picked":["Philosopher\u0027s Stone","Black Star"],"picked":"Astrolabe"},{"not_picked":["Runic Dome","White Beast Statue"],"picked":"Sozu"}],"potions_floor_spawned":[8,13,14,16,22,28,33,35,36,39,45],"seed_played":"2851350854835401192","killed_by":"Nemesis","ascension_level":0,"is_trial":false}