{"gold_per_floor":[116,136,136,156,166,166,197,197,220,240,240,270,270,289,289,367,367,382,382,36,52,52,52,81,81],"floor_reached":25,"playtime":1188,"items_purged":["Writhe"],"score":462,"play_id":"f97e7c66-dfad-46eb-95ff-6afb2ca8058b","local_time":"20181027085313","is_ascension_mode":true,"campfire_choices":[{"data":"Poisoned Stab","floor":6.0,"key":"SMITH"},{"data":"Dash","floor":11.0,"key":"SMITH"},{"floor":13.0,"key":"REST"},{"data":"Noxious Fumes","floor":15.0,"key":"SMITH"},{"data":"After Image","floor":23,"key":"SMITH"}],"neow_cost":"NONE","seed_source_timestamp":0,"circlet_count":0,"master_deck":["Defend_G+1","Defend_G","Defend_G","Defend_G+1","Strike_G","Strike_G","Strike_G","Survivor","Neutralize","AscendersBane","Tools of the Trade","Backflip","All Out Attack","Skewer","Poisoned Stab+1","Dash+1","Bullet Time","Noxious Fumes+1","After Image+1","Dagger Spray","Underhanded Strike","Caltrops","Storm of Steel","Leg Sweep"],"special_seed":0,"relics":["Ring of the Snake","Anchor","War Paint","Centennial Puzzle","Cursed Key","Ornamental Fan","Snake Skull","Bronze Scales"],"potions_floor_usage":[24,24],"damage_taken":[{"damage":0.0,"enemies":"2 Louse","floor":1.0,"turns":3.0},{"damage":7.0,"enemies":"Small Slimes","floor":2.0,"turns":4.0},{"damage":0.0,"enemies":"Cultist","floor":4.0,"turns":4.0},{"damage":4.0,"enemies":"Blue Slaver","floor":5.0,"turns":5.0},{"damage":18.0,"enemies":"Gremlin Nob","floor":7.0,"turns":4.0},{"damage":0.0,"enemies":"Gremlin Gang","floor":10.0,"turns":2.0},{"damage":23.0,"enemies":"Lagavulin","floor":12.0,"turns":7.0},{"damage":0.0,"enemies":"3 Louse","floor":14.0,"turns":4.0},{"damage":22.0,"enemies":"The Guardian","floor":16.0,"turns":10.0},{"damage":13,"enemies":"2 Thieves","floor":18,"turns":4},{"damage":13,"enemies":"3 Byrds","floor":21,"turns":4},{"damage":28,"enemies":"Slavers","floor":24,"turns":5},{"damage":2,"enemies":"Cultist and Chosen","floor":25,"turns":3}],"seed_played":"7399832545010364203","potions_obtained":[{"floor":2.0,"key":"AttackPotion"},{"floor":5.0,"key":"SkillPotion"},{"floor":14.0,"key":"Strength Potion"},{"floor":21,"key":"SteroidPotion"}],"is_trial":false,"path_per_floor":["M","M","?","M","M","R","E","?","T","M","R","E","R","M","R","B",null,"M","?","$","M","?","R","E"],"character_chosen":"THE_SILENT","items_purchased":["Snake Skull","Underhanded Strike","Regen Potion"],"campfire_rested":1,"item_purchase_floors":[20,20,20],"current_hp_per_floor":[59,52,52,52,48,48,30,30,30,30,30,7,26,26,26,4,51,38,38,38,25,25,25,12,10],"gold":81,"neow_bonus":"TRANSFORM_CARD","is_prod":false,"is_daily":false,"chose_seed":false,"campfire_upgraded":4,"win_rate":0,"timestamp":1540644793,"path_taken":["M","M","?","M","?","R","E","?","T","M","R","E","R","?","R","BOSS","M","?","$","M","?","R","E","M"],"build_version":"2018-10-25v2","purchased_purges":1,"victory":false,"max_hp_per_floor":[66,66,66,66,66,66,66,66,66,66,66,66,66,66,66,66,66,66,66,66,66,66,66,66,66],"card_choices":[{"not_picked":["Acrobatics","Prepared"],"picked":"Backflip","floor":1.0},{"not_picked":["Outmaneuver","Backflip"],"picked":"All Out Attack","floor":2.0},{"not_picked":["Deadly Poison","Finisher"],"picked":"Skewer","floor":4.0},{"not_picked":["Prepared","Flying Knee"],"picked":"Poisoned Stab","floor":5.0},{"not_picked":["Bouncing Flask","Riddle With Holes","Doppelganger"],"picked":"SKIP","floor":7.0},{"not_picked":["Poisoned Stab","Blade Dance"],"picked":"Dash","floor":10.0},{"not_picked":["Backflip","Venomology"],"picked":"Bullet Time","floor":12.0},{"not_picked":["Setup","Caltrops"],"picked":"Noxious Fumes","floor":14.0},{"not_picked":["Malaise","Glass Knife"],"picked":"After Image","floor":16.0},{"not_picked":["Blur","Backflip"],"picked":"Dagger Spray","floor":18},{"not_picked":["Quick Slash","Blur"],"picked":"Caltrops","floor":21},{"not_picked":["Tools of the Trade","Dodge and Roll+1"],"picked":"Leg Sweep","floor":24}],"player_experience":839267,"relics_obtained":[{"floor":7.0,"key":"Anchor"},{"floor":9.0,"key":"War Paint"},{"floor":12.0,"key":"Centennial Puzzle"},{"floor":24,"key":"Bronze Scales"}],"event_choices":[{"damage_healed":0.0,"max_hp_gain":0.0,"max_hp_loss":0.0,"gold_gain":0.0,"event_name":"Liars Game","player_choice":"Ignored","floor":3.0,"gold_loss":0.0,"damage_taken":0.0},{"cards_removed":["Strike_G"],"damage_healed":0.0,"max_hp_gain":0.0,"max_hp_loss":0.0,"gold_gain":0.0,"event_name":"Purifier","player_choice":"Purged","floor":8.0,"gold_loss":0.0,"damage_taken":0.0},{"damage_healed":0,"gold_gain":0,"player_choice":"Opened","damage_taken":0,"relics_obtained":["Ornamental Fan"],"max_hp_gain":0,"max_hp_loss":0,"event_name":"The Mausoleum","floor":19,"gold_loss":0,"cards_obtained":["Writhe"]},{"damage_healed":0,"gold_gain":0,"cards_transformed":["Strike_G"],"player_choice":"Transformed","damage_taken":0,"max_hp_gain":0,"max_hp_loss":0,"event_name":"Transmorgrifier","floor":22,"gold_loss":0,"cards_obtained":["Storm of Steel"]}],"is_beta":false,"boss_relics":[{"not_picked":["White Beast Statue","Lizard Tail"],"picked":"Cursed Key"}],"items_purged_floors":[20],"is_endless":false,"potions_floor_spawned":[2,5,14,21],"killed_by":"Cultist and Chosen","ascension_level":20}