{"gold_per_floor":[116,116,167,181,5,36,36,55,82,116,70,70,70,90,90,90],"floor_reached":16,"playtime":423,"items_purged":[],"score":246,"play_id":"998eb933-9384-4834-b6fd-421b7f6fb686","local_time":"20180922125824","is_ascension_mode":true,"campfire_choices":[{"data":"Streamline","floor":7.0,"key":"SMITH"},{"data":"Double Energy","floor":12.0,"key":"SMITH"},{"data":"Beam Cell","floor":15.0,"key":"SMITH"}],"neow_cost":"NONE","seed_source_timestamp":594287401917281,"circlet_count":0,"master_deck":["Strike_B","Strike_B","Strike_B","Strike_B","Defend_B","Defend_B+1","Defend_B","Defend_B","Zap+1","Dualcast","AscendersBane","Streamline+1","Cold Snap","Meteor Strike","Leap","Beam Cell+1","Double Energy+1","Coolheaded"],"special_seed":0,"relics":["Cracked Core","NeowsBlessing","War Paint","Bag of Marbles","Pen Nib","Anchor"],"potions_floor_usage":[],"damage_taken":[{"damage":0.0,"enemies":"Cultist","floor":1.0,"turns":1.0},{"damage":0.0,"enemies":"Small Slimes","floor":4.0,"turns":1.0},{"damage":0.0,"enemies":"3 Sentries","floor":6.0,"turns":1.0},{"damage":10.0,"enemies":"Jaw Worm","floor":8.0,"turns":2.0},{"damage":15.0,"enemies":"Lagavulin","floor":10.0,"turns":5.0},{"damage":5.0,"enemies":"3 Louse","floor":14.0,"turns":3.0},{"damage":29,"enemies":"Slime Boss","floor":16,"turns":6}],"seed_played":"1229718892525233488","potions_obtained":[{"floor":1.0,"key":"SteroidPotion"},{"floor":2.0,"key":"FairyPotion"},{"floor":4.0,"key":"Weak Potion"},{"floor":8.0,"key":"FearPotion"}],"is_trial":false,"path_per_floor":["M","?","?","M","$","E","R","M","T","E","$","R","$","M","R"],"character_chosen":"DEFECT","items_purchased":["War Paint","Double Energy"],"campfire_rested":0,"item_purchase_floors":[5,11],"current_hp_per_floor":[64,64,64,64,64,64,64,54,54,39,39,39,39,34,34,5],"gold":90,"neow_bonus":"THREE_ENEMY_KILL","is_prod":false,"is_daily":false,"chose_seed":false,"campfire_upgraded":3,"win_rate":0,"timestamp":1537635504,"path_taken":["M","?","?","M","$","E","R","?","T","E","$","R","$","M","R","BOSS"],"build_version":"2018-09-20","purchased_purges":0,"victory":false,"max_hp_per_floor":[71,71,71,71,71,71,71,71,71,71,71,71,71,71,71,71],"card_choices":[{"not_picked":["Static Discharge","Hello World"],"picked":"Streamline","floor":1.0},{"not_picked":["Recycle","Conserve Battery"],"picked":"Cold Snap","floor":4.0},{"not_picked":["Cold Snap","Stack"],"picked":"Meteor Strike","floor":6.0},{"not_picked":["Doom and Gloom","Loop"],"picked":"Leap","floor":8.0},{"not_picked":["Redo","Compile Driver"],"picked":"Beam Cell","floor":10.0},{"not_picked":["Cold Snap","Sweeping Beam"],"picked":"Coolheaded","floor":14.0}],"player_experience":685592,"relics_obtained":[{"floor":6.0,"key":"Bag of Marbles"},{"floor":9.0,"key":"Pen Nib"},{"floor":10.0,"key":"Anchor"}],"event_choices":[{"event_name":"The Lab","player_choice":"Got Potions","floor":2.0,"damage_taken":0.0},{"event_name":"Golden Wing","player_choice":"Gained Gold","floor":3.0,"damage_taken":0.0}],"is_beta":false,"boss_relics":[],"items_purged_floors":[],"is_endless":false,"potions_floor_spawned":[1,4,8],"killed_by":"Slime Boss","ascension_level":17}