{"gold_per_floor":[14,14,30,30,45,77,77,77,77,103,116,116,126,51,51,51],"floor_reached":16,"playtime":720,"items_purged":["Strike_R"],"score":204,"play_id":"fd761a1d-6725-44fd-b52b-f41467b6b64a","local_time":"20180916095300","is_ascension_mode":true,"campfire_choices":[{"floor":8.0,"key":"REST"},{"floor":12,"key":"REST"},{"data":"True Grit","floor":15,"key":"SMITH"}],"neow_cost":"NO_GOLD","seed_source_timestamp":64481096470531,"circlet_count":0,"master_deck":["Strike_R","Strike_R","Strike_R","Defend_R","Defend_R","Defend_R","Bash","AscendersBane","Carnage","Pommel Strike+1","True Grit+1","Battle Trance"],"special_seed":0,"relics":["Burning Blood","Dodecahedron","Oddly Smooth Stone","Blood Vial","Kunai"],"potions_floor_usage":[16,16],"damage_taken":[{"damage":11.0,"enemies":"Jaw Worm","floor":1.0,"turns":4.0},{"damage":1.0,"enemies":"Small Slimes","floor":3.0,"turns":3.0},{"damage":4.0,"enemies":"2 Louse","floor":5.0,"turns":2.0},{"damage":30.0,"enemies":"Lagavulin","floor":6.0,"turns":6.0},{"damage":38.0,"enemies":"3 Sentries","floor":10.0,"turns":9.0},{"damage":0,"enemies":"2 Fungi Beasts","floor":11,"turns":3},{"damage":8,"enemies":"3 Louse","floor":13,"turns":4},{"damage":27,"enemies":"The Guardian","floor":16,"turns":11}],"seed_played":"7444472476150397362","potions_obtained":[{"floor":1.0,"key":"LiquidBronze"},{"floor":5.0,"key":"AttackPotion"},{"floor":10.0,"key":"EssenceOfSteel"},{"floor":13,"key":"AttackPotion"}],"is_trial":false,"path_per_floor":["M","?","M","?","M","E","?","R","T","E","M","R","M","$","R"],"character_chosen":"IRONCLAD","items_purchased":[],"campfire_rested":2,"item_purchase_floors":[],"current_hp_per_floor":[63,68,73,73,75,51,16,40,40,10,18,42,42,42,42,17],"gold":51,"neow_bonus":"REMOVE_TWO","is_prod":false,"is_daily":false,"chose_seed":false,"campfire_upgraded":1,"win_rate":0,"timestamp":1537105980,"path_taken":["M","?","M","?","M","E","?","R","T","E","M","R","M","$","R","BOSS"],"build_version":"2018-09-06","purchased_purges":1,"victory":false,"max_hp_per_floor":[75,80,80,80,80,80,80,80,80,80,80,80,80,80,80,80],"card_choices":[{"not_picked":["Flame Barrier","Shockwave"],"picked":"Carnage","floor":1.0},{"not_picked":["Fire Breathing","Havoc"],"picked":"Pommel Strike","floor":3.0},{"not_picked":["Bloodletting","Infernal Blade"],"picked":"True Grit","floor":5.0},{"not_picked":["Sword Boomerang","Cleave"],"picked":"Battle Trance","floor":6.0},{"not_picked":["Dual Wield","Wild Strike","True Grit"],"picked":"SKIP","floor":10.0},{"not_picked":["Infernal Blade","Cleave","Spot Weakness"],"picked":"SKIP","floor":11},{"not_picked":["True Grit","Iron Wave","Impervious"],"picked":"SKIP","floor":13}],"player_experience":659254,"relics_obtained":[{"floor":6.0,"key":"Dodecahedron"},{"floor":9.0,"key":"Blood Vial"},{"floor":10.0,"key":"Kunai"}],"event_choices":[{"event_name":"Big Fish","player_choice":"Donut","floor":2.0,"damage_taken":0.0},{"event_name":"Living Wall","player_choice":"Grow","floor":4.0,"damage_taken":0.0},{"event_name":"Scrap Ooze","player_choice":"success","floor":7.0,"damage_taken":35.0}],"is_beta":false,"boss_relics":[],"items_purged_floors":[14],"is_endless":false,"potions_floor_spawned":[1,5,10,13],"killed_by":"The Guardian","ascension_level":17}