{"gold_per_floor":[360,360,380,23,42,42,77,227,227,254,264,264],"floor_reached":12,"playtime":426,"items_purged":[],"score":154,"play_id":"830f4e06-446e-482e-b20a-084052f97aa3","local_time":"20180822173851","is_ascension_mode":true,"campfire_choices":[{"data":"Clothesline","floor":6,"key":"SMITH"}],"neow_cost":"TEN_PERCENT_HP_LOSS","seed_source_timestamp":87266298891053,"circlet_count":0,"master_deck":["Strike_R","Strike_R","Strike_R","Strike_R","Strike_R","Defend_R","Defend_R","Defend_R","Defend_R","Bash","AscendersBane","Wild Strike+1","True Grit","Battle Trance","Fire Breathing+1","Clothesline+1","Iron Wave","Doubt","Corruption+1","Sentinel"],"relics":["Burning Blood","Frozen Egg 2","Dodecahedron","Unceasing Top","Regal Pillow"],"potions_floor_usage":[10,11,12],"damage_taken":[{"damage":4,"enemies":"2 Louse","floor":1,"turns":4},{"damage":0,"enemies":"Small Slimes","floor":3,"turns":2},{"damage":12,"enemies":"Jaw Worm","floor":5,"turns":2},{"damage":28,"enemies":"3 Sentries","floor":7,"turns":8},{"damage":36,"enemies":"Lagavulin","floor":10,"turns":9},{"damage":9,"enemies":"3 Louse","floor":11,"turns":4},{"damage":13,"enemies":"Large Slime","floor":12,"turns":1}],"seed_played":"-5873401665514080783","potions_obtained":[{"floor":5,"key":"Swift Potion"},{"floor":10,"key":"EssenceOfSteel"},{"floor":11,"key":"Regen Potion"}],"is_trial":false,"path_per_floor":["M","?","M","$","M","R","E","?","T","E","M"],"character_chosen":"IRONCLAD","items_purchased":["Frozen Egg 2","Battle Trance","Fire Breathing+1"],"campfire_rested":0,"item_purchase_floors":[4,4,4],"current_hp_per_floor":[68,68,68,68,62,62,40,40,40,10,7,0],"gold":264,"neow_bonus":"TWO_FIFTY_GOLD","is_prod":false,"is_daily":false,"chose_seed":false,"campfire_upgraded":1,"win_rate":0,"timestamp":1534973931,"path_taken":["M","?","M","$","M","R","E","?","T","E","M","M"],"build_version":"2018-08-16","purchased_purges":0,"victory":false,"max_hp_per_floor":[68,68,68,68,68,68,68,68,68,68,68,68],"card_choices":[{"not_picked":["Sword Boomerang","Armaments"],"picked":"Wild Strike","floor":1},{"not_picked":["Rupture","Sever Soul"],"picked":"True Grit","floor":3},{"not_picked":["True Grit","Headbutt"],"picked":"Clothesline","floor":5},{"not_picked":["Twin Strike","Body Slam"],"picked":"Iron Wave","floor":7},{"not_picked":["Fiend Fire","Shockwave"],"picked":"Corruption+1","floor":10},{"not_picked":["Flame Barrier","Headbutt"],"picked":"Sentinel","floor":11}],"player_experience":595053,"relics_obtained":[{"floor":7,"key":"Dodecahedron"},{"floor":9,"key":"Unceasing Top"},{"floor":10,"key":"Regal Pillow"}],"event_choices":[{"event_name":"Living Wall","player_choice":"Grow","floor":2,"damage_taken":0},{"event_name":"Liars Game","player_choice":"agreed","floor":8,"damage_taken":0}],"is_beta":false,"boss_relics":[],"items_purged_floors":[],"is_endless":false,"potions_floor_spawned":[5,10,11],"killed_by":"Large Slime","ascension_level":15}