{"gold_per_floor":[116,7,57,71,82,115,128,128,128,128,146,177,177,197,197,197],"floor_reached":16,"playtime":428,"items_purged":[],"score":274,"play_id":"4c913790-c539-4826-9d77-38200a145e6d","local_time":"20181029210002","is_ascension_mode":true,"campfire_choices":[{"data":"Flex","floor":8.0,"key":"SMITH"},{"data":"Corruption","floor":10.0,"key":"SMITH"},{"data":"Feed","floor":13.0,"key":"SMITH"},{"data":"Clothesline","floor":15.0,"key":"SMITH"}],"neow_cost":"NONE","seed_source_timestamp":1730635813365453,"circlet_count":0,"master_deck":["Strike_R","Strike_R","Strike_R","Strike_R","Strike_R","Defend_R","Defend_R","Defend_R","Defend_R","Bash","AscendersBane","Hemokinesis","Clothesline+1","Spot Weakness","Corruption+1","Flex+1","Sentinel","Warcry","Feed+1","Clash"],"special_seed":0,"relics":["Burning Blood","NeowsBlessing","Mercury Hourglass","Meat on the Bone","Lantern"],"potions_floor_usage":[],"damage_taken":[{"damage":0.0,"enemies":"2 Louse","floor":1.0,"turns":1.0},{"damage":0.0,"enemies":"Cultist","floor":4.0,"turns":1.0},{"damage":0.0,"enemies":"Jaw Worm","floor":5.0,"turns":1.0},{"damage":0.0,"enemies":"Gremlin Nob","floor":6.0,"turns":2.0},{"damage":13.0,"enemies":"Red Slaver","floor":7.0,"turns":2.0},{"damage":17.0,"enemies":"Large Slime","floor":11.0,"turns":5.0},{"damage":26.0,"enemies":"Lagavulin","floor":12.0,"turns":4.0},{"damage":0.0,"enemies":"3 Louse","floor":14.0,"turns":2.0},{"damage":47,"enemies":"Slime Boss","floor":16,"turns":7}],"seed_played":"-6128641571231429193","potions_obtained":[{"floor":1.0,"key":"AttackPotion"},{"floor":11.0,"key":"SteroidPotion"}],"is_trial":false,"path_per_floor":["M","$","?","M","M","E","M","R","T","R","M","E","R","M","R"],"character_chosen":"IRONCLAD","items_purchased":["Clothesline","Strength Potion"],"campfire_rested":0,"item_purchase_floors":[2,2],"current_hp_per_floor":[74,74,74,75,75,75,68,68,68,68,57,49,49,59,59,12],"gold":197,"neow_bonus":"THREE_ENEMY_KILL","is_prod":false,"is_daily":false,"chose_seed":false,"campfire_upgraded":4,"win_rate":0,"timestamp":1540861202,"path_taken":["M","$","?","M","M","E","M","R","T","R","M","E","R","?","R","BOSS"],"build_version":"2018-10-25v2","purchased_purges":0,"victory":false,"max_hp_per_floor":[75,75,75,75,75,75,75,75,75,75,75,75,75,79,79,79],"card_choices":[{"not_picked":["Reckless Charge","Anger"],"picked":"Hemokinesis","floor":1.0},{"not_picked":["Shrug It Off","Havoc"],"picked":"Spot Weakness","floor":4.0},{"not_picked":["Pummel","Uppercut"],"picked":"Corruption","floor":5.0},{"not_picked":["Anger","Havoc"],"picked":"Flex","floor":6.0},{"not_picked":["Seeing Red","Clash"],"picked":"Sentinel","floor":7.0},{"not_picked":["Anger","Clash"],"picked":"Warcry","floor":11.0},{"not_picked":["Sword Boomerang","Evolve"],"picked":"Feed","floor":12.0},{"not_picked":["Headbutt","Body Slam"],"picked":"Clash","floor":14.0}],"player_experience":871591,"relics_obtained":[{"floor":6.0,"key":"Mercury Hourglass"},{"floor":9.0,"key":"Meat on the Bone"},{"floor":12.0,"key":"Lantern"}],"event_choices":[{"damage_healed":0.0,"max_hp_gain":0.0,"max_hp_loss":0.0,"gold_gain":100.0,"event_name":"Golden Shrine","player_choice":"Pray","floor":3.0,"gold_loss":0.0,"damage_taken":0.0}],"is_beta":false,"boss_relics":[],"items_purged_floors":[],"is_endless":false,"potions_floor_spawned":[1,5,11],"killed_by":"Slime Boss","ascension_level":20}