{"gold_per_floor":[129,129,141,156,17,50,9,28,28,28,28,28,47,72,72,72],"floor_reached":16,"playtime":688,"items_purged":[],"score":184,"play_id":"8e822f17-f6c4-4ce6-9934-10e0ab454af3","local_time":"20190508103054","is_ascension_mode":true,"campfire_choices":[{"floor":12,"key":"REST"},{"data":"1","floor":15,"key":"LIFT"}],"neow_cost":"PERCENT_DAMAGE","seed_source_timestamp":231483963879249,"circlet_count":0,"master_deck":["AscendersBane","Defend_G","Defend_G","Defend_G","Defend_G","Strike_G","Strike_G","Strike_G","Strike_G","Strike_G","Survivor","Neutralize","Trip","Transmutation","Blade Dance","Choke","Footwork","Madness","Eviscerate","Quick Slash","Escape Plan","PiercingWail","Injury","Regret","Infinite Blades","Dodge and Roll"],"relics":["Ring of the Snake","Boot","Gremlin Horn","Golden Idol","Girya"],"potions_floor_usage":[6,14,16],"damage_taken":[{"damage":2,"enemies":"Jaw Worm","floor":1,"turns":2},{"damage":2,"enemies":"Cultist","floor":3,"turns":4},{"damage":0,"enemies":"2 Louse","floor":4,"turns":2},{"damage":23,"enemies":"Lagavulin","floor":6,"turns":7},{"damage":4,"enemies":"Blue Slaver","floor":8,"turns":4},{"damage":11,"enemies":"Gremlin Gang","floor":13,"turns":5},{"damage":7,"enemies":"Exordium Wildlife","floor":14,"turns":3},{"damage":16,"enemies":"Hexaghost","floor":16,"turns":3}],"seed_played":"2835496085549124799","potions_obtained":[{"floor":3,"key":"GamblersBrew"},{"floor":4,"key":"GamblersBrew"},{"floor":14,"key":"Strength Potion"}],"is_trial":false,"path_per_floor":["M","?","M","M","$","E","$","M","T","?","?","R","M","M","R","B"],"character_chosen":"THE_SILENT","items_purchased":["Madness","Eviscerate","Escape Plan"],"campfire_rested":1,"item_purchase_floors":[5,5,7],"current_hp_per_floor":[42,42,40,40,40,17,17,13,13,13,13,32,21,14,14,0],"gold":72,"neow_bonus":"RANDOM_COLORLESS_2","is_prod":false,"is_daily":false,"chose_seed":false,"campfire_upgraded":0,"win_rate":0,"timestamp":1557336654,"path_taken":["M","?","?","?","$","E","$","M","T","?","?","R","M","M","R","BOSS"],"build_version":"2019-01-23","purchased_purges":0,"victory":false,"max_hp_per_floor":[66,66,66,66,66,66,66,66,66,66,66,66,66,66,66,66],"card_choices":[{"not_picked":["Underhanded Strike","Prepared"],"picked":"Blade Dance","floor":1},{"not_picked":["Distraction","Dagger Spray"],"picked":"Choke","floor":3},{"not_picked":["Dodge and Roll","Poisoned Stab"],"picked":"Footwork","floor":4},{"not_picked":["Skewer","Bane"],"picked":"Quick Slash","floor":6},{"not_picked":["Prepared","Dagger Throw"],"picked":"PiercingWail","floor":8},{"not_picked":["Acrobatics","Sucker Punch"],"picked":"Infinite Blades","floor":13},{"not_picked":["All Out Attack","Deflect"],"picked":"Dodge and Roll","floor":14}],"player_experience":635612,"relics_obtained":[{"floor":6,"key":"Boot"},{"floor":9,"key":"Gremlin Horn"}],"event_choices":[{"cards_removed":["Defend_G"],"damage_healed":0,"gold_gain":0,"player_choice":"Purged","damage_taken":0,"max_hp_gain":0,"max_hp_loss":0,"event_name":"Purifier","floor":2,"gold_loss":0},{"damage_healed":0,"gold_gain":0,"player_choice":"Take Wound","damage_taken":0,"relics_obtained":["Golden Idol"],"max_hp_gain":0,"max_hp_loss":0,"event_name":"Golden Idol","floor":10,"gold_loss":0,"cards_obtained":["Injury"]},{"damage_healed":0,"gold_gain":0,"player_choice":"Box","damage_taken":0,"relics_obtained":["Girya"],"max_hp_gain":0,"max_hp_loss":0,"event_name":"Big Fish","floor":11,"gold_loss":0,"cards_obtained":["Regret"]}],"is_beta":false,"boss_relics":[],"items_purged_floors":[],"is_endless":false,"potions_floor_spawned":[3,4,14],"killed_by":"Hexaghost","ascension_level":16}