{"gold_per_floor":[109,184,195,210,224,224,236,236,236,18,48,73,38,188,188,188],"floor_reached":16,"playtime":525,"items_purged":["Strike_R"],"score":175,"play_id":"19ea7467-4e63-4c43-8337-239a8f7f2dfe","local_time":"20180824171503","is_ascension_mode":true,"campfire_choices":[{"data":"True Grit","floor":6,"key":"SMITH"},{"data":"Body Slam","floor":8,"key":"SMITH"},{"data":"Bash","floor":15,"key":"SMITH"}],"neow_cost":"CURSE","seed_source_timestamp":1945674430337,"circlet_count":0,"master_deck":["Strike_R","Strike_R","Strike_R","Strike_R","Defend_R","Defend_R","Defend_R","Defend_R","Bash+1","AscendersBane","Pain","Body Slam+1","Pommel Strike","True Grit+1","Second Wind","PanicButton","Cleave","Doubt"],"relics":["Burning Blood","Calipers","Pantograph","Bag of Preparation"],"potions_floor_usage":[12,12],"damage_taken":[{"damage":19,"enemies":"2 Louse","floor":1,"turns":4},{"damage":11,"enemies":"Cultist","floor":3,"turns":4},{"damage":4,"enemies":"Small Slimes","floor":4,"turns":4},{"damage":12,"enemies":"Looter","floor":5,"turns":4},{"damage":6,"enemies":"Exordium Wildlife","floor":7,"turns":4},{"damage":7,"enemies":"Gremlin Nob","floor":12,"turns":4},{"damage":77,"enemies":"Slime Boss","floor":16,"turns":10}],"seed_played":"-4244677796185214485","potions_obtained":[{"floor":1,"key":"Dexterity Potion"},{"floor":7,"key":"Poison Potion"}],"is_trial":false,"path_per_floor":["M","?","M","M","M","R","M","R","T","$","?","E","?","?","R"],"character_chosen":"IRONCLAD","items_purchased":["PanicButton","Cleave"],"campfire_rested":0,"item_purchase_floors":[10,10],"current_hp_per_floor":[55,44,39,41,35,35,35,35,35,35,35,34,52,52,52,0],"gold":188,"neow_bonus":"ONE_RARE_RELIC","is_prod":false,"is_daily":false,"chose_seed":false,"campfire_upgraded":3,"win_rate":0,"timestamp":1535145303,"path_taken":["M","?","M","M","M","R","M","R","T","$","?","E","?","?","R","BOSS"],"build_version":"2018-08-23v2","purchased_purges":1,"victory":false,"max_hp_per_floor":[75,75,75,75,75,75,75,75,75,75,75,75,75,75,75,75],"card_choices":[{"not_picked":["Clothesline","Havoc"],"picked":"Body Slam","floor":1},{"not_picked":["Headbutt","Rampage","Anger"],"picked":"SKIP","floor":3},{"not_picked":["Havoc","Heavy Blade"],"picked":"Pommel Strike","floor":4},{"not_picked":["Sword Boomerang","Thunderclap"],"picked":"True Grit","floor":5},{"not_picked":["Perfected Strike","Sword Boomerang"],"picked":"Second Wind","floor":7},{"not_picked":["Spot Weakness","Pummel","Twin Strike"],"picked":"SKIP","floor":12}],"player_experience":604112,"relics_obtained":[{"floor":9,"key":"Pantograph"},{"floor":12,"key":"Bag of Preparation"}],"event_choices":[{"event_name":"World of Goop","player_choice":"Gather Gold","floor":2,"damage_taken":0},{"event_name":"Dead Adventurer","player_choice":"Searched \u00271\u0027 times","floor":11,"damage_taken":0},{"event_name":"The Cleric","player_choice":"Healed","floor":13,"damage_taken":0},{"event_name":"Liars Game","player_choice":"agreed","floor":14,"damage_taken":0}],"is_beta":false,"boss_relics":[],"items_purged_floors":[10],"is_endless":false,"potions_floor_spawned":[1,7],"killed_by":"Slime Boss","ascension_level":15}