{"gold_per_floor":[110,127,144,144,160,160,204,204,257,290,303,167,167,202,202,202],"floor_reached":16,"playtime":547,"items_purged":[],"score":216,"play_id":"c649f214-dbd1-48ec-a843-bead33bc324a","local_time":"20190226222227","is_ascension_mode":true,"campfire_choices":[{"data":"Fission","floor":6,"key":"SMITH"},{"data":"Zap","floor":13,"key":"SMITH"},{"floor":15,"key":"REST"}],"neow_cost":"TEN_PERCENT_HP_LOSS","seed_source_timestamp":1202384784609813,"circlet_count":0,"master_deck":["AscendersBane","Strike_B","Strike_B","Strike_B","Strike_B","Defend_B","Defend_B","Defend_B","Defend_B","Zap+1","Dualcast","Fission+1","Streamline","Glacier","Sunder","Beam Cell","Self Repair","Electrodynamics","Hologram","Capacitor","Conserve Battery","Reboot"],"relics":["Cracked Core","Golden Idol","Anchor","Tiny Chest","Boot","Question Card"],"potions_floor_usage":[7,10],"damage_taken":[{"damage":1,"enemies":"Cultist","floor":1,"turns":4},{"damage":4,"enemies":"Small Slimes","floor":2,"turns":4},{"damage":2,"enemies":"2 Louse","floor":3,"turns":3},{"damage":6,"enemies":"Blue Slaver","floor":5,"turns":4},{"damage":16,"enemies":"Gremlin Nob","floor":7,"turns":3},{"damage":9,"enemies":"Lagavulin","floor":10,"turns":7},{"damage":0,"enemies":"Gremlin Gang","floor":11,"turns":3},{"damage":19,"enemies":"3 Sentries","floor":14,"turns":7},{"damage":56,"enemies":"Slime Boss","floor":16,"turns":6}],"seed_played":"2366781590423863363","potions_obtained":[{"floor":2,"key":"FearPotion"},{"floor":5,"key":"SkillPotion"},{"floor":7,"key":"Fire Potion"},{"floor":11,"key":"SteroidPotion"}],"is_trial":false,"path_per_floor":["M","M","M","?","M","R","E","?","T","E","M","$","R","E","R","B"],"character_chosen":"DEFECT","items_purchased":["Capacitor","Conserve Battery"],"campfire_rested":1,"item_purchase_floors":[12,12],"current_hp_per_floor":[63,59,57,57,51,51,35,35,35,33,40,40,40,28,45,0],"gold":202,"neow_bonus":"THREE_RARE_CARDS","is_prod":false,"is_daily":false,"chose_seed":false,"campfire_upgraded":2,"win_rate":0,"timestamp":1551237747,"path_taken":["M","?","M","?","M","R","E","?","T","E","?","$","R","E","R","BOSS"],"build_version":"2019-01-23","purchased_purges":0,"victory":false,"max_hp_per_floor":[64,64,64,58,58,58,58,58,58,58,58,58,58,58,58,58],"card_choices":[{"not_picked":["Reboot","Hyperbeam"],"picked":"Fission","floor":0},{"not_picked":["Coolheaded","Steam"],"picked":"Streamline","floor":1},{"not_picked":["Go for the Eyes","Barrage"],"picked":"Glacier","floor":2},{"not_picked":["Storm","Streamline"],"picked":"Sunder","floor":3},{"not_picked":["Stack","Compile Driver"],"picked":"Beam Cell","floor":5},{"not_picked":["Turbo","Double Energy"],"picked":"Self Repair","floor":7},{"not_picked":["Compile Driver","Darkness"],"picked":"Electrodynamics","floor":10},{"not_picked":["Redo","Steam"],"picked":"Hologram","floor":11},{"not_picked":["Steam","Heatsinks"],"picked":"Reboot","floor":14}],"player_experience":397054,"relics_obtained":[{"floor":7,"key":"Anchor"},{"floor":9,"key":"Tiny Chest"},{"floor":10,"key":"Boot"},{"floor":14,"key":"Question Card"}],"event_choices":[{"damage_healed":0,"gold_gain":0,"player_choice":"Lose Max HP","damage_taken":0,"relics_obtained":["Golden Idol"],"max_hp_gain":0,"max_hp_loss":6,"event_name":"Golden Idol","floor":4,"gold_loss":0},{"damage_healed":0,"gold_gain":0,"player_choice":"Got Potions","damage_taken":0,"max_hp_gain":0,"max_hp_loss":0,"event_name":"Lab","floor":8,"gold_loss":0}],"is_beta":false,"boss_relics":[],"items_purged_floors":[],"is_endless":false,"potions_floor_spawned":[2,5,7,11],"killed_by":"Slime Boss","ascension_level":16}