{"gold_per_floor":[110,122,140,315,335,365,395,25,25,25,55,68,86,102,102,102],"floor_reached":16,"playtime":880,"items_purged":["Doubt"],"score":125,"play_id":"2bea3204-9970-4399-a091-44518c9f5817","local_time":"20190117073940","is_ascension_mode":true,"campfire_choices":[{"floor":10,"key":"REST"},{"data":"Catalyst","floor":15,"key":"SMITH"}],"neow_cost":"NONE","seed_source_timestamp":654251660197989,"circlet_count":0,"master_deck":["Defend_G","Defend_G","Defend_G","Defend_G","Defend_G","Strike_G","Strike_G","Strike_G","Strike_G","Strike_G","Survivor","Neutralize","Catalyst+1","Poisoned Stab","Bane","Deflect","Deadly Poison","Noxious Fumes","Acrobatics","Deadly Poison","Concentrate"],"relics":["Ring of the Snake","Matryoshka","Mummified Hand","Question Card","FossilizedHelix","Omamori"],"potions_floor_usage":[6,12,16],"damage_taken":[{"damage":1,"enemies":"2 Louse","floor":1,"turns":3},{"damage":4,"enemies":"Jaw Worm","floor":2,"turns":6},{"damage":3,"enemies":"Cultist","floor":3,"turns":4},{"damage":0,"enemies":"Large Slime","floor":5,"turns":6},{"damage":34,"enemies":"3 Sentries","floor":6,"turns":12},{"damage":10,"enemies":"Lagavulin","floor":11,"turns":5},{"damage":0,"enemies":"3 Louse","floor":12,"turns":3},{"damage":12,"enemies":"Lots of Slimes","floor":13,"turns":6},{"damage":0,"enemies":"Red Slaver","floor":14,"turns":3},{"damage":44,"enemies":"Slime Boss","floor":16,"turns":8}],"seed_played":"3559980608535549847","potions_obtained":[{"floor":1,"key":"Dexterity Potion"},{"floor":6,"key":"Fire Potion"},{"floor":13,"key":"SteroidPotion"},{"floor":14,"key":"SpeedPotion"}],"is_trial":false,"path_per_floor":["M","M","M","?","M","E","?","$","T","R","E","M","M","M","R","B"],"character_chosen":"THE_SILENT","items_purchased":["Noxious Fumes","Mummified Hand"],"campfire_rested":1,"item_purchase_floors":[8,8],"current_hp_per_floor":[76,72,69,69,69,35,35,35,35,58,48,48,36,36,36,0],"gold":102,"neow_bonus":"TEN_PERCENT_HP_BONUS","is_prod":false,"is_daily":false,"chose_seed":false,"campfire_upgraded":1,"win_rate":0,"timestamp":1547728780,"path_taken":["M","M","M","?","M","E","?","?","T","R","E","?","M","M","R","BOSS"],"build_version":"2019-01-10","purchased_purges":1,"victory":false,"max_hp_per_floor":[77,77,77,77,77,77,77,77,77,77,77,77,77,77,77,77],"card_choices":[{"not_picked":["Predator","Dagger Throw"],"picked":"Catalyst","floor":1},{"not_picked":["Quick Slash","Bane"],"picked":"Poisoned Stab","floor":2},{"not_picked":["Sucker Punch","Well Laid Plans"],"picked":"Bane","floor":3},{"not_picked":["Tactician","Setup"],"picked":"Deflect","floor":5},{"not_picked":["Catalyst","Dagger Spray"],"picked":"Deadly Poison","floor":6},{"not_picked":["Finisher","Well Laid Plans","Underhanded Strike"],"picked":"Acrobatics","floor":11},{"not_picked":["Dagger Throw","Quick Slash","PiercingWail"],"picked":"Deadly Poison","floor":12},{"not_picked":["Flying Knee","Heel Hook","Acrobatics"],"picked":"Concentrate","floor":13},{"not_picked":["Sucker Punch","Acrobatics","Quick Slash","Caltrops"],"picked":"SKIP","floor":14}],"player_experience":116347,"relics_obtained":[{"floor":6,"key":"Matryoshka"},{"floor":9,"key":"Question Card"},{"floor":9,"key":"FossilizedHelix"},{"floor":11,"key":"Omamori"}],"event_choices":[{"damage_healed":0,"gold_gain":175,"player_choice":"AGREE","damage_taken":0,"max_hp_gain":0,"max_hp_loss":0,"event_name":"Liars Game","floor":4,"gold_loss":0,"cards_obtained":["Doubt"]},{"damage_healed":0,"gold_gain":30,"player_choice":"Searched \u00272\u0027 times","damage_taken":0,"max_hp_gain":0,"max_hp_loss":0,"event_name":"Dead Adventurer","floor":7,"gold_loss":0}],"is_beta":false,"boss_relics":[],"items_purged_floors":[8],"is_endless":false,"potions_floor_spawned":[1,6,13,14],"killed_by":"Slime Boss","ascension_level":2}