{"gold_per_floor":[118,118,218,237,254,287,287,315,341,375,26,26,51,61,61,159,159,175,75,85,99,99,133,133,145,145,145,176,229,144,144,144,244,244,260,260,260,308,319,349,362,169,169,19,46,58,58,87,87,87],"floor_reached":51,"playtime":2424,"items_purged":["Strike_R","Strike_R","Bash","Defend_R"],"score":1353,"play_id":"6b311040-e7bc-4878-a4f9-dc2e3ca68671","local_time":"20180711180609","is_ascension_mode":true,"campfire_choices":[{"floor":7,"key":"REST"},{"floor":15,"key":"REST"},{"floor":24,"key":"REST"},{"floor":27,"key":"REST"},{"floor":32,"key":"REST"},{"floor":49,"key":"REST"}],"neow_cost":"","seed_source_timestamp":73257824953746,"circlet_count":0,"master_deck":["Defend_R","Defend_R","Defend_R","AscendersBane","Offering+1","Reaper","Metallicize","Carnage","True Grit","Apotheosis+1","Madness","Spot Weakness","Heavy Blade","Limit Break","Bite","Bite","Bite","Bite","Bite","Barricade","Body Slam+1","Shockwave+1","Whirlwind"],"relics":["Burning Blood","Dream Catcher","Omamori","Torii","Bag of Preparation","Blue Candle","War Paint","Fusion Hammer","Bronze Scales","Bottled Lightning","Du-Vu Doll","Singing Bowl","Pear","Enchiridion","Velvet Choker","Incense Burner","Dodecahedron","Calipers","Champion Belt","Pantograph","Blood Vial"],"potions_floor_usage":[6,10,18,28,33,39,50],"damage_taken":[{"damage":6,"enemies":"2 Louse","floor":1,"turns":4},{"damage":21,"enemies":"Jaw Worm","floor":4,"turns":5},{"damage":4,"enemies":"Cultist","floor":5,"turns":3},{"damage":49,"enemies":"3 Sentries","floor":6,"turns":8},{"damage":34,"enemies":"Gremlin Nob","floor":8,"turns":5},{"damage":14,"enemies":"3 Sentries","floor":10,"turns":5},{"damage":13,"enemies":"Gremlin Nob","floor":13,"turns":3},{"damage":5,"enemies":"Looter","floor":14,"turns":2},{"damage":8,"enemies":"The Guardian","floor":16,"turns":8},{"damage":16,"enemies":"Shell Parasite","floor":18,"turns":4},{"damage":4,"enemies":"Spheric Guardian","floor":20,"turns":3},{"damage":31,"enemies":"Chosen and Byrds","floor":21,"turns":7},{"damage":30,"enemies":"Book of Stabbing","floor":23,"turns":4},{"damage":28,"enemies":"Snecko","floor":25,"turns":4},{"damage":21,"enemies":"Gremlin Leader","floor":28,"turns":6},{"damage":68,"enemies":"Automaton","floor":33,"turns":9},{"damage":45,"enemies":"3 Darklings","floor":35,"turns":4},{"damage":24,"floor":38,"turns":5},{"damage":9,"enemies":"Orb Walker","floor":39,"turns":3},{"damage":44,"enemies":"2 Orb Walkers","floor":40,"turns":5},{"damage":5,"enemies":"Maw","floor":41,"turns":6},{"damage":4,"enemies":"Giant Head","floor":45,"turns":5},{"damage":5,"enemies":"Sphere and 2 Shapes","floor":46,"turns":3},{"damage":33,"enemies":"2 Orb Walkers","floor":48,"turns":4},{"damage":104,"enemies":"Awakened One","floor":50,"turns":8}],"seed_played":"-119496892697650115","potions_obtained":[{"floor":5,"key":"Regen Potion"},{"floor":8,"key":"AttackPotion"},{"floor":16,"key":"Fire Potion"},{"floor":23,"key":"SpeedPotion"},{"floor":25,"key":"Weak Potion"},{"floor":28,"key":"Swift Potion"},{"floor":38,"key":"Fire Potion"},{"floor":40,"key":"SteroidPotion"}],"is_trial":false,"path_per_floor":["M","?","?","M","M","E","R","E","T","E","$","?","E","M","R","B",null,"M","$","M","M","?","E","R","M","T","R","E","T","?","?","R","B",null,"M","?","?","?","M","E","M","$","T","$","E","M","T","E","R","B"],"character_chosen":"IRONCLAD","items_purchased":["Apotheosis","Madness","Whirlwind"],"campfire_rested":6,"item_purchase_floors":[11,11,42],"current_hp_per_floor":[72,69,69,54,56,28,52,30,30,30,30,30,23,33,57,68,77,74,74,76,58,56,48,56,46,46,56,56,56,66,50,68,31,59,52,52,52,63,74,53,74,74,74,74,76,78,78,56,82,35],"gold":87,"neow_bonus":"","is_prod":false,"is_daily":false,"chose_seed":false,"campfire_upgraded":0,"win_rate":0,"timestamp":1531346769,"path_taken":["M","?","?","?","M","E","R","E","T","E","$","?","E","M","R","BOSS","M","$","?","M","?","E","R","M","T","R","E","?","?","?","R","BOSS","M","?","?","?","M","E","M","$","T","$","E","M","?","E","R","BOSS"],"build_version":"2018-07-05","purchased_purges":4,"victory":true,"max_hp_per_floor":[80,80,80,80,80,80,80,80,80,80,80,80,80,80,80,80,80,80,80,80,80,56,56,56,56,56,56,56,56,66,66,68,68,68,70,70,70,72,74,74,74,74,74,74,76,78,78,80,82,82],"card_choices":[{"not_picked":["Clash","Warcry","Wild Strike"],"picked":"SKIP","floor":1},{"not_picked":["Wild Strike","Clash"],"picked":"Hemokinesis","floor":4},{"not_picked":["Havoc","Whirlwind"],"picked":"Offering","floor":5},{"not_picked":["Havoc","Clothesline"],"picked":"Reaper","floor":6},{"not_picked":["True Grit","Thunderclap"],"picked":"Metallicize","floor":7},{"not_picked":["Dual Wield","Thunderclap"],"picked":"Carnage","floor":8},{"not_picked":["Inflame","Cleave"],"picked":"True Grit","floor":10},{"not_picked":["Headbutt","Sever Soul"],"picked":"Spot Weakness","floor":13},{"not_picked":["Seeing Red","True Grit"],"picked":"Heavy Blade","floor":14},{"not_picked":["Brutality","Dark Embrace"],"picked":"Limit Break","floor":16},{"not_picked":["Havoc","Flex","Wild Strike+1"],"picked":"SKIP","floor":18},{"not_picked":["Heavy Blade","Warcry","Searing Blow"],"picked":"SKIP","floor":20},{"not_picked":["Heavy Blade","Blood for Blood+1","Clash+1"],"picked":"SKIP","floor":21},{"not_picked":["Infernal Blade","Headbutt","Iron Wave"],"picked":"SKIP","floor":23},{"not_picked":["Perfected Strike+1","Blood for Blood","Infernal Blade"],"picked":"SKIP","floor":25},{"not_picked":["Spot Weakness","Sword Boomerang","Reaper"],"picked":"SKIP","floor":28},{"not_picked":["Havoc","Shockwave+1","Infernal Blade"],"picked":"Singing Bowl","floor":32},{"not_picked":["Juggernaut","Berserk"],"picked":"Barricade","floor":33},{"not_picked":["Hemokinesis","Battle Trance","Dual Wield"],"picked":"Singing Bowl","floor":35},{"not_picked":["Twin Strike","Rage","Anger+1"],"picked":"Singing Bowl","floor":38},{"not_picked":["Heavy Blade","Fire Breathing","Wild Strike"],"picked":"Singing Bowl","floor":39},{"not_picked":["Intimidate","Armaments"],"picked":"Body Slam+1","floor":40},{"not_picked":["Anger","Rage"],"picked":"Shockwave+1","floor":41},{"not_picked":["Headbutt","Fiend Fire","Sword Boomerang"],"picked":"Singing Bowl","floor":45},{"not_picked":["Second Wind","Twin Strike","Spot Weakness"],"picked":"Singing Bowl","floor":46},{"not_picked":["Flex","Armaments","Warcry"],"picked":"Singing Bowl","floor":48},{"not_picked":["Infernal Blade","Headbutt","Clothesline+1"],"picked":"Singing Bowl","floor":49}],"player_experience":433498,"relics_obtained":[{"floor":6,"key":"Omamori"},{"floor":8,"key":"Torii"},{"floor":9,"key":"Bag of Preparation"},{"floor":10,"key":"Blue Candle"},{"floor":13,"key":"War Paint"},{"floor":23,"key":"Bronze Scales"},{"floor":26,"key":"Bottled Lightning"},{"floor":28,"key":"Du-Vu Doll"},{"floor":29,"key":"Singing Bowl"},{"floor":31,"key":"Enchiridion"},{"floor":38,"key":"Incense Burner"},{"floor":40,"key":"Dodecahedron"},{"floor":43,"key":"Calipers"},{"floor":45,"key":"Champion Belt"},{"floor":47,"key":"Pantograph"},{"floor":48,"key":"Blood Vial"}],"event_choices":[{"event_name":"Scrap Ooze","player_choice":"success","floor":2,"damage_taken":3},{"event_name":"Golden Shrine","player_choice":"Pray","floor":3,"damage_taken":0},{"event_name":"Shining Light","player_choice":"Ignored","floor":12,"damage_taken":0},{"event_name":"Vampires","player_choice":"Became a vampire","floor":22,"damage_taken":0},{"event_name":"Addict","player_choice":"Obtained Relic","floor":30,"damage_taken":0},{"event_name":"Cursed Tome","player_choice":"Obtained Book","floor":31,"damage_taken":0},{"event_name":"Tomb of Lord Red Mask","player_choice":"Ignored","floor":36,"damage_taken":0},{"event_name":"Purifier","player_choice":"One Purge","floor":37,"damage_taken":0},{"event_name":"Mysterious Sphere","player_choice":"Fight","floor":38,"damage_taken":0}],"boss_relics":[{"not_picked":["Tiny House","Calling Bell"],"picked":"Fusion Hammer"},{"not_picked":["Pandora\u0027s Box","Coffee Dripper"],"picked":"Velvet Choker"}],"items_purged_floors":[11,19,42,44],"is_endless":false,"potions_floor_spawned":[5,8,16,23,25,28,38,40,41],"ascension_level":12}