{"path_per_floor":["M","M","M","?","M","E","R","E","T","R","M","R","M","?","R"],"character_chosen":"THE_SILENT","items_purchased":[],"gold_per_floor":[149,159,177,177,192,221,221,256,256,256,269,269,286,286,286],"floor_reached":16,"campfire_rested":3,"playtime":751,"current_hp_per_floor":[68,65,62,62,62,24,46,27,27,49,45,45,43,18,40],"items_purged":[],"gold":286,"score":162,"play_id":"c952fb4b-3b54-4599-a35e-0c6b2e4cd573","is_prod":false,"is_daily":false,"is_ascension_mode":true,"campfire_upgraded":1,"path_taken":["M","?","M","?","?","E","R","E","T","R","M","R","M","?","R","BOSS"],"build_version":"2018-02-22-PROD2","purchased_purges":0,"victory":false,"master_deck":["Defend_G","Defend_G","Defend_G","Defend_G+1","Defend_G","Strike_G","Strike_G","Strike_G","Strike_G","Survivor","Neutralize","Blur","Dagger Spray+1","Backflip","Tools of the Trade","Dagger Throw","Flying Knee","Dodge and Roll","Backflip"],"max_hp_per_floor":[75,75,75,75,75,75,75,75,75,75,75,75,75,75,75],"relics":["Tiny House","Pen Nib","Ginger","Tingsha","Torii"],"card_choices":[{"not_picked":["Deadly Poison","Underhanded Strike"],"picked":"Blur"},{"not_picked":["Cloak And Dagger","Outmaneuver"],"picked":"Dagger Spray"},{"not_picked":["Sucker Punch","Malaise"],"picked":"Backflip"},{"not_picked":["Acrobatics","Quick Slash"],"picked":"Tools of the Trade"},{"not_picked":["Skewer","Slice"],"picked":"Dagger Throw"},{"not_picked":["Bane","Wraith Form"],"picked":"Flying Knee"},{"not_picked":["Eviscerate","Predator"],"picked":"Dodge and Roll"},{"not_picked":["Dagger Spray","Flying Knee"],"picked":"Backflip"}],"player_experience":238387,"potions_floor_usage":[5,6,6,16],"damage_taken":[{"damage":0,"enemies":"Cultist","floor":1,"turns":5},{"damage":3,"enemies":"Small Slimes","floor":2,"turns":6},{"damage":3,"enemies":"Jaw Worm","floor":3,"turns":7},{"damage":0,"enemies":"Lots of Slimes","floor":5,"turns":1},{"damage":38,"enemies":"Lagavulin","floor":6,"turns":8},{"damage":19,"enemies":"3 Sentries","floor":8,"turns":7},{"damage":4,"enemies":"Looter","floor":11,"turns":4},{"damage":2,"enemies":"2 Fungi Beasts","floor":13,"turns":4},{"damage":43,"enemies":"Slime Boss","floor":16,"turns":11}],"event_choices":[{"event_name":"Purifier","player_choice":"One Purge","floor":4,"damage_taken":0},{"event_name":"Scrap Ooze","player_choice":"success","floor":14,"damage_taken":25}],"boss_relics":[],"potions_floor_spawned":[3,5,11,13],"seed_played":"-3620902717294378753","killed_by":"Slime Boss","ascension_level":9,"is_trial":false}