{"gold_per_floor":[112,112,37,53,53,78,93,93,93,124,124,135,151,151],"floor_reached":14,"playtime":491,"items_purged":[],"score":190,"play_id":"1179cd51-0819-4538-ac63-4ca097a78e4c","local_time":"20190420092514","is_ascension_mode":true,"campfire_choices":[{"data":"Catalyst","floor":8,"key":"SMITH"},{"floor":11,"key":"REST"}],"neow_cost":"NONE","seed_source_timestamp":424369595757361,"circlet_count":0,"master_deck":["AscendersBane","Defend_G","Defend_G","Defend_G","Defend_G","Defend_G","Strike_G","Strike_G","Strike_G","Survivor","Neutralize","Dagger Throw","Crippling Poison","Blur","Catalyst+1","Dagger Spray","Dagger Spray","Outmaneuver","Caltrops","Burst","Deadly Poison"],"relics":["Orrery","Letter Opener","Girya","Omamori"],"potions_floor_usage":[10,10,13],"damage_taken":[{"damage":13,"enemies":"Jaw Worm","floor":1,"turns":9},{"damage":0,"enemies":"2 Louse","floor":4,"turns":3},{"damage":31,"enemies":"3 Sentries","floor":6,"turns":10},{"damage":3,"enemies":"Cultist","floor":7,"turns":4},{"damage":19,"enemies":"Gremlin Nob","floor":10,"turns":4},{"damage":21,"enemies":"Gremlin Gang","floor":12,"turns":4},{"damage":6,"enemies":"3 Louse","floor":13,"turns":2},{"damage":0,"enemies":"3 Sentries","floor":14,"turns":1}],"seed_played":"-4442290354380016348","potions_obtained":[{"floor":6,"key":"Fire Potion"},{"floor":7,"key":"PowerPotion"},{"floor":10,"key":"PowerPotion"}],"is_trial":false,"path_per_floor":["M","?","?","M","?","E","M","R","T","E","R","M","M","E"],"character_chosen":"THE_SILENT","items_purchased":[],"campfire_rested":1,"item_purchase_floors":[],"current_hp_per_floor":[46,66,66,66,66,35,32,32,32,13,32,11,5,5],"gold":151,"neow_bonus":"BOSS_RELIC","is_prod":false,"is_daily":false,"chose_seed":false,"campfire_upgraded":1,"win_rate":0,"timestamp":1555766714,"path_taken":["M","?","?","M","?","E","?","R","T","E","R","M","?","E"],"build_version":"2019-01-23","purchased_purges":0,"victory":false,"max_hp_per_floor":[66,66,66,66,66,66,66,66,66,66,66,66,66,66],"card_choices":[{"not_picked":["Sucker Punch","Cloak And Dagger"],"picked":"Dagger Throw","floor":0},{"not_picked":["Expertise","Deadly Poison"],"picked":"Crippling Poison","floor":0},{"not_picked":["Underhanded Strike","Tactician"],"picked":"Blur","floor":0},{"not_picked":["Slice","Choke"],"picked":"Catalyst","floor":0},{"not_picked":["Terror","Backflip"],"picked":"Dagger Spray","floor":1},{"not_picked":["Quick Slash","Cloak And Dagger"],"picked":"Dagger Spray","floor":4},{"not_picked":["Choke","Quick Slash"],"picked":"Caltrops","floor":6},{"not_picked":["Blade Dance","Distraction"],"picked":"Burst","floor":7},{"not_picked":["Infinite Blades","Acrobatics"],"picked":"Deadly Poison","floor":10},{"not_picked":["Underhanded Strike","Cloak And Dagger","Skewer"],"picked":"SKIP","floor":12},{"not_picked":["Night Terror","All Out Attack","Sucker Punch"],"picked":"SKIP","floor":13}],"player_experience":498063,"relics_obtained":[{"floor":6,"key":"Letter Opener"},{"floor":9,"key":"Girya"},{"floor":10,"key":"Omamori"}],"event_choices":[{"damage_healed":22,"gold_gain":0,"player_choice":"Banana","damage_taken":0,"max_hp_gain":0,"max_hp_loss":0,"event_name":"Big Fish","floor":2,"gold_loss":0},{"cards_removed":["Strike_G"],"damage_healed":0,"gold_gain":0,"player_choice":"Card Removal","damage_taken":0,"max_hp_gain":0,"max_hp_loss":0,"event_name":"The Cleric","floor":3,"gold_loss":75},{"damage_healed":0,"gold_gain":0,"cards_transformed":["Strike_G"],"player_choice":"Transformed","damage_taken":0,"max_hp_gain":0,"max_hp_loss":0,"event_name":"Transmorgrifier","floor":5,"gold_loss":0,"cards_obtained":["Outmaneuver"]}],"is_beta":false,"boss_relics":[],"items_purged_floors":[],"is_endless":false,"potions_floor_spawned":[6,7,10],"killed_by":"3 Sentries","ascension_level":18}