{"gold_per_floor":[114,114,137,155,171,171,202,277,277,10,10,29,29,50,50,148,148,166,166,189,189,205,205,43,43,68,68,101,101,119,19,19,19],"floor_reached":33,"playtime":1756,"items_purged":["Strike_B","Strike_B"],"score":537,"play_id":"bd406abc-1aba-4c1b-bb46-5e9c6ac1bf26","local_time":"20180920210229","is_ascension_mode":true,"campfire_choices":[{"data":"Streamline","floor":6,"key":"SMITH"},{"data":"Zap","floor":11,"key":"SMITH"},{"floor":13,"key":"REST"},{"data":"Fission","floor":15,"key":"SMITH"},{"floor":23,"key":"REST"},{"data":"Loop","floor":25,"key":"SMITH"},{"data":"White Noise","floor":27,"key":"SMITH"},{"data":"RitualDagger","floor":29,"key":"SMITH"},{"data":"Echo Form","floor":32,"key":"SMITH"}],"neow_cost":"NONE","seed_source_timestamp":449282397505999,"circlet_count":0,"master_deck":["Strike_B","Strike_B","Defend_B","Defend_B","Defend_B","Defend_B","Zap+1","Dualcast+1","AscendersBane","Cold Snap","Streamline+1","Sunder","Ball Lightning","Biased Cognition","Beam Cell","Fission+1","Core Surge","White Noise+1","Chill+1","RitualDagger+1","Loop+1","Echo Form+1"],"relics":["FrozenCore","Golden Idol","Bag of Preparation","Art of War","Lantern","Centennial Puzzle","Pear"],"potions_floor_usage":[5,16,22,28,33],"damage_taken":[{"damage":7,"enemies":"2 Louse","floor":1,"turns":3},{"damage":7,"enemies":"Jaw Worm","floor":3,"turns":3},{"damage":0,"enemies":"Cultist","floor":4,"turns":3},{"damage":13,"enemies":"Large Slime","floor":5,"turns":5},{"damage":14,"enemies":"3 Sentries","floor":7,"turns":7},{"damage":6,"enemies":"Exordium Thugs","floor":12,"turns":3},{"damage":4,"enemies":"3 Louse","floor":14,"turns":3},{"damage":31,"enemies":"The Guardian","floor":16,"turns":6},{"damage":0,"enemies":"Chosen","floor":18,"turns":4},{"damage":7,"enemies":"2 Thieves","floor":20,"turns":3},{"damage":32,"enemies":"Centurion and Healer","floor":22,"turns":11},{"damage":0,"enemies":"Gremlin Leader","floor":28,"turns":6},{"damage":0,"enemies":"3 Cultists","floor":30,"turns":5},{"damage":47,"enemies":"Automaton","floor":33,"turns":6}],"seed_played":"-8633924201488629049","potions_obtained":[{"floor":3,"key":"Regen Potion"},{"floor":5,"key":"FairyPotion"},{"floor":7,"key":"SteroidPotion"},{"floor":16,"key":"Block Potion"},{"floor":20,"key":"EssenceOfSteel"},{"floor":22,"key":"FearPotion"},{"floor":28,"key":"Fire Potion"}],"is_trial":false,"path_per_floor":["M","?","M","M","M","R","E","?","T","$","R","M","R","M","R","B",null,"M","?","M","?","M","R","$","R","T","R","E","R","M","$","R"],"character_chosen":"DEFECT","items_purchased":["Biased Cognition","Lantern","Loop"],"campfire_rested":2,"item_purchase_floors":[10,10,24],"current_hp_per_floor":[57,57,50,50,49,49,35,24,24,24,24,18,37,33,33,2,49,49,49,49,43,11,30,30,30,30,30,40,40,40,40,40,0],"gold":19,"neow_bonus":"UPGRADE_CARD","is_prod":false,"is_daily":false,"chose_seed":false,"campfire_upgraded":7,"win_rate":0,"timestamp":1537491749,"path_taken":["M","?","M","M","?","R","E","?","T","$","R","M","R","M","R","BOSS","M","?","M","?","M","R","$","R","T","R","E","R","M","?","R","BOSS"],"build_version":"2018-09-20","purchased_purges":2,"victory":false,"max_hp_per_floor":[71,64,64,64,64,64,64,64,64,64,64,64,64,64,64,64,64,64,64,64,64,64,64,64,64,64,64,74,74,74,74,74,74],"card_choices":[{"not_picked":["Redo","Gash"],"picked":"Cold Snap","floor":1},{"not_picked":["Rebound","Auto Shields"],"picked":"Streamline","floor":3},{"not_picked":["Compile Driver","Coolheaded","Hologram"],"picked":"SKIP","floor":4},{"not_picked":["Reinforced Body","Heatsinks"],"picked":"Sunder","floor":5},{"not_picked":["Double Energy","Stack"],"picked":"Ball Lightning","floor":7},{"not_picked":["Redo","Double Energy"],"picked":"Beam Cell","floor":12},{"not_picked":["Cold Snap","Stack"],"picked":"Fission","floor":14},{"not_picked":["Buffer","Biased Cognition"],"picked":"Core Surge","floor":16},{"not_picked":["Streamline","Hologram"],"picked":"White Noise","floor":18},{"not_picked":["Steam","Turbo"],"picked":"Chill+1","floor":20},{"not_picked":["Hologram","Beam Cell","Tempest"],"picked":"SKIP","floor":22},{"not_picked":["Blizzard","Darkness","Beam Cell"],"picked":"SKIP","floor":28},{"not_picked":["Leap","Streamline"],"picked":"Echo Form","floor":30}],"player_experience":676225,"relics_obtained":[{"floor":7,"key":"Bag of Preparation"},{"floor":9,"key":"Art of War"},{"floor":26,"key":"Centennial Puzzle"},{"floor":28,"key":"Pear"}],"event_choices":[{"event_name":"Golden Idol","player_choice":"Lose Max HP","floor":2,"damage_taken":0},{"event_name":"World of Goop","player_choice":"Gather Gold","floor":8,"damage_taken":0},{"event_name":"Ghosts","player_choice":"Ignored","floor":19,"damage_taken":0},{"event_name":"Nest","player_choice":"Joined the Cult","floor":21,"damage_taken":0}],"is_beta":false,"boss_relics":[{"not_picked":["Nuclear Battery","Orrery"],"picked":"FrozenCore"}],"items_purged_floors":[24,31],"is_endless":false,"potions_floor_spawned":[3,5,7,16,20,22,28],"killed_by":"Automaton","ascension_level":17}