{"gold_per_floor":[119,119,135,154,1,1,27,27,27,39,13,41,66,66,66,140,140,159,258,272,19,34,49,49,67,92,126,136,136,154,179,179,253,253,264,277,297,297,297],"floor_reached":39,"playtime":1909,"items_purged":["Decay"],"score":864,"play_id":"4cdc05c7-f61b-4b0c-b879-cc3a10c900ea","local_time":"20190224181032","is_ascension_mode":true,"campfire_choices":[{"data":"Zap","floor":6,"key":"SMITH"},{"data":"Buffer","floor":8,"key":"SMITH"},{"data":"Hologram","floor":15,"key":"SMITH"},{"data":"Defragment","floor":24,"key":"SMITH"},{"floor":32,"key":"RECALL"}],"neow_cost":"TEN_PERCENT_HP_LOSS","seed_source_timestamp":1013107712978170,"circlet_count":0,"master_deck":["AscendersBane","Strike_B","Strike_B","Defend_B","Defend_B","Defend_B","Defend_B","Zap+1","Dualcast","Go for the Eyes","Buffer+1","Electrodynamics","Ball Lightning","Defragment+1","Conserve Battery","Hello World","Leap","Genetic Algorithm","Hologram+1","Machine Learning","Force Field","Self Repair","Turbo","Self Repair","Cold Snap","Doom and Gloom","Beam Cell+1","Capacitor","Multi-Cast","Loop","BootSequence+1","Lockon+1","Dark Shackles"],"relics":["Cracked Core","Mummified Hand","Cables","Blood Vial","Odd Mushroom","Singing Bowl","Runic Pyramid","Lantern","Vajra","Blue Candle","Bag of Marbles","Cursed Key"],"potions_floor_usage":[7,16,33,36],"damage_taken":[{"damage":0,"enemies":"2 Louse","floor":1,"turns":3},{"damage":3,"enemies":"Cultist","floor":3,"turns":4},{"damage":13,"enemies":"Jaw Worm","floor":4,"turns":4},{"damage":8,"enemies":"3 Sentries","floor":7,"turns":4},{"damage":0,"enemies":"2 Fungi Beasts","floor":10,"turns":2},{"damage":0,"enemies":"Gremlin Nob","floor":12,"turns":4},{"damage":7,"enemies":"The Mushroom Lair","floor":13,"turns":4},{"damage":0,"enemies":"Hexaghost","floor":16,"turns":9},{"damage":6,"enemies":"3 Byrds","floor":18,"turns":4},{"damage":5,"enemies":"2 Thieves","floor":20,"turns":5},{"damage":0,"enemies":"Snake Plant","floor":22,"turns":4},{"damage":0,"enemies":"Centurion and Healer","floor":23,"turns":6},{"damage":5,"enemies":"Sentry and Sphere","floor":25,"turns":5},{"damage":19,"enemies":"Book of Stabbing","floor":27,"turns":6},{"damage":7,"enemies":"Cultist and Chosen","floor":28,"turns":6},{"damage":0,"enemies":"Snecko","floor":30,"turns":5},{"damage":16,"enemies":"Slavers","floor":31,"turns":4},{"damage":10,"enemies":"Champ","floor":33,"turns":10},{"damage":18,"enemies":"Orb Walker","floor":35,"turns":4},{"damage":36,"enemies":"3 Darklings","floor":36,"turns":5},{"damage":21,"enemies":"Spire Growth","floor":37,"turns":6},{"damage":36,"enemies":"2 Orb Walkers","floor":39,"turns":3}],"seed_played":"-9036042915795297137","potions_obtained":[{"floor":3,"key":"LiquidBronze"},{"floor":4,"key":"Block Potion"},{"floor":12,"key":"FocusPotion"},{"floor":18,"key":"Explosive Potion"},{"floor":28,"key":"GamblersBrew"},{"floor":35,"key":"FearPotion"}],"is_trial":false,"path_per_floor":["M","?","M","M","$","R","E","R","T","M","$","E","?","?","R","B",null,"M","?","M","$","M","M","R","M","T","E","M","?","M","E","R","B",null,"M","M","M","?","?"],"character_chosen":"DEFECT","items_purchased":["Defragment","Leap","Turbo","Lantern","Self Repair"],"campfire_rested":0,"item_purchase_floors":[5,11,21,21,21],"current_hp_per_floor":[64,64,61,48,48,48,40,40,40,40,40,40,35,28,28,30,56,52,52,49,49,64,66,66,66,66,63,68,68,68,68,68,70,70,59,39,34,34,0],"gold":297,"neow_bonus":"REMOVE_TWO","is_prod":false,"is_daily":false,"chose_seed":false,"campfire_upgraded":4,"win_rate":0,"timestamp":1551049832,"path_taken":["M","?","M","M","$","R","E","R","T","?","?","E","?","?","R","BOSS","M","?","M","$","M","M","R","M","T","E","M","?","M","E","R","BOSS","M","M","M","?","?"],"build_version":"2019-01-23","purchased_purges":1,"victory":false,"max_hp_per_floor":[64,64,64,64,64,64,64,64,64,64,64,64,64,64,64,64,64,64,64,64,64,64,66,66,66,66,68,68,68,68,70,70,70,70,70,70,70,70,70],"card_choices":[{"not_picked":["Turbo","Steam"],"picked":"Go for the Eyes","floor":1},{"not_picked":["BootSequence","Glacier"],"picked":"Electrodynamics","floor":3},{"not_picked":["Leap","Sweeping Beam"],"picked":"Ball Lightning","floor":4},{"not_picked":["Beam Cell","Undo"],"picked":"Conserve Battery","floor":7},{"not_picked":["Beam Cell","Hologram"],"picked":"Hello World","floor":10},{"not_picked":["Turbo","Loop"],"picked":"Genetic Algorithm","floor":12},{"not_picked":["Stack","Redo"],"picked":"Hologram","floor":13},{"not_picked":["Hyperbeam","Seek"],"picked":"Machine Learning","floor":16},{"not_picked":["Melter","Doom and Gloom"],"picked":"Force Field","floor":18},{"not_picked":["Undo","Static Discharge"],"picked":"Self Repair","floor":20},{"not_picked":["Go for the Eyes","Sweeping Beam"],"picked":"Cold Snap","floor":22},{"not_picked":["Hologram","Sunder","Streamline"],"picked":"Singing Bowl","floor":23},{"not_picked":["Stack+1","Loop"],"picked":"Doom and Gloom","floor":25},{"not_picked":["Ball Lightning","Multi-Cast","Blizzard"],"picked":"Singing Bowl","floor":27},{"not_picked":["Gash","Reinforced Body"],"picked":"Beam Cell+1","floor":28},{"not_picked":["Sunder","Redo"],"picked":"Capacitor","floor":30},{"not_picked":["Consume","Reinforced Body","Leap"],"picked":"Singing Bowl","floor":31},{"not_picked":["Rainbow","Thunder Strike"],"picked":"Multi-Cast","floor":33},{"not_picked":["Stack+1","Hologram"],"picked":"Loop","floor":35},{"not_picked":["Conserve Battery","Turbo+1"],"picked":"BootSequence+1","floor":36},{"not_picked":["Leap","Sweeping Beam"],"picked":"Lockon+1","floor":37},{"not_picked":["Apotheosis","Jack Of All Trades"],"picked":"Dark Shackles","floor":38}],"player_experience":365692,"relics_obtained":[{"floor":7,"key":"Mummified Hand"},{"floor":9,"key":"Cables"},{"floor":12,"key":"Blood Vial"},{"floor":13,"key":"Odd Mushroom"},{"floor":26,"key":"Vajra"},{"floor":27,"key":"Blue Candle"},{"floor":31,"key":"Bag of Marbles"}],"event_choices":[{"damage_healed":0,"gold_gain":0,"player_choice":"2 cards matched","damage_taken":0,"max_hp_gain":0,"max_hp_loss":0,"event_name":"Match and Keep!","floor":2,"gold_loss":0,"cards_obtained":["Decay","Buffer"]},{"damage_healed":0,"gold_gain":0,"player_choice":"2 cards matched","damage_taken":0,"max_hp_gain":0,"max_hp_loss":0,"event_name":"Match and Keep!","floor":2,"gold_loss":0,"cards_obtained":["Decay","Buffer"]},{"damage_healed":0,"gold_gain":0,"player_choice":"2 cards matched","damage_taken":0,"max_hp_gain":0,"max_hp_loss":0,"event_name":"Match and Keep!","floor":2,"gold_loss":0,"cards_obtained":["Decay","Buffer"]},{"damage_healed":0,"gold_gain":0,"player_choice":"Fought Mushrooms","damage_taken":0,"max_hp_gain":0,"max_hp_loss":0,"event_name":"Mushrooms","floor":13,"gold_loss":0},{"damage_healed":0,"gold_gain":0,"player_choice":"Success","damage_taken":7,"relics_obtained":["Singing Bowl"],"max_hp_gain":0,"max_hp_loss":0,"event_name":"Scrap Ooze","floor":14,"gold_loss":0},{"damage_healed":0,"gold_gain":99,"player_choice":"Stole From Cult","damage_taken":0,"max_hp_gain":0,"max_hp_loss":0,"event_name":"Nest","floor":19,"gold_loss":0},{"damage_healed":0,"gold_gain":0,"player_choice":"Bought 0 Potions","damage_taken":0,"max_hp_gain":0,"max_hp_loss":0,"event_name":"The Woman in Blue","floor":29,"gold_loss":0},{"damage_healed":0,"gold_gain":0,"player_choice":"Memory 1","damage_taken":0,"max_hp_gain":0,"max_hp_loss":0,"event_name":"SensoryStone","floor":38,"gold_loss":0},{"damage_healed":0,"gold_gain":0,"player_choice":"Fight","damage_taken":0,"max_hp_gain":0,"max_hp_loss":0,"event_name":"Mysterious Sphere","floor":39,"gold_loss":0}],"is_beta":false,"boss_relics":[{"not_picked":["Snecko Eye","Orrery"],"picked":"Runic Pyramid"},{"not_picked":["Runic Dome","Inserter"],"picked":"Cursed Key"}],"items_purged_floors":[5],"is_endless":false,"potions_floor_spawned":[3,4,12,18,20,22,28,35],"killed_by":"2 Orb Walkers","ascension_level":14}