{"gold_per_floor":[118,6,16,29,41,73,73,105,105,123,123,143,183,201,201,201],"floor_reached":16,"playtime":926,"items_purged":["Strike_R"],"score":155,"play_id":"6cafb67f-60fa-4289-9f71-12a226f3da42","local_time":"20190221135603","is_ascension_mode":true,"campfire_choices":[{"data":"Shockwave","floor":7,"key":"SMITH"},{"data":"Power Through","floor":15,"key":"SMITH"}],"neow_cost":"PERCENT_DAMAGE","seed_source_timestamp":739616484155548,"circlet_count":0,"master_deck":["Strike_R","Strike_R","Strike_R","Strike_R","Defend_R","Defend_R","Defend_R","Defend_R","Bash","Shockwave+1","Iron Wave","Shrug It Off","Shrug It Off","Reaper","Thunderclap","Power Through+1","Iron Wave","Thunderclap"],"relics":["Burning Blood","Calipers","Matryoshka","Gambling Chip","Juzu Bracelet","Bottled Flame","Golden Idol","Smiling Mask"],"potions_floor_usage":[5,8,13,16,16],"damage_taken":[{"damage":7,"enemies":"Cultist","floor":1,"turns":6},{"damage":3,"enemies":"Small Slimes","floor":3,"turns":5},{"damage":1,"enemies":"2 Louse","floor":4,"turns":5},{"damage":0,"enemies":"Lots of Slimes","floor":5,"turns":1},{"damage":29,"enemies":"3 Sentries","floor":6,"turns":13},{"damage":38,"enemies":"Lagavulin","floor":8,"turns":11},{"damage":6,"enemies":"Blue Slaver","floor":10,"turns":7},{"damage":12,"enemies":"3 Louse","floor":12,"turns":4},{"damage":5,"enemies":"3 Sentries","floor":13,"turns":14},{"damage":0,"enemies":"Exordium Wildlife","floor":14,"turns":3},{"damage":63,"enemies":"Slime Boss","floor":16,"turns":11}],"seed_played":"-1814859936654929597","potions_obtained":[{"floor":3,"key":"FearPotion"},{"floor":4,"key":"Explosive Potion"},{"floor":8,"key":"Poison Potion"},{"floor":12,"key":"EssenceOfSteel"},{"floor":14,"key":"LiquidBronze"}],"is_trial":false,"path_per_floor":["M","$","M","M","M","E","R","E","T","M","?","M","E","M","R","B"],"character_chosen":"IRONCLAD","items_purchased":["Shockwave"],"campfire_rested":0,"item_purchase_floors":[2],"current_hp_per_floor":[55,55,58,63,69,46,46,14,14,18,18,24,37,43,43,0],"gold":201,"neow_bonus":"ONE_RARE_RELIC","is_prod":false,"is_daily":false,"chose_seed":false,"campfire_upgraded":2,"win_rate":0,"timestamp":1550775363,"path_taken":["M","$","M","M","M","E","R","E","T","M","?","M","E","M","R","BOSS"],"build_version":"2019-01-23","purchased_purges":1,"victory":false,"max_hp_per_floor":[80,80,80,80,80,80,80,80,80,80,74,74,74,74,74,74],"card_choices":[{"not_picked":["Sword Boomerang","Sever Soul","Clash"],"picked":"SKIP","floor":1},{"not_picked":["Searing Blow","Flex"],"picked":"Iron Wave","floor":3},{"not_picked":["Clash","Perfected Strike","Clothesline"],"picked":"SKIP","floor":4},{"not_picked":["Flex","Cleave"],"picked":"Shrug It Off","floor":5},{"not_picked":["Sever Soul","Headbutt"],"picked":"Shrug It Off","floor":6},{"not_picked":["Clothesline","Second Wind"],"picked":"Reaper","floor":8},{"not_picked":["Fire Breathing","Pummel"],"picked":"Thunderclap","floor":10},{"not_picked":["Wild Strike","Pommel Strike"],"picked":"Power Through","floor":12},{"not_picked":["Blood for Blood","Sentinel"],"picked":"Iron Wave","floor":13},{"not_picked":["Heavy Blade","True Grit"],"picked":"Thunderclap","floor":14}],"player_experience":332797,"relics_obtained":[{"floor":6,"key":"Matryoshka"},{"floor":8,"key":"Gambling Chip"},{"floor":9,"key":"Juzu Bracelet"},{"floor":9,"key":"Bottled Flame"},{"floor":13,"key":"Smiling Mask"}],"event_choices":[{"damage_healed":0,"gold_gain":0,"player_choice":"Lose Max HP","damage_taken":0,"relics_obtained":["Golden Idol"],"max_hp_gain":0,"max_hp_loss":6,"event_name":"Golden Idol","floor":11,"gold_loss":0}],"is_beta":false,"boss_relics":[],"items_purged_floors":[2],"is_endless":false,"potions_floor_spawned":[3,4,8,12,14],"killed_by":"Slime Boss","ascension_level":5}