{"path_per_floor":["M","M","?","M","M","E","M","E","T","M","?","R","?","M","R"],"character_chosen":"THE_SILENT","items_purchased":[],"gold_per_floor":[20,34,109,119,136,163,179,206,229,244,244,244,244,259,259,259],"floor_reached":16,"campfire_rested":2,"playtime":2703,"item_purchase_floors":[],"current_hp_per_floor":[70,70,59,59,58,40,38,14,14,14,14,35,35,35,56,0],"items_purged":[],"gold":259,"score":114,"play_id":"0f633563-bb29-4de7-a3a2-3e1fa6260f3a","local_time":"20180528123618","is_prod":false,"is_daily":false,"chose_seed":false,"is_ascension_mode":false,"campfire_upgraded":0,"win_rate":0.0,"timestamp":1527507378,"campfire_choices":[{"floor":12,"key":"REST"},{"floor":15,"key":"REST"}],"path_taken":["M","M","?","?","M","E","M","E","T","M","?","R","?","M","R","BOSS"],"build_version":"2018-05-24","seed_source_timestamp":0,"purchased_purges":0,"victory":false,"master_deck":["Defend_G","Defend_G","Defend_G","Defend_G","Strike_G","Strike_G","Strike_G","Survivor","Neutralize+1","Flying Knee","Quick Slash","Caltrops","Dodge and Roll","Terror","Poisoned Stab"],"max_hp_per_floor":[70,70,70,70,70,70,70,70,70,70,70,70,70,70,70,70],"relics":["Ring of the Snake","Centennial Puzzle","Thread and Needle","Boot"],"card_choices":[{"not_picked":["Expertise","Acrobatics"],"picked":"Flying Knee","floor":1.0},{"not_picked":["Heel Hook","Eviscerate","Dagger Spray"],"picked":"SKIP","floor":2.0},{"not_picked":["Endless Agony","PiercingWail","Skewer"],"picked":"SKIP","floor":4.0},{"not_picked":["Outmaneuver","Reflex","Heel Hook"],"picked":"SKIP","floor":5},{"not_picked":["Sucker Punch","Underhanded Strike"],"picked":"Quick Slash","floor":6},{"not_picked":["Dagger Spray","Calculated Gamble"],"picked":"Caltrops","floor":7},{"not_picked":["Reflex","A Thousand Cuts"],"picked":"Dodge and Roll","floor":8},{"not_picked":["Crippling Poison","PiercingWail"],"picked":"Terror","floor":10},{"not_picked":["Quick Slash","Catalyst"],"picked":"Poisoned Stab","floor":14}],"player_experience":150632,"potions_floor_usage":[8,16,16,16],"damage_taken":[{"damage":0.0,"enemies":"Small Slimes","floor":1.0,"turns":7.0},{"damage":0.0,"enemies":"2 Louse","floor":2.0,"turns":3.0},{"damage":0.0,"enemies":"Cultist","floor":4.0,"turns":4.0},{"damage":1,"enemies":"2 Fungi Beasts","floor":5,"turns":5},{"damage":18,"enemies":"3 Sentries","floor":6,"turns":17},{"damage":2,"enemies":"Exordium Thugs","floor":7,"turns":7},{"damage":24,"enemies":"Lagavulin","floor":8,"turns":9},{"damage":0,"enemies":"Looter","floor":10,"turns":4},{"damage":0,"enemies":"Red Slaver","floor":14,"turns":4},{"damage":60,"enemies":"Slime Boss","floor":16,"turns":12}],"relics_obtained":[{"floor":6,"key":"Centennial Puzzle"},{"floor":8,"key":"Thread and Needle"},{"floor":9,"key":"Boot"}],"event_choices":[{"event_name":"World of Goop","player_choice":"Gather Gold","floor":3.0,"damage_taken":0.0},{"event_name":"Upgrade Shrine","player_choice":"Upgraded","floor":11,"damage_taken":0},{"event_name":"Bonfire Elementals","player_choice":"BASIC","floor":13,"damage_taken":0}],"boss_relics":[],"items_purged_floors":[],"potions_floor_spawned":[1,8,10,14],"seed_played":"-8334069888981539276","killed_by":"Slime Boss","ascension_level":0,"potions_obtained":[{"floor":1.0,"key":"SpeedPotion"},{"floor":8,"key":"FearPotion"},{"floor":10,"key":"SteroidPotion"},{"floor":14,"key":"Weak Potion"}],"is_trial":false}