{"gold_per_floor":[110,110,126,142,157,157,184,184,184,184,196,196,38,38,38,116,166,176,196,196,196,214,227,227,227],"floor_reached":25,"playtime":744,"items_purged":[],"score":365,"play_id":"2d90d5f7-da3b-47f2-bfce-e25bf3f680df","local_time":"20190524210805","is_ascension_mode":true,"campfire_choices":[{"data":"Limit Break","floor":6.0,"key":"SMITH"},{"floor":8.0,"key":"REST"},{"data":"Inflame","floor":10.0,"key":"SMITH"},{"data":"Bash","floor":12.0,"key":"SMITH"},{"data":"Disarm","floor":15.0,"key":"SMITH"},{"data":"Body Slam","floor":24.0,"key":"SMITH"}],"neow_cost":"NONE","seed_source_timestamp":720955296338733,"circlet_count":0,"master_deck":["AscendersBane","Strike_R","Strike_R","Strike_R","Strike_R","Strike_R","Defend_R","Defend_R","Defend_R","Defend_R","Bash+1","Limit Break+1","Sword Boomerang+1","Inflame+1","Disarm+1","Double Tap","Body Slam+1","Spot Weakness","Ghostly Armor","Limit Break"],"special_seed":0,"relics":["Burning Blood","Potion Belt","Lantern","Orichalcum","Nloth\u0027s Gift"],"potions_floor_usage":[],"damage_taken":[{"damage":9.0,"enemies":"Small Slimes","floor":1.0,"turns":5.0},{"damage":6.0,"enemies":"Cultist","floor":3.0,"turns":3.0},{"damage":8.0,"enemies":"2 Louse","floor":4.0,"turns":2.0},{"damage":18.0,"enemies":"Large Slime","floor":5.0,"turns":4.0},{"damage":30.0,"enemies":"Lagavulin","floor":7.0,"turns":6.0},{"damage":0.0,"enemies":"3 Louse","floor":11.0,"turns":1.0},{"damage":2.0,"enemies":"The Guardian","floor":16.0,"turns":8.0},{"damage":6.0,"enemies":"Chosen","floor":18.0,"turns":3.0},{"damage":33.0,"enemies":"3 Byrds","floor":19.0,"turns":7.0},{"damage":13.0,"enemies":"Sentry and Sphere","floor":22.0,"turns":4.0},{"damage":8.0,"enemies":"Chosen and Byrds","floor":23.0,"turns":6.0},{"damage":42,"enemies":"Snake Plant","floor":25,"turns":4}],"seed_played":"-4250167940709183340","potions_obtained":[{"floor":4.0,"key":"Explosive Potion"},{"floor":5.0,"key":"Weak Potion"},{"floor":7.0,"key":"SpeedPotion"},{"floor":17.0,"key":"Explosive Potion"},{"floor":22.0,"key":"AttackPotion"},{"floor":23.0,"key":"Energy Potion"}],"is_trial":false,"path_per_floor":["M","$","M","M","M","R","E","R","T","R","M","R","$","?","R","B",null,"M","M","$","?","M","M","R","M"],"character_chosen":"IRONCLAD","items_purchased":["Orichalcum"],"campfire_rested":1,"item_purchase_floors":[13],"current_hp_per_floor":[65,65,65,63,51,51,27,49,49,49,55,55,55,55,55,59,76,76,49,49,49,42,40,40,0],"gold":227,"neow_bonus":"ONE_RANDOM_RARE_CARD","is_prod":false,"is_daily":false,"chose_seed":false,"campfire_upgraded":5,"win_rate":0,"timestamp":1558703285,"path_taken":["M","$","M","M","M","R","E","R","T","R","M","R","$","?","R","BOSS","M","M","$","?","?","M","R","M"],"build_version":"2019-01-23","purchased_purges":0,"victory":false,"max_hp_per_floor":[75,75,75,75,75,75,75,75,75,75,75,75,75,75,75,75,80,80,80,80,80,80,80,80,80],"card_choices":[{"not_picked":["Seeing Red","Armaments"],"picked":"Sword Boomerang","floor":1.0},{"not_picked":["Rage","True Grit","Rampage"],"picked":"SKIP","floor":3.0},{"not_picked":["Havoc","Twin Strike"],"picked":"Inflame","floor":4.0},{"not_picked":["Clothesline","Rampage","Dark Embrace"],"picked":"SKIP","floor":5.0},{"not_picked":["Headbutt","True Grit"],"picked":"Disarm","floor":7.0},{"not_picked":["Second Wind","Pommel Strike","Iron Wave"],"picked":"SKIP","floor":11.0},{"not_picked":["Juggernaut","Bludgeon"],"picked":"Double Tap","floor":16.0},{"not_picked":["Intimidate","True Grit"],"picked":"Body Slam","floor":18.0},{"not_picked":["Body Slam","Headbutt"],"picked":"Spot Weakness","floor":19.0},{"not_picked":["Perfected Strike","Iron Wave"],"picked":"Ghostly Armor","floor":22.0},{"not_picked":["Twin Strike","Power Through"],"picked":"Limit Break","floor":23.0}],"player_experience":591161,"relics_obtained":[{"floor":7.0,"key":"Potion Belt"},{"floor":9.0,"key":"Lantern"}],"event_choices":[{"damage_healed":0.0,"max_hp_gain":0.0,"max_hp_loss":0.0,"gold_gain":0.0,"event_name":"Liars Game","player_choice":"Ignored","floor":14.0,"gold_loss":0.0,"damage_taken":0.0},{"damage_healed":0.0,"max_hp_gain":0.0,"max_hp_loss":0.0,"gold_gain":0.0,"event_name":"N\u0027loth","player_choice":"Traded Relic","floor":21.0,"relics_lost":["Tiny House"],"gold_loss":0.0,"damage_taken":0.0,"relics_obtained":["Nloth\u0027s Gift"]}],"is_beta":false,"boss_relics":[{"not_picked":["Sozu","Orrery"],"picked":"Tiny House"}],"items_purged_floors":[],"is_endless":false,"potions_floor_spawned":[4,5,7,22,23],"killed_by":"Snake Plant","ascension_level":16}