{"gold_per_floor":[360,378,15,30,41,41,70,70,93,112,112,187,202,102,102,180,180,194,194,21,31,31,63,80,80],"floor_reached":25,"playtime":876,"items_purged":["Strike_R","Strike_R","Writhe"],"score":434,"play_id":"51bee6e0-3e92-4baa-9b20-df9bec544524","local_time":"20180821230038","is_ascension_mode":true,"campfire_choices":[{"data":"Anger","floor":6.0,"key":"SMITH"},{"data":"Metallicize","floor":8.0,"key":"SMITH"},{"data":"Heavy Blade","floor":11.0,"key":"SMITH"},{"data":"Demon Form","floor":15.0,"key":"SMITH"}],"neow_cost":"PERCENT_DAMAGE","seed_source_timestamp":19693619787320,"circlet_count":0,"master_deck":["Strike_R","Strike_R","Strike_R","Defend_R","Defend_R","Defend_R","Defend_R","Bash","AscendersBane","Anger+1","Demon Form+1","Metallicize+1","Wild Strike","Iron Wave","Thunderclap","Heavy Blade+1","Iron Wave","Limit Break","Armaments+1","Cleave","Sword Boomerang","Battle Trance+1"],"special_seed":0,"relics":["Burning Blood","Sling","Pen Nib","Oddly Smooth Stone","Cursed Key","Ancient Tea Set","Prayer Wheel"],"potions_floor_usage":[16,16,23,23,25],"damage_taken":[{"damage":7.0,"enemies":"Small Slimes","floor":1.0,"turns":4.0},{"damage":7.0,"enemies":"2 Louse","floor":2.0,"turns":3.0},{"damage":4.0,"enemies":"Jaw Worm","floor":4.0,"turns":5.0},{"damage":0.0,"enemies":"3 Louse","floor":5.0,"turns":2.0},{"damage":29.0,"enemies":"3 Sentries","floor":7.0,"turns":6.0},{"damage":3.0,"enemies":"Blue Slaver","floor":10.0,"turns":4.0},{"damage":6.0,"enemies":"Looter","floor":13.0,"turns":3.0},{"damage":10,"enemies":"The Guardian","floor":16,"turns":8},{"damage":18,"enemies":"Shell Parasite","floor":18,"turns":4},{"damage":14,"enemies":"3 Byrds","floor":21,"turns":7},{"damage":24,"enemies":"Slavers","floor":23,"turns":4},{"damage":21,"enemies":"Centurion and Healer","floor":24,"turns":8},{"damage":16,"enemies":"Cultist and Chosen","floor":25,"turns":4}],"seed_played":"4788787915531927528","potions_obtained":[{"floor":2.0,"key":"Explosive Potion"},{"floor":4.0,"key":"SpeedPotion"},{"floor":13.0,"key":"Ancient Potion"},{"floor":16,"key":"EssenceOfSteel"},{"floor":23,"key":"GamblersBrew"}],"is_trial":false,"path_per_floor":["M","M","$","M","M","R","E","R","T","M","R","?","M","$","R","B",null,"M","?","$","M","?","E","M"],"character_chosen":"IRONCLAD","items_purchased":["Sling","Metallicize","Block Potion"],"campfire_rested":0,"item_purchase_floors":[3,3,20],"current_hp_per_floor":[49,48,48,50,56,56,33,33,33,36,36,25,25,25,25,21,62,50,50,50,42,42,24,9,0],"gold":80,"neow_bonus":"TWO_FIFTY_GOLD","is_prod":false,"is_daily":false,"chose_seed":false,"campfire_upgraded":4,"win_rate":0,"timestamp":1534906838,"path_taken":["M","M","$","M","M","R","E","R","T","M","R","?","M","$","R","BOSS","M","?","$","?","?","E","M","M"],"build_version":"2018-08-16","purchased_purges":3,"victory":false,"max_hp_per_floor":[75,75,75,75,75,75,75,75,75,75,75,75,75,75,75,75,75,75,75,75,75,75,75,75,75],"card_choices":[{"not_picked":["Sever Soul","True Grit"],"picked":"Anger","floor":1.0},{"not_picked":["Feel No Pain","Wild Strike"],"picked":"Demon Form","floor":2.0},{"not_picked":["Flex","Corruption"],"picked":"Wild Strike","floor":4.0},{"not_picked":["Body Slam","Clash"],"picked":"Iron Wave","floor":5.0},{"not_picked":["Wild Strike","Dark Embrace"],"picked":"Thunderclap","floor":7.0},{"not_picked":["Body Slam","Inflame"],"picked":"Heavy Blade","floor":10.0},{"not_picked":["Clash","Anger"],"picked":"Iron Wave","floor":13.0},{"not_picked":["Barricade","Bludgeon"],"picked":"Limit Break","floor":16},{"not_picked":["Flex","Body Slam"],"picked":"Armaments+1","floor":18},{"not_picked":["Burning Pact+1","Blood for Blood"],"picked":"Cleave","floor":21},{"not_picked":["Reckless Charge","Pommel Strike"],"picked":"Sword Boomerang","floor":23},{"not_picked":["Carnage","Headbutt"],"picked":"Battle Trance+1","floor":24},{"not_picked":["Heavy Blade+1","Warcry","Dual Wield"],"picked":"SKIP","floor":24}],"player_experience":594177,"relics_obtained":[{"floor":7.0,"key":"Pen Nib"},{"floor":9.0,"key":"Oddly Smooth Stone"},{"floor":23,"key":"Prayer Wheel"}],"event_choices":[{"event_name":"World of Goop","player_choice":"Gather Gold","floor":12.0,"damage_taken":0.0},{"event_name":"The Mausoleum","player_choice":"Yes","floor":19,"damage_taken":0},{"event_name":"Drug Dealer","player_choice":"Ignored","floor":22,"damage_taken":0}],"is_beta":false,"boss_relics":[{"not_picked":["Eternal Feather","Orrery"],"picked":"Cursed Key"}],"items_purged_floors":[3,14,20],"is_endless":false,"potions_floor_spawned":[2,4,13,16,21,23],"killed_by":"Cultist and Chosen","ascension_level":15}