{"path_per_floor":["M","$","?","?","?","R","E","R","T","R","M","M","E","$","R","B",null,"M","$","?","?","M","R","?","R","T","$","M"],"character_chosen":"IRONCLAD","items_purchased":["Entrench","Metallicize","Shrug It Off"],"gold_per_floor":[117,3,3,3,3,3,38,38,38,38,56,75,105,72,72,170,170,189,89,89,89,102,102,102,102,149,95,106],"floor_reached":29,"campfire_rested":2,"playtime":1211,"current_hp_per_floor":[71,71,71,64,64,64,30,51,51,51,51,50,35,35,35,31,62,41,41,41,41,28,28,28,49,49,49,29],"items_purged":["Anger","Strike_R"],"gold":106,"score":306,"play_id":"28d992c2-78e5-4c53-87ed-d3b12351e8a8","is_prod":false,"is_daily":false,"is_ascension_mode":true,"campfire_upgraded":4,"path_taken":["M","$","?","?","?","R","E","R","T","R","M","M","E","$","R","BOSS","M","$","?","?","M","R","?","R","T","$","M","M"],"build_version":"2018-02-15-PROD1","purchased_purges":2,"victory":false,"master_deck":["Defend_R","Defend_R","Defend_R","Bash","Reckless Charge","Thunderclap+1","Entrench+1","Pommel Strike","Juggernaut+1","Metallicize+1","Double Tap","Armaments+1","Ghostly Armor+1","Shrug It Off","Shrug It Off"],"max_hp_per_floor":[72,72,72,72,72,72,72,72,72,72,72,72,72,72,72,72,72,72,72,72,72,72,72,72,72,72,72,72],"relics":["Burning Blood","Omamori","Bird Faced Urn","Bag of Preparation","Mark of Pain","Self Forming Clay","Oddly Smooth Stone"],"card_choices":[{"not_picked":["Shockwave","Combust"],"picked":"Thunderclap"},{"not_picked":["Uppercut","Combust"],"picked":"Juggernaut"},{"not_picked":["Limit Break","Juggernaut"],"picked":"Double Tap"},{"not_picked":["Uppercut","Cleave"],"picked":"Armaments"},{"not_picked":["Spot Weakness","Rupture"],"picked":"Ghostly Armor"},{"not_picked":["Spot Weakness","Warcry"],"picked":"Shrug It Off"}],"player_experience":208715,"potions_floor_usage":[12,13,16],"damage_taken":[{"damage":7,"enemies":"2 Louse","floor":1,"turns":3},{"damage":40,"enemies":"Lagavulin","floor":7,"turns":6},{"damage":6,"enemies":"Cultist","floor":11,"turns":3},{"damage":7,"enemies":"Jaw Worm","floor":12,"turns":3},{"damage":21,"enemies":"3 Sentries","floor":13,"turns":6},{"damage":14,"enemies":"Slime Boss","floor":16,"turns":11},{"damage":31,"enemies":"2 Thieves","floor":18,"turns":4},{"damage":23,"enemies":"Shell Parasite","floor":22,"turns":10},{"damage":30,"enemies":"Centurion and Healer","floor":28,"turns":5},{"damage":32,"enemies":"Cultist and Chosen","floor":29,"turns":7}],"event_choices":[{"event_name":"Purifier","player_choice":"One Purge","floor":3,"damage_taken":0},{"event_name":"Golden Wing","player_choice":"Card Removal","floor":4,"damage_taken":0},{"event_name":"Transmorgrifier","player_choice":"Transform","floor":5,"damage_taken":0},{"event_name":"Drug Dealer","player_choice":"Ignored","floor":20,"damage_taken":0},{"event_name":"The Mausoleum","player_choice":"Yes","floor":21,"damage_taken":0},{"event_name":"Upgrade Shrine","player_choice":"Upgraded","floor":24,"damage_taken":0}],"boss_relics":[{"not_picked":["Velvet Choker","White Beast Statue"],"picked":"Mark of Pain"}],"potions_floor_spawned":[1,11,13,18,22],"seed_played":"2820609263146696327","killed_by":"Cultist and Chosen","ascension_level":7,"is_trial":false}