{"path_per_floor":["M","$","?","M","T","E","$","R","T","R","$","M","E","M","R","B",null,"M","M","?","M","?","R","?","E","T","$","T","E","$","M","R","B",null,"M","$","T","T","?","R","M","R","T","E","?","R","M","M","R","B"],"character_chosen":"THE_SILENT","items_purchased":["Deflect","Backflip","Noxious Fumes","Meat on the Bone","Block Potion"],"gold_per_floor":[119,74,174,186,254,283,162,162,236,236,136,154,188,205,205,310,310,324,342,342,359,359,359,359,417,417,56,109,142,17,28,28,129,129,147,147,147,147,193,193,208,208,208,242,0,0,11,23,23,23],"floor_reached":51,"campfire_rested":4,"playtime":3285,"current_hp_per_floor":[65,65,65,60,60,41,41,41,41,62,62,60,58,44,44,19,70,55,55,55,22,22,43,43,36,36,36,36,23,23,33,54,43,70,70,70,70,70,46,46,48,69,76,77,77,77,76,77,77,17],"items_purged":["Doubt","Strike_G","Survivor"],"gold":23,"score":733,"play_id":"fe087630-8f74-448a-8d3e-3eee5a00849c","is_prod":false,"is_daily":false,"is_ascension_mode":true,"campfire_upgraded":5,"path_taken":["M","$","?","?","?","E","$","R","T","R","?","M","E","M","R","BOSS","M","?","?","M","?","R","?","E","T","$","?","E","?","?","R","BOSS","M","$","?","?","?","R","M","R","T","E","?","R","?","M","R","BOSS"],"build_version":"2018-02-15-PROD1","purchased_purges":3,"victory":true,"master_deck":["Defend_G+1","Defend_G+1","Defend_G+1","Defend_G+1","Defend_G+1","Strike_G+1","Strike_G+1","Strike_G+1","Strike_G+1","Neutralize+1","After Image+1","Slice","Deflect","Bouncing Flask+1","Malaise+1","Backflip+1","Bullet Time+1","Backstab+1","Backflip+1","Catalyst+1","Dash","Crippling Poison+1","Noxious Fumes+1","Backflip+1","Die Die Die","Backstab+1","Prepared+1"],"max_hp_per_floor":[70,70,70,70,70,70,70,70,70,70,70,70,70,70,70,70,70,70,70,70,70,70,70,70,70,70,70,70,70,70,70,70,70,70,70,70,70,70,70,70,70,70,77,77,77,77,77,77,77,77],"relics":["Ring of the Snake","Pantograph","Toxic Egg 2","Blue Candle","Kunai","Runic Dome","Tiny Chest","Omamori","Meat on the Bone","Snake Skull","Blood Vial","The Specimen","Unceasing Top","Ice Cream","Thread and Needle","Strawberry","Tingsha","Red Mask"],"card_choices":[{"not_picked":["Venomology","Phantasmal Killer"],"picked":"After Image"},{"not_picked":["Bane","Deadly Poison"],"picked":"Slice"},{"not_picked":["Outmaneuver","Underhanded Strike"],"picked":"Bouncing Flask"},{"not_picked":["PiercingWail","Dash"],"picked":"Malaise"},{"not_picked":["Phantasmal Killer","Unload"],"picked":"Bullet Time"},{"not_picked":["Dodge and Roll","Flying Knee"],"picked":"Backstab"},{"not_picked":["Dagger Spray","Dagger Throw"],"picked":"Backflip"},{"not_picked":["Bane","Slice"],"picked":"Dash"},{"not_picked":["Infinite Blades","Underhanded Strike"],"picked":"Crippling Poison"},{"not_picked":["Predator","Crippling Poison"],"picked":"Backflip"},{"not_picked":["Flying Knee","Slice"],"picked":"Die Die Die"},{"not_picked":["Bane","Slice"],"picked":"Backstab"},{"not_picked":["Acrobatics","Quick Slash"],"picked":"Prepared"}],"player_experience":173730,"potions_floor_usage":[6,16,25,29,39,50,50,50],"damage_taken":[{"damage":5,"enemies":"Cultist","floor":1,"turns":5},{"damage":5,"enemies":"2 Louse","floor":4,"turns":4},{"damage":19,"enemies":"3 Sentries","floor":6,"turns":11},{"damage":2,"enemies":"Jaw Worm","floor":12,"turns":3},{"damage":2,"enemies":"Lagavulin","floor":13,"turns":7},{"damage":14,"enemies":"Lots of Slimes","floor":14,"turns":5},{"damage":50,"enemies":"Slime Boss","floor":16,"turns":19},{"damage":15,"enemies":"Chosen","floor":18,"turns":6},{"damage":0,"enemies":"Spheric Guardian","floor":19,"turns":5},{"damage":33,"enemies":"3 Cultists","floor":21,"turns":7},{"damage":7,"enemies":"Slavers","floor":25,"turns":8},{"damage":25,"enemies":"Gremlin Leader","floor":29,"turns":6},{"damage":4,"enemies":"Centurion and Healer","floor":31,"turns":7},{"damage":39,"enemies":"Collector","floor":33,"turns":8},{"damage":0,"enemies":"Orb Walker","floor":35,"turns":3},{"damage":24,"enemies":"Mysterious Sphere","floor":39,"turns":6},{"damage":0,"enemies":"3 Darklings","floor":41,"turns":5},{"damage":0,"enemies":"Giant Head","floor":44,"turns":7},{"damage":1,"enemies":"Sphere and 2 Shapes","floor":47,"turns":5},{"damage":0,"enemies":"4 Shapes","floor":48,"turns":5},{"damage":72,"enemies":"Awakened One","floor":50,"turns":12}],"event_choices":[{"event_name":"Golden Shrine","player_choice":"Pray","floor":3,"damage_taken":0},{"event_name":"The Library","player_choice":"Read","floor":20,"damage_taken":0},{"event_name":"Cursed Tome","player_choice":"Ignored","floor":22,"damage_taken":0},{"event_name":"Back to Basics","player_choice":"Simplicity","floor":24,"damage_taken":0},{"event_name":"Mysterious Sphere","player_choice":"Fight","floor":39,"damage_taken":0},{"event_name":"Tomb of Lord Red Mask","player_choice":"Paid","floor":45,"damage_taken":0}],"boss_relics":[{"not_picked":["White Beast Statue","Philosopher\u0027s Stone"],"picked":"Runic Dome"},{"not_picked":["Black Star","Eternal Feather"],"picked":"The Specimen"}],"potions_floor_spawned":[4,13,18,29,31,35,41,44],"seed_played":"-2188181997294774066","ascension_level":4,"is_trial":false}