{"path_per_floor":["M","?","M","?","M","E","$","M","T","R","M","M","M","M","R"],"character_chosen":"IRONCLAD","items_purchased":["Rampage"],"gold_per_floor":[115,115,131,131,144,184,31,56,105,105,119,138,158,178,178],"floor_reached":16,"campfire_rested":2,"playtime":1587,"current_hp_per_floor":[80,80,80,60,65,22,22,20,20,44,33,11,12,11,35],"items_purged":["Defend_R"],"gold":178,"play_id":"c405c871-fbb8-441c-ac80-dfd8597d65b7","is_prod":false,"is_daily":false,"is_ascension_mode":false,"campfire_upgraded":0,"path_taken":["M","?","M","?","M","E","$","?","T","R","M","M","M","M","R","BOSS"],"build_version":"2018-01-25-PROD3","purchased_purges":1,"victory":false,"master_deck":["Strike_R","Strike_R","Strike_R","Strike_R","Strike_R","Defend_R","Defend_R","Defend_R","Bash","Iron Wave","Pommel Strike","Pommel Strike","Infernal Blade","Rampage","Power Through","Corruption","Corruption","Sever Soul","Double Tap","Metallicize","Fire Breathing","Sword Boomerang"],"max_hp_per_floor":[80,80,80,80,80,80,80,80,80,80,80,80,80,80,80],"relics":["Burning Blood","Golden Idol","Dream Catcher","Bronze Scales"],"card_choices":[{"not_picked":["Anger","Disarm"],"picked":"Iron Wave"},{"not_picked":["Flex","Anger"],"picked":"Pommel Strike"},{"not_picked":["Body Slam","Perfected Strike"],"picked":"Pommel Strike"},{"not_picked":["Double Tap","Reaper"],"picked":"Infernal Blade"},{"not_picked":["Sword Boomerang","Perfected Strike"],"picked":"Power Through"},{"not_picked":["Rampage","Anger"],"picked":"Corruption"},{"not_picked":["Rampage","Anger"],"picked":"Corruption"},{"not_picked":["Burning Pact","True Grit"],"picked":"Sever Soul"},{"not_picked":["Flex","Body Slam"],"picked":"Double Tap"},{"not_picked":["True Grit","Thunderclap"],"picked":"Metallicize"},{"not_picked":["Rupture","Body Slam"],"picked":"Fire Breathing"},{"not_picked":["Combust","Pummel"],"picked":"Sword Boomerang"}],"player_experience":0,"potions_floor_usage":[16,16],"damage_taken":[{"damage":4,"enemies":"2 Louse","floor":1,"turns":3},{"damage":5,"enemies":"Jaw Worm","floor":3,"turns":4},{"damage":1,"enemies":"Cultist","floor":5,"turns":3},{"damage":49,"enemies":"Gremlin Nob","floor":6,"turns":5},{"damage":12,"enemies":"Looter","floor":8,"turns":4},{"damage":17,"enemies":"3 Louse","floor":11,"turns":3},{"damage":28,"enemies":"Gremlin Gang","floor":12,"turns":3},{"damage":5,"enemies":"Lots of Slimes","floor":13,"turns":3},{"damage":7,"enemies":"Large Slime","floor":14,"turns":6},{"damage":29,"enemies":"The Guardian","floor":16,"turns":8}],"event_choices":[{"event_name":"The Cleric","player_choice":"Leave","floor":2,"damage_taken":0},{"event_name":"Golden Idol","player_choice":"Take Damage","floor":4,"damage_taken":0}],"boss_relics":[],"potions_floor_spawned":[3,6,13,14],"seed_played":"8831761965339394424","killed_by":"The Guardian","ascension_level":0,"is_trial":false}