{"gold_per_floor":[116,129,146,161,180,180,208,208,261,292,46,46,66,80,80,151,151,165,165,90,90,104,104,136,11,38,49,49,49,65,79,79,153,153,172,172,217,217],"floor_reached":38,"playtime":1973,"items_purged":["Strike_B"],"score":798,"play_id":"3631ff63-858c-4e29-aad8-43ce95e5c190","local_time":"20180829203713","is_ascension_mode":true,"campfire_choices":[{"data":"Streamline","floor":6,"key":"SMITH"},{"floor":12,"key":"REST"},{"data":"Go for the Eyes","floor":15,"key":"SMITH"},{"data":"White Noise","floor":23,"key":"SMITH"},{"floor":29,"key":"REST"},{"floor":32,"key":"REST"}],"neow_cost":"","seed_source_timestamp":426086943418291,"circlet_count":0,"master_deck":["Strike_B+1","Strike_B+1","Strike_B+1","Defend_B+1","Defend_B+1","Defend_B+1","Defend_B+1","Zap+1","AscendersBane","Glacier","White Noise+1","Streamline+1","Go for the Eyes+1","Beam Cell+1","Scrape+1","Rebound+1","Defragment","Trip+1","Echo Form","Beam Cell+1","Echo Form","Conserve Battery","Reprogram","FTL+1","Clumsy","Conserve Battery","Steam","Force Field+1","Machine Learning","Injury","Turbo"],"relics":["Cracked Core","Thread and Needle","Anchor","Molten Egg 2","Cursed Key","Potion Belt","Whetstone","Runic Dome","Bird Faced Urn"],"potions_floor_usage":[5,7,7,16,24,27,37,38],"damage_taken":[{"damage":6,"enemies":"Cultist","floor":1,"turns":3},{"damage":2,"enemies":"Small Slimes","floor":2,"turns":5},{"damage":0,"enemies":"2 Louse","floor":3,"turns":5},{"damage":9,"enemies":"Red Slaver","floor":4,"turns":5},{"damage":8,"enemies":"Blue Slaver","floor":5,"turns":6},{"damage":18,"enemies":"3 Sentries","floor":7,"turns":8},{"damage":19,"enemies":"Gremlin Nob","floor":10,"turns":4},{"damage":0,"enemies":"Looter","floor":13,"turns":2},{"damage":0,"enemies":"3 Louse","floor":14,"turns":2},{"damage":38,"enemies":"The Guardian","floor":16,"turns":10},{"damage":6,"enemies":"2 Thieves","floor":18,"turns":4},{"damage":0,"enemies":"Chosen","floor":22,"turns":4},{"damage":38,"enemies":"Slavers","floor":24,"turns":5},{"damage":0,"enemies":"Shelled Parasite and Fungi","floor":27,"turns":4},{"damage":17,"enemies":"Sentry and Sphere","floor":30,"turns":4},{"damage":9,"enemies":"Centurion and Healer","floor":31,"turns":5},{"damage":0,"enemies":"Champ","floor":33,"turns":12},{"damage":21,"enemies":"3 Darklings","floor":35,"turns":7},{"damage":15,"enemies":"Mysterious Sphere","floor":37,"turns":7},{"damage":35,"enemies":"Flame Bruiser 1 Orb","floor":38,"turns":5}],"seed_played":"-2537884623293211711","potions_obtained":[{"floor":2,"key":"PowerPotion"},{"floor":3,"key":"Regen Potion"},{"floor":5,"key":"Swift Potion"},{"floor":7,"key":"Dexterity Potion"},{"floor":22,"key":"SteroidPotion"},{"floor":24,"key":"SteroidPotion"},{"floor":31,"key":"Poison Potion"},{"floor":33,"key":"FearPotion"},{"floor":37,"key":"FearPotion"}],"is_trial":false,"path_per_floor":["M","M","M","M","M","R","E","?","T","E","$","R","M","M","R","B",null,"M","?","?","$","M","R","E","$","T","M","$","R","M","M","R","B",null,"M","?","?"],"character_chosen":"DEFECT","items_purchased":["Defragment","Trip","FTL+1","Energy Potion"],"campfire_rested":3,"item_purchase_floors":[11,11,25,25],"current_hp_per_floor":[58,56,56,47,54,54,43,43,43,24,24,45,45,45,45,7,55,49,49,49,49,49,49,11,11,11,11,11,32,15,6,27,27,60,46,46,31,0],"gold":217,"neow_bonus":"","is_prod":false,"is_daily":false,"chose_seed":false,"campfire_upgraded":3,"win_rate":0,"timestamp":1535589433,"path_taken":["M","M","M","M","M","R","E","?","T","E","$","R","?","M","R","BOSS","M","?","?","$","M","R","E","?","T","M","$","R","M","M","R","BOSS","M","?","?","M"],"build_version":"2018-08-23v2","purchased_purges":1,"victory":false,"max_hp_per_floor":[71,71,71,71,71,71,71,71,71,71,71,71,71,71,71,71,71,71,71,71,71,71,71,71,71,71,71,71,71,71,71,71,71,71,71,71,71,71],"card_choices":[{"not_picked":["Steam","Doom and Gloom"],"picked":"Glacier","floor":1},{"not_picked":["Storm","Reprogram"],"picked":"White Noise","floor":2},{"not_picked":["Barrage","Compile Driver"],"picked":"Streamline","floor":3},{"not_picked":["Scrape","Undo"],"picked":"Go for the Eyes","floor":4},{"not_picked":["Turbo","Fusion"],"picked":"Beam Cell","floor":5},{"not_picked":["Storm","Gash"],"picked":"Scrape","floor":7},{"not_picked":["Compile Driver","Redo"],"picked":"Rebound","floor":10},{"not_picked":["Turbo","Streamline+1"],"picked":"Echo Form","floor":13},{"not_picked":["Turbo","Recycle"],"picked":"Beam Cell+1","floor":14},{"not_picked":["Rainbow","Multi-Cast"],"picked":"Echo Form","floor":16},{"not_picked":["Barrage+1","Compile Driver+1","Leap"],"picked":"SKIP","floor":18},{"not_picked":["Rebound+1","Skim"],"picked":"Conserve Battery","floor":22},{"not_picked":["Lockon+1","Defragment"],"picked":"Reprogram","floor":24},{"not_picked":["Skim","Rebound+1"],"picked":"Conserve Battery","floor":27},{"not_picked":["Cold Snap+1","Streamline+1"],"picked":"Steam","floor":30},{"not_picked":["Gash+1","Ball Lightning+1"],"picked":"Force Field+1","floor":31},{"not_picked":["Fission","Thunder Strike+1"],"picked":"Machine Learning","floor":33},{"not_picked":["Sunder+1","Cold Snap+1","Barrage+1"],"picked":"SKIP","floor":35},{"not_picked":["Barrage+1","Stack+1"],"picked":"Turbo","floor":37}],"player_experience":627510,"relics_obtained":[{"floor":7,"key":"Thread and Needle"},{"floor":9,"key":"Anchor"},{"floor":10,"key":"Molten Egg 2"},{"floor":24,"key":"Potion Belt"},{"floor":26,"key":"Whetstone"},{"floor":37,"key":"Bird Faced Urn"}],"event_choices":[{"event_name":"Living Wall","player_choice":"Grow","floor":8,"damage_taken":0},{"event_name":"Back to Basics","player_choice":"Simplicity","floor":19,"damage_taken":0},{"event_name":"Beggar","player_choice":"Gave Gold","floor":20,"damage_taken":0},{"event_name":"Accursed Blacksmith","player_choice":"Forge","floor":36,"damage_taken":0},{"event_name":"Mysterious Sphere","player_choice":"Fight","floor":37,"damage_taken":0}],"is_beta":false,"boss_relics":[{"not_picked":["Eternal Feather","Snecko Eye"],"picked":"Cursed Key"},{"not_picked":["Velvet Choker","Calling Bell"],"picked":"Runic Dome"}],"items_purged_floors":[11],"is_endless":false,"potions_floor_spawned":[2,3,5,7,22,24,31,33,37],"killed_by":"Flame Bruiser 1 Orb","ascension_level":15}