{"gold_per_floor":[114,114,114,289,389,389,409,478,478,493,493,514,514,527,527,646,646,629,647,562,562,562,562,576,576,576,576,589,589],"floor_reached":29,"playtime":1249,"items_purged":[],"score":213,"play_id":"5f5f20b1-35d7-4c44-84ef-20d4ad743748","local_time":"20190522053824","is_ascension_mode":false,"campfire_choices":[{"data":"Infinite Blades","floor":6,"key":"SMITH"},{"floor":13,"key":"REST"},{"floor":15,"key":"REST"},{"floor":23,"key":"REST"},{"floor":25,"key":"REST"},{"data":"Terror","floor":27,"key":"SMITH"}],"neow_cost":"CURSE","seed_source_timestamp":477111332273500,"circlet_count":0,"master_deck":["Defend_G","Defend_G","Defend_G","Defend_G","Defend_G","Strike_G+1","Strike_G","Strike_G","Strike_G","Strike_G","Survivor","Neutralize","Normality","Infinite Blades+1","Doubt","Poisoned Stab+1","Bane+1","Terror+1","Blade Dance","Burst","Cloak And Dagger"],"relics":["Ring of the Snake","Torii","Strawberry","Golden Idol","Letter Opener","Whetstone","Black Star","Singing Bowl","Shuriken","Matryoshka"],"potions_floor_usage":[16,16,16,29],"damage_taken":[{"damage":0,"enemies":"2 Louse","floor":1,"turns":4},{"damage":1,"enemies":"Small Slimes","floor":7,"turns":7},{"damage":46,"enemies":"Gremlin Nob","floor":8,"turns":6},{"damage":0,"enemies":"Cultist","floor":10,"turns":4},{"damage":1,"enemies":"3 Louse","floor":12,"turns":3},{"damage":1,"enemies":"Large Slime","floor":14,"turns":5},{"damage":44,"enemies":"The Guardian","floor":16,"turns":15},{"damage":19,"enemies":"2 Thieves","floor":18,"turns":4},{"damage":19,"enemies":"Chosen","floor":19,"turns":6},{"damage":38,"enemies":"Centurion and Healer","floor":24,"turns":9},{"damage":44,"enemies":"Cultist and Chosen","floor":28,"turns":7},{"damage":9,"enemies":"Snake Plant","floor":29,"turns":4}],"seed_played":"4094128873975521101","potions_obtained":[{"floor":1,"key":"Explosive Potion"},{"floor":8,"key":"Dexterity Potion"},{"floor":14,"key":"Ancient Potion"},{"floor":19,"key":"Block Potion"}],"is_trial":false,"path_per_floor":["M","?","?","?","?","R","M","?","T","M","?","M","R","M","R","B",null,"M","M","?","?","T","R","M","R","T","R","M","M"],"character_chosen":"THE_SILENT","items_purchased":[],"campfire_rested":4,"item_purchase_floors":[],"current_hp_per_floor":[70,74,55,55,55,55,54,8,8,8,8,7,30,29,52,8,77,58,39,39,39,39,62,26,49,49,49,5,0],"gold":589,"neow_bonus":"ONE_RARE_RELIC","is_prod":false,"is_daily":false,"chose_seed":false,"campfire_upgraded":2,"win_rate":0,"timestamp":1558532304,"path_taken":["M","?","?","?","?","R","?","?","T","M","?","M","R","M","R","BOSS","M","M","?","?","?","R","M","R","T","R","M","?"],"build_version":"2019-01-23","purchased_purges":0,"victory":false,"max_hp_per_floor":[70,77,77,77,77,77,77,77,77,77,77,77,77,77,77,77,77,77,77,77,77,77,77,79,79,79,79,79,79],"card_choices":[{"not_picked":["Dagger Spray","Skewer"],"picked":"Infinite Blades","floor":1},{"not_picked":["Calculated Gamble","Choke"],"picked":"Poisoned Stab","floor":7},{"not_picked":["Unload","Poisoned Stab"],"picked":"Bane","floor":10},{"not_picked":["Dagger Spray","Slice"],"picked":"Terror","floor":12},{"not_picked":["Dagger Spray","PiercingWail"],"picked":"Blade Dance","floor":14},{"not_picked":["Venomology","Bullet Time"],"picked":"Burst","floor":16},{"not_picked":["Dagger Spray","Predator","Bane"],"picked":"SKIP","floor":18},{"not_picked":["Deflect","Prepared+1","Tactician"],"picked":"SKIP","floor":19},{"not_picked":["Deflect","Flying Knee+1","Bane"],"picked":"Singing Bowl","floor":24},{"not_picked":["Burst","Poisoned Stab"],"picked":"Cloak And Dagger","floor":28}],"player_experience":399128,"relics_obtained":[{"floor":8,"key":"Letter Opener"},{"floor":9,"key":"Whetstone"},{"floor":22,"key":"Shuriken"},{"floor":26,"key":"Matryoshka"}],"event_choices":[{"damage_healed":0,"gold_gain":0,"player_choice":"Success","damage_taken":3,"relics_obtained":["Strawberry"],"max_hp_gain":0,"max_hp_loss":0,"event_name":"Scrap Ooze","floor":2,"gold_loss":0},{"damage_healed":0,"gold_gain":0,"player_choice":"Take Damage","damage_taken":19,"relics_obtained":["Golden Idol"],"max_hp_gain":0,"max_hp_loss":0,"event_name":"Golden Idol","floor":3,"gold_loss":0},{"damage_healed":0,"gold_gain":175,"player_choice":"AGREE","damage_taken":0,"max_hp_gain":0,"max_hp_loss":0,"event_name":"Liars Game","floor":4,"gold_loss":0,"cards_obtained":["Doubt"]},{"damage_healed":0,"gold_gain":100,"player_choice":"Pray","damage_taken":0,"max_hp_gain":0,"max_hp_loss":0,"event_name":"Golden Shrine","floor":5,"gold_loss":0},{"damage_healed":0,"gold_gain":0,"player_choice":"Searched \u00272\u0027 times","damage_taken":0,"max_hp_gain":0,"max_hp_loss":0,"event_name":"Dead Adventurer","floor":8,"gold_loss":0},{"damage_healed":0,"gold_gain":0,"player_choice":"Grow","damage_taken":0,"max_hp_gain":0,"max_hp_loss":0,"event_name":"Living Wall","floor":11,"gold_loss":0,"cards_upgraded":["Bane"]},{"damage_healed":0,"gold_gain":0,"player_choice":"Obtained Relic","damage_taken":0,"relics_obtained":["Singing Bowl"],"max_hp_gain":0,"max_hp_loss":0,"event_name":"Addict","floor":20,"gold_loss":85},{"damage_healed":0,"gold_gain":0,"player_choice":"Ignored","damage_taken":0,"max_hp_gain":0,"max_hp_loss":0,"event_name":"Vampires","floor":21,"gold_loss":0}],"is_beta":false,"boss_relics":[{"not_picked":["Fusion Hammer","Coffee Dripper"],"picked":"Black Star"}],"items_purged_floors":[],"is_endless":false,"potions_floor_spawned":[1,8,14,19],"killed_by":"Snake Plant","ascension_level":0}