{"gold_per_floor":[119,137,212,46,221,256,274,274,274,274,274,289,333,29,29,148,148,162,287,287,35,58,93,93,127,127,127,152,152,193,209,209,328,328,344,369,469,263,284,322,336,369,415,428,444,444,468,482,482,482],"floor_reached":50,"playtime":2759,"items_purged":["Doubt","Injury","Strike_B"],"score":881,"play_id":"3a1a6a80-c2eb-4718-83b3-e75161027059","local_time":"20190119233419","is_ascension_mode":true,"campfire_choices":[{"data":"Zap","floor":8,"key":"SMITH"},{"data":"Hologram","floor":10,"key":"SMITH"},{"data":"Dualcast","floor":15,"key":"SMITH"},{"data":"Double Energy","floor":24,"key":"SMITH"},{"data":"White Noise","floor":27,"key":"SMITH"},{"floor":29,"key":"REST"},{"floor":32,"key":"REST"},{"floor":46,"key":"REST"},{"floor":49,"key":"REST"}],"neow_cost":"NONE","seed_source_timestamp":192960025110102,"circlet_count":0,"master_deck":["Strike_B","Strike_B","Strike_B","Defend_B","Defend_B","Defend_B","Defend_B","Zap+1","Dualcast+1","Conserve Battery","Self Repair","Sunder","Hologram+1","Glacier","Turbo","Electrodynamics","Ball Lightning","Conserve Battery","Echo Form","Hologram","Reinforced Body","Double Energy+1","Conserve Battery","White Noise+1","White Noise+1","Chill+1","Electrodynamics","Steam","White Noise","Storm","Conserve Battery","Steam+1","BootSequence","Loop+1","Steam","BootSequence+1"],"relics":["Cracked Core","NeowsBlessing","Pantograph","Letter Opener","Golden Idol","Vajra","Sozu","Mango","Kunai","Centennial Puzzle","Torii","Gremlin Horn","Art of War","Potion Belt","Philosopher\u0027s Stone","Shovel","Mummified Hand","Smiling Mask"],"potions_floor_usage":[16,18,19],"damage_taken":[{"damage":0,"enemies":"Cultist","floor":1,"turns":1},{"damage":0,"enemies":"Jaw Worm","floor":2,"turns":1},{"damage":0,"enemies":"Lagavulin","floor":6,"turns":1},{"damage":0,"enemies":"Small Slimes","floor":7,"turns":4},{"damage":1,"enemies":"Looter","floor":12,"turns":3},{"damage":25,"enemies":"Gremlin Nob","floor":13,"turns":4},{"damage":31,"enemies":"Hexaghost","floor":16,"turns":12},{"damage":0,"enemies":"2 Thieves","floor":18,"turns":3},{"damage":21,"enemies":"Colosseum Slavers","floor":19,"turns":5},{"damage":36,"enemies":"Colosseum Nobs","floor":19,"turns":4},{"damage":5,"enemies":"3 Byrds","floor":22,"turns":2},{"damage":26,"enemies":"Slavers","floor":23,"turns":4},{"damage":12,"enemies":"Gremlin Leader","floor":25,"turns":5},{"damage":2,"enemies":"Centurion and Healer","floor":28,"turns":5},{"damage":38,"enemies":"Book of Stabbing","floor":30,"turns":6},{"damage":17,"enemies":"Snake Plant","floor":31,"turns":4},{"damage":50,"enemies":"Automaton","floor":33,"turns":12},{"damage":10,"enemies":"3 Shapes","floor":35,"turns":3},{"damage":10,"enemies":"Orb Walker","floor":36,"turns":2},{"damage":0,"enemies":"Maw","floor":39,"turns":5},{"damage":56,"enemies":"Giant Head","floor":40,"turns":12},{"damage":0,"enemies":"4 Shapes","floor":41,"turns":4},{"damage":1,"enemies":"Reptomancer","floor":42,"turns":6},{"damage":0,"enemies":"Jaw Worm Horde","floor":44,"turns":3},{"damage":21,"enemies":"3 Darklings","floor":45,"turns":5},{"damage":15,"enemies":"Spire Growth","floor":47,"turns":4},{"damage":12,"enemies":"Maw","floor":48,"turns":7},{"damage":81,"enemies":"Awakened One","floor":50,"turns":6}],"seed_played":"9138907605599428858","potions_obtained":[{"floor":7,"key":"Fire Potion"},{"floor":13,"key":"GamblersBrew"},{"floor":16,"key":"Block Potion"}],"is_trial":false,"path_per_floor":["M","M","?","$","?","E","M","R","T","R","?","M","E","$","R","B",null,"M","?","?","$","M","E","R","E","T","R","M","R","E","M","R","B",null,"M","M","?","$","M","E","M","E","T","M","M","R","M","M","R","B"],"character_chosen":"DEFECT","items_purchased":["Sunder","Hologram","Glacier","Electrodynamics","Ball Lightning","Conserve Battery","Centennial Puzzle","Storm","Conserve Battery"],"campfire_rested":4,"item_purchase_floors":[4,4,4,14,14,14,21,38,38],"current_hp_per_floor":[68,68,57,57,57,57,64,64,64,64,64,70,52,52,52,44,67,67,38,67,67,62,36,36,24,24,24,29,55,24,14,40,15,71,61,51,51,51,58,9,16,22,22,29,8,34,19,14,40,0],"gold":482,"neow_bonus":"THREE_ENEMY_KILL","is_prod":false,"is_daily":false,"chose_seed":false,"campfire_upgraded":5,"win_rate":0,"timestamp":1547958859,"path_taken":["M","?","?","$","?","E","M","R","T","R","?","M","E","?","R","BOSS","M","?","?","$","M","E","R","E","T","R","M","R","E","M","R","BOSS","M","M","?","?","M","E","?","E","T","?","M","R","M","M","R","BOSS"],"build_version":"2019-01-17v2","purchased_purges":3,"victory":false,"max_hp_per_floor":[75,75,75,75,75,75,75,75,75,75,75,75,75,75,75,75,75,75,89,89,89,89,89,89,89,89,89,89,89,89,89,89,89,89,89,89,89,89,89,89,89,89,89,89,89,89,89,89,89,89],"card_choices":[{"not_picked":["Rebound","Compile Driver"],"picked":"Conserve Battery","floor":1},{"not_picked":["Streamline","Leap"],"picked":"Self Repair","floor":2},{"not_picked":["Stack","Meteor Strike","Redo"],"picked":"SKIP","floor":6},{"not_picked":["Genetic Algorithm","Beam Cell","Doom and Gloom"],"picked":"SKIP","floor":7},{"not_picked":["Leap","Conserve Battery"],"picked":"Turbo","floor":12},{"not_picked":["Sweeping Beam","Rebound","Fusion"],"picked":"SKIP","floor":13},{"not_picked":["Electrodynamics","Creative AI"],"picked":"Echo Form","floor":16},{"not_picked":["Gash","Blizzard"],"picked":"Hologram","floor":18},{"not_picked":["Barrage","Fusion"],"picked":"Reinforced Body","floor":19},{"not_picked":["Rip and Tear","Leap"],"picked":"Double Energy","floor":22},{"not_picked":["Barrage+1","Force Field+1"],"picked":"Conserve Battery","floor":23},{"not_picked":["Scrape+1","Gash+1"],"picked":"White Noise","floor":25},{"not_picked":["Static Discharge","Melter"],"picked":"White Noise+1","floor":28},{"not_picked":["Turbo","Ball Lightning+1"],"picked":"Chill+1","floor":30},{"not_picked":["Cold Snap","Loop","Core Surge"],"picked":"SKIP","floor":31},{"not_picked":["Rainbow","Core Surge"],"picked":"Electrodynamics","floor":33},{"not_picked":["Gash","Stack+1"],"picked":"Steam","floor":35},{"not_picked":["Sweeping Beam","Conserve Battery"],"picked":"White Noise","floor":36},{"not_picked":["Streamline+1","Stack"],"picked":"Steam+1","floor":39},{"not_picked":["Barrage+1","Rebound","Scrape+1"],"picked":"SKIP","floor":40},{"not_picked":["Darkness+1","Genetic Algorithm+1"],"picked":"BootSequence","floor":41},{"not_picked":["Skim+1","Sunder+1"],"picked":"Loop+1","floor":42},{"not_picked":["Melter","Go for the Eyes"],"picked":"Steam","floor":44},{"not_picked":["Chaos","Beam Cell+1","Genetic Algorithm+1"],"picked":"SKIP","floor":45},{"not_picked":["Go for the Eyes","Tempest","Fission"],"picked":"SKIP","floor":47},{"not_picked":["Turbo","Ball Lightning+1"],"picked":"BootSequence+1","floor":48}],"player_experience":195853,"relics_obtained":[{"floor":6,"key":"Pantograph"},{"floor":9,"key":"Letter Opener"},{"floor":13,"key":"Vajra"},{"floor":19,"key":"Mango"},{"floor":19,"key":"Kunai"},{"floor":23,"key":"Torii"},{"floor":25,"key":"Gremlin Horn"},{"floor":26,"key":"Art of War"},{"floor":30,"key":"Potion Belt"},{"floor":40,"key":"Shovel"},{"floor":42,"key":"Mummified Hand"},{"floor":43,"key":"Smiling Mask"}],"event_choices":[{"damage_healed":0,"gold_gain":75,"player_choice":"Gather Gold","damage_taken":11,"max_hp_gain":0,"max_hp_loss":0,"event_name":"World of Goop","floor":3,"gold_loss":0},{"damage_healed":0,"gold_gain":175,"player_choice":"AGREE","damage_taken":0,"max_hp_gain":0,"max_hp_loss":0,"event_name":"Liars Game","floor":5,"gold_loss":0,"cards_obtained":["Doubt"]},{"damage_healed":0,"gold_gain":0,"player_choice":"Take Wound","damage_taken":0,"relics_obtained":["Golden Idol"],"max_hp_gain":0,"max_hp_loss":0,"event_name":"Golden Idol","floor":11,"gold_loss":0,"cards_obtained":["Injury"]},{"damage_healed":0,"gold_gain":0,"player_choice":"Fight","damage_taken":0,"max_hp_gain":0,"max_hp_loss":0,"event_name":"Colosseum","floor":19,"gold_loss":0},{"damage_healed":0,"gold_gain":0,"player_choice":"Fought Nobs","damage_taken":0,"max_hp_gain":0,"max_hp_loss":0,"event_name":"Colosseum","floor":19,"gold_loss":0},{"damage_healed":29,"gold_gain":0,"player_choice":"Heal","damage_taken":0,"max_hp_gain":0,"max_hp_loss":0,"event_name":"The Library","floor":20,"gold_loss":0},{"damage_healed":0,"gold_gain":100,"player_choice":"Pray","damage_taken":0,"max_hp_gain":0,"max_hp_loss":0,"event_name":"Golden Shrine","floor":37,"gold_loss":0}],"is_beta":false,"boss_relics":[{"not_picked":["Black Star","Fusion Hammer"],"picked":"Sozu"},{"not_picked":["Snecko Eye","White Beast Statue"],"picked":"Philosopher\u0027s Stone"}],"items_purged_floors":[14,21,38],"is_endless":false,"potions_floor_spawned":[7,13,16,19,19,22,23,31,39,41,45,47,48],"killed_by":"Awakened One","ascension_level":7}