{"gold_per_floor":[117,42,60,60,135,135,152,152,152,179,179,193,193,193,193,193],"floor_reached":16,"playtime":485,"items_purged":["Injury"],"score":172,"play_id":"bf9691a7-1373-436c-9174-231e847bf83f","local_time":"20180719215620","is_ascension_mode":true,"campfire_choices":[{"data":"Neutralize","floor":6,"key":"SMITH"},{"data":"Survivor","floor":8,"key":"SMITH"},{"floor":13,"key":"REST"},{"floor":15,"key":"REST"}],"neow_cost":"CURSE","seed_source_timestamp":484784215873582,"circlet_count":0,"master_deck":["Defend_G","Defend_G","Defend_G+1","Defend_G","Defend_G+1","Strike_G","Strike_G+1","Strike_G","Strike_G","Strike_G","Survivor+1","Neutralize+1","AscendersBane","Die Die Die","Dagger Spray+1","Backflip","Regret","Predator","Dash"],"relics":["Ring of the Snake","War Paint","Blue Candle","Lantern"],"potions_floor_usage":[7,16],"damage_taken":[{"damage":6,"enemies":"2 Louse","floor":1,"turns":3},{"damage":1,"enemies":"Small Slimes","floor":3,"turns":2},{"damage":6,"enemies":"Cultist","floor":7,"turns":4},{"damage":53,"enemies":"Gremlin Nob","floor":10,"turns":6},{"damage":1,"enemies":"Blue Slaver","floor":12,"turns":4},{"damage":44,"enemies":"The Guardian","floor":16,"turns":17}],"seed_played":"-6680126958064570962","potions_obtained":[{"floor":3,"key":"Regen Potion"},{"floor":7,"key":"FairyPotion"},{"floor":10,"key":"Weak Potion"}],"is_trial":false,"path_per_floor":["M","$","M","?","?","R","M","R","T","E","?","M","R","?","R"],"character_chosen":"THE_SILENT","items_purchased":[],"campfire_rested":2,"item_purchase_floors":[],"current_hp_per_floor":[53,53,52,52,41,41,47,47,47,6,6,5,24,4,23,0],"gold":193,"neow_bonus":"THREE_RARE_CARDS","is_prod":false,"is_daily":false,"chose_seed":false,"campfire_upgraded":2,"win_rate":0,"timestamp":1532051780,"path_taken":["M","$","M","?","?","R","M","R","T","E","?","?","R","?","R","BOSS"],"build_version":"2018-07-19","purchased_purges":1,"victory":false,"max_hp_per_floor":[66,66,66,66,66,66,66,66,66,66,66,66,66,66,66,66],"card_choices":[{"not_picked":["A Thousand Cuts","Tools of the Trade"],"picked":"Die Die Die","floor":0},{"not_picked":["Flying Knee","Bane"],"picked":"Dagger Spray","floor":1},{"not_picked":["Prepared","Cloak And Dagger"],"picked":"Backflip","floor":3},{"not_picked":["Blade Dance","Choke","Prepared"],"picked":"SKIP","floor":7},{"not_picked":["Poisoned Stab","Noxious Fumes"],"picked":"Predator","floor":10},{"not_picked":["Sucker Punch","Terror"],"picked":"Dash","floor":12}],"player_experience":496975,"relics_obtained":[{"floor":9,"key":"Blue Candle"},{"floor":10,"key":"Lantern"}],"event_choices":[{"event_name":"Big Fish","player_choice":"Box","floor":4,"damage_taken":0},{"event_name":"World of Goop","player_choice":"Gather Gold","floor":5,"damage_taken":0},{"event_name":"Scrap Ooze","player_choice":"unsuccessful","floor":11,"damage_taken":0},{"event_name":"Shining Light","player_choice":"Entered Light","floor":14,"damage_taken":0}],"is_beta":false,"boss_relics":[],"items_purged_floors":[2],"is_endless":false,"potions_floor_spawned":[3,7,10],"killed_by":"The Guardian","ascension_level":15}