{"path_per_floor":["M","?","M","M","?","R","E","R","T","?","$","M","M","T","R","B",null,"M","?","$","?","M","R"],"character_chosen":"IRONCLAD","items_purchased":["Shrug It Off","Bag of Preparation"],"gold_per_floor":[110,110,129,147,147,147,180,180,206,206,83,94,107,161,161,258,258,273,273,20,20,36,36],"floor_reached":24,"campfire_rested":0,"playtime":1840,"current_hp_per_floor":[80,80,67,72,56,56,69,69,69,69,69,65,68,68,68,65,87,46,46,46,30,13,13],"items_purged":["Strike_R","Strike_R"],"gold":36,"play_id":"bd11d64c-f329-4e8e-a3f0-739e4169992a","is_prod":false,"is_daily":false,"is_ascension_mode":true,"campfire_upgraded":4,"path_taken":["M","?","?","?","?","R","E","R","T","?","$","?","M","?","R","BOSS","M","?","$","?","M","R","E"],"build_version":"2018-01-25-PROD3","purchased_purges":2,"victory":false,"master_deck":["Strike_R+1","Strike_R+1","Strike_R","Defend_R+1","Defend_R+1","Defend_R","Defend_R","Bash","Demon Form+1","Heavy Blade","Metallicize+1","Armaments+1","Shrug It Off","Cleave+1","Berserk+1","Twin Strike","Thunderclap"],"max_hp_per_floor":[80,80,80,80,80,80,87,87,87,87,87,87,87,87,87,87,87,87,87,87,87,87,87],"relics":["Burning Blood","Strawberry","War Paint","Vajra","Question Card","Letter Opener","Bag of Preparation","Nilry\u0027s Codex"],"card_choices":[{"not_picked":["Clash","Intimidate"],"picked":"Heavy Blade"},{"not_picked":["Fire Breathing","Anger"],"picked":"Metallicize"},{"not_picked":["Combust","Perfected Strike"],"picked":"Armaments"},{"not_picked":["Wild Strike","Warcry"],"picked":"Cleave"},{"not_picked":["Juggernaut","Dark Embrace"],"picked":"Berserk"},{"not_picked":["Uppercut","Intimidate","Burning Pact"],"picked":"Twin Strike"},{"not_picked":["Headbutt","Evolve","Fire Breathing"],"picked":"Thunderclap"}],"player_experience":108086,"potions_floor_usage":[7,7,7],"damage_taken":[{"damage":4,"enemies":"2 Louse","floor":1,"turns":4},{"damage":19,"enemies":"Blue Slaver","floor":3,"turns":5},{"damage":1,"enemies":"Cultist","floor":4,"turns":3},{"damage":0,"enemies":"3 Sentries","floor":7,"turns":6},{"damage":10,"enemies":"Gremlin Gang","floor":12,"turns":8},{"damage":3,"enemies":"Large Slime","floor":13,"turns":5},{"damage":9,"enemies":"Slime Boss","floor":16,"turns":5},{"damage":47,"enemies":"Spheric Guardian","floor":18,"turns":8},{"damage":30,"enemies":"3 Byrds","floor":22,"turns":6},{"damage":13,"enemies":"Slavers","floor":24,"turns":1}],"event_choices":[{"event_name":"The Lab","player_choice":"Got Potions","floor":2,"damage_taken":0},{"event_name":"Shining Light","player_choice":"Entered Light","floor":5,"damage_taken":0},{"event_name":"Upgrade Shrine","player_choice":"Upgraded","floor":10,"damage_taken":0},{"event_name":"The Mausoleum","player_choice":"Yes","floor":19,"damage_taken":0},{"event_name":"Cursed Tome","player_choice":"Obtained Book","floor":21,"damage_taken":0}],"boss_relics":[{"not_picked":["Runic Pyramid","Velvet Choker"],"picked":"Question Card"}],"potions_floor_spawned":[3,13,18,22],"seed_played":"3580310976475420388","killed_by":"Slavers","ascension_level":2,"is_trial":false}