{"path_per_floor":["M","?","$","M","T","R","M","E","T","$","M","E","M","M","R","B",null,"M","?","M","?","?","$","R","E","T","E","M","M","R","M","R","B",null,"M","?","?","$","M","R","E","R","T","?","R","M","M","$","R"],"character_chosen":"THE_SILENT","items_purchased":["Flash of Steel","Madness","Noxious Fumes","Accuracy","Strength Potion"],"gold_per_floor":[115,115,20,37,62,62,73,100,100,1,11,37,47,67,67,166,166,176,101,111,91,91,16,16,42,42,69,80,97,97,108,108,203,203,217,217,217,81,93,93,120,120,120,120,120,134,153,31,31],"floor_reached":50,"campfire_rested":1,"playtime":5392,"current_hp_per_floor":[65,65,65,58,58,58,58,58,58,58,52,47,37,37,37,30,70,70,70,68,68,68,68,68,45,45,39,47,38,38,7,28,28,70,70,70,70,70,70,70,70,70,70,70,70,63,65,65,65],"items_purged":["Strike_G","Strike_G"],"gold":31,"play_id":"b4f1c41e-0305-4dc7-8882-1d555103de5f","is_prod":false,"is_daily":false,"is_ascension_mode":true,"campfire_upgraded":7,"path_taken":["M","?","$","M","?","R","M","E","T","?","M","E","M","M","R","BOSS","M","?","M","?","?","$","R","E","T","E","M","?","R","M","R","BOSS","M","?","?","?","M","R","E","R","T","?","R","M","?","$","R","BOSS"],"build_version":"2018-02-01-PROD3","purchased_purges":2,"victory":false,"master_deck":["Defend_G","Defend_G","Defend_G+1","Strike_G","Survivor","Venomology","Storm of Steel+1","Flash of Steel","Prepared+1","Madness+1","Noxious Fumes+1","Terror","Acrobatics+1","Backflip","Die Die Die+1","Deadly Poison+1","Burst+1","Blur","Blur+1","After Image+1","Adrenaline","Noxious Fumes","Regret","Calculated Gamble+1","Accuracy"],"max_hp_per_floor":[70,70,70,70,70,70,70,70,70,70,70,70,70,70,70,70,70,70,70,70,70,70,70,70,70,70,70,70,70,70,70,70,70,70,70,70,70,70,70,70,70,70,70,70,70,70,70,70,70],"relics":["Ring of the Snake","War Paint","Tingsha","Calipers","Centennial Puzzle","Astrolabe","Gremlin Horn","Unceasing Top","Blue Candle","Cursed Key","Blood Vial","Girya"],"card_choices":[{"not_picked":["Glass Knife","Phantasmal Killer"],"picked":"Venomology"},{"not_picked":["Masterful Stab","Quick Slash"],"picked":"Storm of Steel"},{"not_picked":["Deadly Poison","Flechettes"],"picked":"Prepared"},{"not_picked":["Dagger Throw","Quick Slash"],"picked":"Noxious Fumes"},{"not_picked":["Crippling Poison","Unload"],"picked":"Terror"},{"not_picked":["PiercingWail","Distraction"],"picked":"Acrobatics"},{"not_picked":["Bane","Blade Dance"],"picked":"Backflip"},{"not_picked":["Leg Sweep","Quick Slash"],"picked":"Blur"},{"not_picked":["Skewer","Quick Slash"],"picked":"Blur"},{"not_picked":["Reflex","Leg Sweep"],"picked":"After Image"},{"not_picked":["Storm of Steel","Die Die Die"],"picked":"Adrenaline"},{"not_picked":["Dagger Throw","Die Die Die"],"picked":"Calculated Gamble"}],"player_experience":114604,"potions_floor_usage":[1,8,8,11,13,16,16,16,18,20,25,25,27,27,28,28,29,33,33,33,39,41,41,46,50,50,50,50],"damage_taken":[{"damage":5,"enemies":"Cultist","floor":1,"turns":4},{"damage":7,"enemies":"Blue Slaver","floor":4,"turns":5},{"damage":0,"enemies":"Jaw Worm","floor":7,"turns":5},{"damage":0,"enemies":"3 Sentries","floor":8,"turns":4},{"damage":6,"enemies":"3 Louse","floor":11,"turns":6},{"damage":5,"enemies":"Lagavulin","floor":12,"turns":5},{"damage":10,"enemies":"Large Slime","floor":13,"turns":4},{"damage":0,"enemies":"2 Fungi Beasts","floor":14,"turns":3},{"damage":7,"enemies":"The Guardian","floor":16,"turns":6},{"damage":0,"enemies":"Chosen","floor":18,"turns":4},{"damage":2,"enemies":"Shell Parasite","floor":20,"turns":4},{"damage":23,"enemies":"Slavers","floor":25,"turns":4},{"damage":6,"enemies":"Book of Stabbing","floor":27,"turns":8},{"damage":1,"enemies":"Snecko","floor":28,"turns":4},{"damage":9,"enemies":"Slaver and Parasite","floor":29,"turns":7},{"damage":31,"enemies":"Chosen and Byrds","floor":31,"turns":6},{"damage":0,"enemies":"Collector","floor":33,"turns":8},{"damage":0,"enemies":"Orb Walker","floor":35,"turns":5},{"damage":0,"enemies":"3 Shapes","floor":39,"turns":4},{"damage":0,"enemies":"Nemesis","floor":41,"turns":7},{"damage":13,"enemies":"3 Darklings","floor":46,"turns":4},{"damage":0,"enemies":"4 Shapes","floor":47,"turns":4},{"damage":75,"enemies":"Time Eater","floor":50,"turns":9}],"event_choices":[{"event_name":"Living Wall","player_choice":"Forget","floor":2,"damage_taken":0},{"event_name":"Beggar","player_choice":"Gave Gold","floor":19,"damage_taken":0},{"event_name":"The Woman in Blue","player_choice":"Bought 1 Potion","floor":21,"damage_taken":0},{"event_name":"Vampires","player_choice":"Ignored","floor":22,"damage_taken":0},{"event_name":"Tomb of Lord Red Mask","player_choice":"Ignored","floor":36,"damage_taken":0},{"event_name":"Mysterious Sphere","player_choice":"Ignore","floor":44,"damage_taken":0}],"boss_relics":[{"not_picked":["White Beast Statue","Runic Pyramid"],"picked":"Astrolabe"},{"not_picked":["Calling Bell","The Specimen"],"picked":"Cursed Key"}],"potions_floor_spawned":[1,7,13,14,25,27,29,33],"seed_played":"-4873045242906249462","killed_by":"Time Eater","ascension_level":1,"is_trial":false}