{"gold_per_floor":[115,190,208,228,228,553,553,583,660,660,660,693,234,409,409,510,510,523,230,201,201,213,213,276,276],"floor_reached":25,"playtime":1043,"items_purged":["Strike_G","Doubt"],"score":354,"play_id":"c3fe6826-8a04-4c27-a3c8-a5bf5a0e578f","local_time":"20190219090112","is_ascension_mode":true,"campfire_choices":[{"floor":7,"key":"REST"},{"data":"Footwork","floor":10,"key":"SMITH"},{"data":"Noxious Fumes","floor":15,"key":"SMITH"}],"neow_cost":"NONE","seed_source_timestamp":549007495214313,"circlet_count":0,"master_deck":["AscendersBane","Defend_G+1","Defend_G+1","Defend_G+1","Defend_G+1","Defend_G+1","Strike_G+1","Strike_G+1","Strike_G+1","Survivor","Neutralize","Dagger Spray","Footwork+1","Dash","Night Terror","Noxious Fumes+1","Dagger Spray","Footwork","Envenom","Backflip","Cloak And Dagger","Backflip","Noxious Fumes+1"],"relics":["Eternal Feather","Old Coin","Pen Nib","Bottled Tornado","Bronze Scales","Snake Skull","Bag of Preparation","Black Star","Blood Vial","SsserpentHead"],"potions_floor_usage":[8,12,16,25],"damage_taken":[{"damage":1,"enemies":"2 Louse","floor":1,"turns":4},{"damage":1,"enemies":"Small Slimes","floor":3,"turns":3},{"damage":0,"enemies":"Jaw Worm","floor":4,"turns":4},{"damage":12,"enemies":"Lagavulin","floor":6,"turns":14},{"damage":33,"enemies":"Gremlin Nob","floor":8,"turns":7},{"damage":10,"enemies":"3 Sentries","floor":12,"turns":9},{"damage":44,"enemies":"Slime Boss","floor":16,"turns":12},{"damage":7,"enemies":"Shell Parasite","floor":18,"turns":7},{"damage":16,"enemies":"2 Thieves","floor":20,"turns":5},{"damage":24,"enemies":"Snake Plant","floor":22,"turns":6},{"damage":11,"enemies":"Cultist and Chosen","floor":24,"turns":8},{"damage":9,"enemies":"Book of Stabbing","floor":25,"turns":4}],"seed_played":"-2841500301342228909","potions_obtained":[{"floor":6,"key":"AttackPotion"},{"floor":8,"key":"Dexterity Potion"},{"floor":12,"key":"SpeedPotion"},{"floor":18,"key":"Ancient Potion"}],"is_trial":false,"path_per_floor":["M","?","M","M","?","E","R","E","T","R","?","E","$","?","R","B",null,"M","$","M","?","M","?","M","E"],"character_chosen":"THE_SILENT","items_purchased":["Footwork","Snake Skull","Bag of Preparation","SkillPotion","Cloak And Dagger","Blood Vial"],"campfire_rested":1,"item_purchase_floors":[13,13,13,13,19,19],"current_hp_per_floor":[62,51,50,50,50,38,68,35,35,44,67,57,57,57,66,22,58,51,51,37,37,15,15,6,0],"gold":276,"neow_bonus":"BOSS_RELIC","is_prod":false,"is_daily":false,"chose_seed":false,"campfire_upgraded":2,"win_rate":0,"timestamp":1550584872,"path_taken":["M","?","M","M","?","E","R","E","T","R","?","E","$","?","R","BOSS","M","$","M","?","M","?","?","E"],"build_version":"2019-01-23","purchased_purges":2,"victory":false,"max_hp_per_floor":[70,70,70,70,70,70,70,70,70,70,70,70,70,70,70,70,70,70,70,70,70,70,70,70,70],"card_choices":[{"not_picked":["Slice","Quick Slash"],"picked":"Dagger Spray","floor":1},{"not_picked":["Backflip","Tactician"],"picked":"Footwork","floor":3},{"not_picked":["Quick Slash","Cloak And Dagger"],"picked":"Dash","floor":4},{"not_picked":["Underhanded Strike","PiercingWail"],"picked":"Noxious Fumes","floor":6},{"not_picked":["Eviscerate","Grand Finale"],"picked":"Dagger Spray","floor":8},{"not_picked":["Reflex","Dagger Spray","Flechettes"],"picked":"SKIP","floor":12},{"not_picked":["Venomology","Die Die Die"],"picked":"Envenom","floor":16},{"not_picked":["Flechettes","Flying Knee"],"picked":"Backflip","floor":18},{"not_picked":["Underhanded Strike","Reflex","Skewer"],"picked":"SKIP","floor":20},{"not_picked":["Escape Plan+1","Quick Slash"],"picked":"Backflip","floor":22},{"not_picked":["Phantasmal Killer","PiercingWail"],"picked":"Noxious Fumes+1","floor":24}],"player_experience":310883,"relics_obtained":[{"floor":6,"key":"Old Coin"},{"floor":8,"key":"Pen Nib"},{"floor":9,"key":"Bottled Tornado"},{"floor":12,"key":"Bronze Scales"}],"event_choices":[{"damage_healed":0,"gold_gain":75,"player_choice":"Gather Gold","damage_taken":11,"max_hp_gain":0,"max_hp_loss":0,"event_name":"World of Goop","floor":2,"gold_loss":0},{"damage_healed":0,"gold_gain":0,"cards_transformed":["Strike_G"],"player_choice":"Change","damage_taken":0,"max_hp_gain":0,"max_hp_loss":0,"event_name":"Living Wall","floor":5,"gold_loss":0,"cards_obtained":["Night Terror"]},{"damage_healed":23,"gold_gain":0,"player_choice":"Banana","damage_taken":0,"max_hp_gain":0,"max_hp_loss":0,"event_name":"Big Fish","floor":11,"gold_loss":0},{"damage_healed":0,"gold_gain":175,"player_choice":"AGREE","damage_taken":0,"max_hp_gain":0,"max_hp_loss":0,"event_name":"Liars Game","floor":14,"gold_loss":0,"cards_obtained":["Doubt"]},{"damage_healed":0,"gold_gain":0,"player_choice":"Simplicity","damage_taken":0,"max_hp_gain":0,"max_hp_loss":0,"event_name":"Back to Basics","floor":21,"gold_loss":0,"cards_upgraded":["Defend_G","Defend_G","Defend_G","Defend_G","Defend_G","Strike_G","Strike_G","Strike_G"]},{"damage_healed":0,"gold_gain":0,"player_choice":"Trade","damage_taken":0,"relics_obtained":["SsserpentHead"],"max_hp_gain":0,"max_hp_loss":0,"event_name":"FaceTrader","floor":23,"gold_loss":0}],"is_beta":false,"boss_relics":[{"not_picked":["Lizard Tail","Sozu"],"picked":"Black Star"}],"items_purged_floors":[13,19],"is_endless":false,"potions_floor_spawned":[6,8,12,18],"killed_by":"Book of Stabbing","ascension_level":10}