{"gold_per_floor":[115,134,146,71,84,114,114,140,140,140,140,140,163,199,199,292,292,306,306,322,322],"floor_reached":21,"playtime":948,"items_purged":["Defend_B"],"score":398,"play_id":"ef532cf9-8bf2-4dc3-a06c-e99b176ee3f2","local_time":"20190108221556","is_ascension_mode":true,"campfire_choices":[{"data":"Go for the Eyes","floor":7,"key":"SMITH"},{"data":"Cold Snap","floor":10,"key":"SMITH"},{"data":"Hologram","floor":15,"key":"SMITH"}],"neow_cost":"NONE","seed_source_timestamp":50378362519826,"circlet_count":0,"master_deck":["AscendersBane","Strike_B","Strike_B","Strike_B","Defend_B","Defend_B","Defend_B","Zap+1","Dualcast","Cold Snap+1","Go for the Eyes+1","Chill","Hologram+1","Conserve Battery","Redo","Genetic Algorithm","Rainbow","Pain"],"relics":["Cracked Core","Bag of Marbles","Orichalcum","Blood Vial","Golden Idol","The Courier","White Beast Statue","WarpedTongs"],"potions_floor_usage":[6,6,14,14,16,18],"damage_taken":[{"damage":1,"enemies":"Cultist","floor":1,"turns":3},{"damage":0,"enemies":"2 Louse","floor":2,"turns":2},{"damage":2,"enemies":"Jaw Worm","floor":3,"turns":3},{"damage":2,"enemies":"Red Slaver","floor":5,"turns":3},{"damage":4,"enemies":"Gremlin Nob","floor":6,"turns":3},{"damage":6,"enemies":"3 Sentries","floor":8,"turns":8},{"damage":5,"enemies":"Looter","floor":13,"turns":3},{"damage":7,"enemies":"Lagavulin","floor":14,"turns":9},{"damage":17,"enemies":"The Guardian","floor":16,"turns":16},{"damage":3,"enemies":"Chosen","floor":18,"turns":4},{"damage":19,"enemies":"Spheric Guardian","floor":20,"turns":6},{"damage":10,"enemies":"Centurion and Healer","floor":21,"turns":4}],"seed_played":"581509481413619757","potions_obtained":[{"floor":2,"key":"AttackPotion"},{"floor":3,"key":"AttackPotion"},{"floor":6,"key":"Energy Potion"},{"floor":13,"key":"Swift Potion"},{"floor":14,"key":"Poison Potion"},{"floor":16,"key":"Poison Potion"},{"floor":18,"key":"Fruit Juice"},{"floor":20,"key":"Ancient Potion"}],"is_trial":false,"path_per_floor":["M","M","M","$","M","E","R","E","T","R","?","?","M","E","R","B",null,"M","?","M","M"],"character_chosen":"DEFECT","items_purchased":[],"campfire_rested":0,"item_purchase_floors":[],"current_hp_per_floor":[63,63,61,61,59,55,55,49,49,49,49,49,46,41,41,26,55,59,59,42,34],"gold":322,"neow_bonus":"UPGRADE_CARD","is_prod":false,"is_daily":false,"chose_seed":false,"campfire_upgraded":3,"win_rate":0,"timestamp":1547003756,"path_taken":["M","M","M","$","?","E","R","E","T","R","?","?","?","E","R","BOSS","M","?","?","M"],"build_version":"2019-01-03v4","purchased_purges":1,"victory":false,"max_hp_per_floor":[71,71,71,71,71,71,71,71,71,71,64,64,64,64,64,64,64,69,69,69,69],"card_choices":[{"not_picked":["Conserve Battery","FTL"],"picked":"Cold Snap","floor":1},{"not_picked":["Hologram","Rebound"],"picked":"Go for the Eyes","floor":2},{"not_picked":["Go for the Eyes","Lockon"],"picked":"Chill","floor":3},{"not_picked":["Aggregate","Steam"],"picked":"Hologram","floor":5},{"not_picked":["Scrape","Coolheaded","Cold Snap"],"picked":"SKIP","floor":6},{"not_picked":["Chill","Reboot"],"picked":"Conserve Battery","floor":8},{"not_picked":["Consume","Leap"],"picked":"Genetic Algorithm","floor":13},{"not_picked":["Chill","Stack","Ball Lightning"],"picked":"SKIP","floor":14},{"not_picked":["Machine Learning","Meteor Strike"],"picked":"Rainbow","floor":16},{"not_picked":["Consume","Streamline","Redo"],"picked":"SKIP","floor":18},{"not_picked":["Steam Power","Hello World","Conserve Battery"],"picked":"SKIP","floor":20}],"player_experience":1007972,"relics_obtained":[{"floor":6,"key":"Bag of Marbles"},{"floor":8,"key":"Orichalcum"},{"floor":9,"key":"Blood Vial"},{"floor":14,"key":"The Courier"}],"event_choices":[{"damage_healed":0,"gold_gain":0,"player_choice":"Lose Max HP","damage_taken":0,"relics_obtained":["Golden Idol"],"max_hp_gain":0,"max_hp_loss":7,"event_name":"Golden Idol","floor":11,"gold_loss":0},{"damage_healed":0,"gold_gain":0,"cards_transformed":["Strike_B"],"player_choice":"Transformed","damage_taken":0,"max_hp_gain":0,"max_hp_loss":0,"event_name":"Transmorgrifier","floor":12,"gold_loss":0,"cards_obtained":["Redo"]},{"damage_healed":0,"gold_gain":0,"player_choice":"Rummage","damage_taken":0,"relics_obtained":["WarpedTongs"],"max_hp_gain":0,"max_hp_loss":0,"event_name":"Accursed Blacksmith","floor":19,"gold_loss":0,"cards_obtained":["Pain"]}],"is_beta":false,"boss_relics":[{"not_picked":["Black Star","Eternal Feather"],"picked":"White Beast Statue"}],"items_purged_floors":[4],"is_endless":false,"potions_floor_spawned":[2,3,6,13,14,16,18,20],"killed_by":"Centurion and Healer","ascension_level":20}