{"gold_per_floor":[114,35,35,210,234,267,267,307,334,334,352,352,352,395,395,514,514,514,514,514,514,183,183],"floor_reached":23,"playtime":743,"items_purged":["Doubt"],"score":285,"play_id":"b87c24c3-e678-475b-a005-b4d27cd8f797","local_time":"20190116125737","is_ascension_mode":true,"campfire_choices":[{"data":"Zap","floor":7,"key":"SMITH"},{"floor":12,"key":"REST"},{"data":"White Noise","floor":15,"key":"SMITH"}],"neow_cost":"NONE","seed_source_timestamp":587064858631367,"circlet_count":0,"master_deck":["Strike_B","Strike_B","Strike_B","Strike_B","Defend_B","Defend_B","Defend_B","Defend_B","Zap+1","Dualcast","Self Repair","Turbo","Steam","Injury","Hologram","White Noise+1","Go for the Eyes","Beam Cell","Multi-Cast","Stack","Writhe","White Noise"],"relics":["Cracked Core","NeowsBlessing","Bloody Idol","Bag of Marbles","Gremlin Horn","Boot","Du-Vu Doll","Ectoplasm","Potion Belt","Frozen Egg 2"],"potions_floor_usage":[14,16,18],"damage_taken":[{"damage":0,"enemies":"Small Slimes","floor":1,"turns":1},{"damage":0,"enemies":"2 Louse","floor":5,"turns":1},{"damage":0,"enemies":"Gremlin Nob","floor":6,"turns":1},{"damage":36,"enemies":"Lagavulin","floor":8,"turns":6},{"damage":5,"enemies":"Jaw Worm","floor":11,"turns":3},{"damage":39,"enemies":"Gremlin Nob","floor":14,"turns":6},{"damage":30,"enemies":"Hexaghost","floor":16,"turns":9},{"damage":21,"enemies":"3 Byrds","floor":18,"turns":4},{"damage":59,"enemies":"Slavers","floor":23,"turns":3}],"seed_played":"8112326672056155661","potions_obtained":[{"floor":8,"key":"Fire Potion"},{"floor":11,"key":"Block Potion"},{"floor":14,"key":"PowerPotion"},{"floor":16,"key":"Energy Potion"}],"is_trial":false,"path_per_floor":["M","$","?","?","M","E","R","E","T","?","M","R","?","E","R","B",null,"M","?","?","?","$","E"],"character_chosen":"DEFECT","items_purchased":["Turbo","Steam","Frozen Egg 2"],"campfire_rested":1,"item_purchase_floors":[2,2,22],"current_hp_per_floor":[75,75,75,75,75,75,75,46,46,46,48,70,75,43,43,20,65,51,51,51,51,51,0],"gold":183,"neow_bonus":"THREE_ENEMY_KILL","is_prod":false,"is_daily":false,"chose_seed":false,"campfire_upgraded":2,"win_rate":0,"timestamp":1547661457,"path_taken":["M","$","?","?","M","E","R","E","T","?","M","R","?","E","R","BOSS","M","?","?","?","?","E"],"build_version":"2019-01-10","purchased_purges":1,"victory":false,"max_hp_per_floor":[75,75,75,75,75,75,75,75,75,75,75,75,80,80,80,80,80,80,80,80,80,80,80],"card_choices":[{"not_picked":["Streamline","Stack"],"picked":"Self Repair","floor":1},{"not_picked":["Skim","Barrage","Hello World"],"picked":"SKIP","floor":5},{"not_picked":["Leap","Seek"],"picked":"Hologram","floor":6},{"not_picked":["Chill","Barrage"],"picked":"White Noise","floor":8},{"not_picked":["Recycle","Rip and Tear"],"picked":"Go for the Eyes","floor":11},{"not_picked":["Consume","Coolheaded"],"picked":"Beam Cell","floor":14},{"not_picked":["Seek","Biased Cognition"],"picked":"Multi-Cast","floor":16},{"not_picked":["Compile Driver","Coolheaded"],"picked":"Stack","floor":18}],"player_experience":101853,"relics_obtained":[{"floor":6,"key":"Bag of Marbles"},{"floor":8,"key":"Gremlin Horn"},{"floor":9,"key":"Boot"},{"floor":14,"key":"Du-Vu Doll"}],"event_choices":[{"damage_healed":0,"gold_gain":0,"player_choice":"Take Wound","damage_taken":0,"relics_obtained":["Golden Idol"],"max_hp_gain":0,"max_hp_loss":0,"event_name":"Golden Idol","floor":3,"gold_loss":0,"cards_obtained":["Injury"]},{"damage_healed":0,"gold_gain":175,"player_choice":"AGREE","damage_taken":0,"max_hp_gain":0,"max_hp_loss":0,"event_name":"Liars Game","floor":4,"gold_loss":0,"cards_obtained":["Doubt"]},{"damage_healed":0,"gold_gain":0,"player_choice":"Ignored","damage_taken":0,"max_hp_gain":0,"max_hp_loss":0,"event_name":"Shining Light","floor":10,"gold_loss":0},{"damage_healed":0,"gold_gain":0,"player_choice":"Donut","damage_taken":0,"max_hp_gain":5,"max_hp_loss":0,"event_name":"Big Fish","floor":13,"gold_loss":0},{"damage_healed":0,"gold_gain":0,"player_choice":"Opened","damage_taken":0,"relics_obtained":["Potion Belt"],"max_hp_gain":0,"max_hp_loss":0,"event_name":"The Mausoleum","floor":19,"gold_loss":0,"cards_obtained":["Writhe"]},{"damage_healed":0,"gold_gain":0,"player_choice":"Gave Idol","damage_taken":0,"relics_obtained":["Bloody Idol"],"max_hp_gain":0,"max_hp_loss":0,"event_name":"Forgotten Altar","floor":20,"relics_lost":["Golden Idol"],"gold_loss":0},{"damage_healed":0,"gold_gain":0,"player_choice":"Read","damage_taken":0,"max_hp_gain":0,"max_hp_loss":0,"event_name":"The Library","floor":21,"gold_loss":0,"cards_obtained":["White Noise"]}],"is_beta":false,"boss_relics":[{"not_picked":["FrozenCore","Nuclear Battery"],"picked":"Ectoplasm"}],"items_purged_floors":[22],"is_endless":false,"potions_floor_spawned":[8,11,14,16],"killed_by":"Slavers","ascension_level":5}