{"gold_per_floor":[111,36,36,52,63,63,118,118,167,167,198,198,217,233,233,310,310,326,251,251,286,302,302,302,352,352,386,386,396,106,106,106,183,183,201,255,266,266,285,285,320,320,320,320,70,80,80],"floor_reached":47,"playtime":2022,"items_purged":["Writhe"],"score":838,"play_id":"bda53986-1233-4874-8796-bc91c70253ec","local_time":"20181117210419","is_ascension_mode":true,"campfire_choices":[{"data":"Clothesline","floor":6,"key":"SMITH"},{"data":"Inflame","floor":8,"key":"SMITH"},{"data":"Strike_R","floor":10,"key":"SMITH"},{"data":"Disarm","floor":12,"key":"SMITH"},{"data":"Metallicize","floor":15,"key":"SMITH"},{"floor":23,"key":"REST"},{"data":"Heavy Blade","floor":28,"key":"SMITH"},{"floor":32,"key":"REST"},{"data":"True Grit","floor":40,"key":"SMITH"},{"data":"Exhume","floor":42,"key":"SMITH"},{"data":"Sword Boomerang","floor":44,"key":"SMITH"}],"neow_cost":"NONE","seed_source_timestamp":271078035116615,"circlet_count":0,"master_deck":["AscendersBane","Strike_R+1","Strike_R+1","Strike_R+1","Defend_R+1","Defend_R+1","Defend_R+1","Defend_R+1","Bash+1","Forethought+1","Inflame+1","Clothesline+1","Disarm+1","Shrug It Off","Metallicize+1","Offering","Flex+1","Fire Breathing+1","Heavy Blade+1","Sword Boomerang+1","Exhume+1","True Grit+1","Injury","Pommel Strike","Cleave","Armaments+1","Clumsy"],"relics":["Black Blood","Tiny Chest","Anchor","Whetstone","Cursed Key","Red Mask","Orichalcum","Red Skull","Bag of Marbles","Centennial Puzzle","Bronze Scales","Kunai"],"potions_floor_usage":[11,18,27,33,33,39,41,41],"damage_taken":[{"damage":3,"enemies":"2 Louse","floor":1,"turns":3},{"damage":12,"enemies":"Jaw Worm","floor":4,"turns":5},{"damage":1,"enemies":"Cultist","floor":5,"turns":4},{"damage":18,"enemies":"Gremlin Nob","floor":7,"turns":4},{"damage":15,"enemies":"Lagavulin","floor":11,"turns":5},{"damage":11,"enemies":"Looter","floor":13,"turns":4},{"damage":20,"enemies":"2 Fungi Beasts","floor":14,"turns":4},{"damage":1,"enemies":"Hexaghost","floor":16,"turns":13},{"damage":17,"enemies":"Spheric Guardian","floor":18,"turns":4},{"damage":31,"enemies":"Masked Bandits","floor":21,"turns":6},{"damage":10,"enemies":"2 Thieves","floor":22,"turns":5},{"damage":26,"enemies":"Slavers","floor":27,"turns":9},{"damage":0,"enemies":"3 Cultists","floor":29,"turns":5},{"damage":40,"enemies":"Automaton","floor":33,"turns":9},{"damage":8,"enemies":"3 Shapes","floor":35,"turns":7},{"damage":6,"enemies":"Orb Walker","floor":37,"turns":3},{"damage":42,"enemies":"Transient","floor":39,"turns":5},{"damage":19,"enemies":"Reptomancer","floor":41,"turns":4},{"damage":25,"enemies":"Jaw Worm Horde","floor":46,"turns":3},{"damage":12,"enemies":"Maw","floor":47,"turns":4}],"seed_played":"1242061130812179884","potions_obtained":[{"floor":4,"key":"Poison Potion"},{"floor":7,"key":"SteroidPotion"},{"floor":22,"key":"AttackPotion"},{"floor":27,"key":"PowerPotion"},{"floor":33,"key":"Block Potion"},{"floor":37,"key":"SpeedPotion"},{"floor":39,"key":"SkillPotion"},{"floor":41,"key":"Strength Potion"}],"is_trial":false,"path_per_floor":["M","?","?","M","M","R","E","R","T","R","E","R","M","M","R","B",null,"M","?","?","?","M","R","?","?","T","E","R","M","$","?","R","B",null,"M","T","M","?","M","R","E","R","T","R","$","M","M"],"character_chosen":"IRONCLAD","items_purchased":["Bag of Marbles","EssenceOfSteel","Kunai"],"campfire_rested":2,"item_purchase_floors":[30,30,45],"current_hp_per_floor":[71,71,71,65,70,70,58,58,58,58,49,49,44,30,30,35,65,54,54,54,29,25,47,47,47,47,27,27,33,33,33,55,21,62,64,64,68,68,36,36,27,27,27,27,27,12,0],"gold":80,"neow_bonus":"RANDOM_COLORLESS","is_prod":false,"is_daily":false,"chose_seed":false,"campfire_upgraded":9,"win_rate":0,"timestamp":1542506659,"path_taken":["M","?","?","M","M","R","E","R","T","R","E","R","M","?","R","BOSS","M","?","?","?","?","R","?","?","T","E","R","?","$","?","R","BOSS","M","?","M","?","?","R","E","R","T","R","$","M","M"],"build_version":"2018-11-15","purchased_purges":1,"victory":false,"max_hp_per_floor":[75,75,75,75,75,75,75,75,75,75,75,75,75,75,75,75,75,75,75,75,75,75,75,75,75,75,75,75,75,75,75,75,75,75,75,75,75,75,75,75,75,75,75,75,75,75,75],"card_choices":[{"not_picked":["Warcry","Bloodletting"],"picked":"Inflame","floor":1},{"not_picked":["Wild Strike","Flex","Warcry"],"picked":"SKIP","floor":4},{"not_picked":["Searing Blow","Thunderclap"],"picked":"Clothesline","floor":5},{"not_picked":["Intimidate","Limit Break","Perfected Strike"],"picked":"SKIP","floor":7},{"not_picked":["Anger","Brutality"],"picked":"Disarm","floor":11},{"not_picked":["Wild Strike","Reckless Charge"],"picked":"Shrug It Off","floor":13},{"not_picked":["Sword Boomerang","Heavy Blade"],"picked":"Metallicize","floor":14},{"not_picked":["Barricade","Dark Embrace"],"picked":"Offering","floor":16},{"not_picked":["Infernal Blade","Twin Strike"],"picked":"Flex+1","floor":18},{"not_picked":["Clothesline","Rampage"],"picked":"Fire Breathing+1","floor":21},{"not_picked":["Reckless Charge","Shockwave"],"picked":"Heavy Blade","floor":22},{"not_picked":["Brutality","Fiend Fire"],"picked":"Sword Boomerang","floor":27},{"not_picked":["Clothesline","Thunderclap","Clash"],"picked":"SKIP","floor":29},{"not_picked":["Dark Embrace","Barricade"],"picked":"Exhume","floor":33},{"not_picked":["Clothesline","Disarm"],"picked":"True Grit","floor":35},{"not_picked":["Power Through","Bloodletting"],"picked":"Pommel Strike","floor":37},{"not_picked":["Shrug It Off","True Grit"],"picked":"Cleave","floor":39},{"not_picked":["Anger+1","Twin Strike+1"],"picked":"Armaments+1","floor":41},{"not_picked":["Armaments","Perfected Strike","Second Wind"],"picked":"SKIP","floor":46}],"player_experience":907802,"relics_obtained":[{"floor":7,"key":"Tiny Chest"},{"floor":9,"key":"Anchor"},{"floor":11,"key":"Whetstone"},{"floor":21,"key":"Red Mask"},{"floor":27,"key":"Red Skull"},{"floor":41,"key":"Centennial Puzzle"},{"floor":43,"key":"Bronze Scales"}],"event_choices":[{"cards_removed":["Strike_R"],"damage_healed":0,"gold_gain":0,"player_choice":"Card Removal","damage_taken":0,"max_hp_gain":0,"max_hp_loss":0,"event_name":"The Cleric","floor":2,"gold_loss":75},{"damage_healed":0,"gold_gain":0,"player_choice":"0 cards matched","damage_taken":0,"max_hp_gain":0,"max_hp_loss":0,"event_name":"Match and Keep!","floor":3,"gold_loss":0,"cards_obtained":[]},{"cards_removed":["Strike_R"],"damage_healed":0,"gold_gain":0,"player_choice":"Gave Gold","damage_taken":0,"max_hp_gain":0,"max_hp_loss":0,"event_name":"Beggar","floor":19,"gold_loss":75},{"damage_healed":0,"gold_gain":0,"player_choice":"Simplicity","damage_taken":0,"max_hp_gain":0,"max_hp_loss":0,"event_name":"Back to Basics","floor":20,"gold_loss":0,"cards_upgraded":["Defend_R","Defend_R","Defend_R","Defend_R"]},{"damage_healed":0,"gold_gain":0,"player_choice":"Fought Bandits","damage_taken":0,"max_hp_gain":0,"max_hp_loss":0,"event_name":"Masked Bandits","floor":21,"gold_loss":0},{"damage_healed":0,"gold_gain":0,"player_choice":"Opened","damage_taken":0,"relics_obtained":["Orichalcum"],"max_hp_gain":0,"max_hp_loss":0,"event_name":"The Mausoleum","floor":24,"gold_loss":0,"cards_obtained":["Writhe"]},{"damage_healed":0,"gold_gain":100,"player_choice":"Bet on Murderer","damage_taken":0,"max_hp_gain":0,"max_hp_loss":0,"event_name":"The Joust","floor":25,"gold_loss":50},{"damage_healed":0,"gold_gain":0,"player_choice":"Forge","damage_taken":0,"max_hp_gain":0,"max_hp_loss":0,"event_name":"Accursed Blacksmith","floor":31,"gold_loss":0,"cards_upgraded":["Bash"]},{"damage_healed":0,"gold_gain":0,"player_choice":"Upgraded","damage_taken":0,"max_hp_gain":0,"max_hp_loss":0,"event_name":"Upgrade Shrine","floor":38,"gold_loss":0,"cards_upgraded":["Forethought"]}],"is_beta":false,"boss_relics":[{"not_picked":["Black Star","Empty Cage"],"picked":"Cursed Key"},{"not_picked":["Eternal Feather","Mark of Pain"],"picked":"Black Blood"}],"items_purged_floors":[30],"is_endless":false,"potions_floor_spawned":[4,7,22,27,33,37,39,41],"killed_by":"Maw","ascension_level":15}