{"path_per_floor":["M","$","?","?","$","M","?","?","T","R","T","M","R","E","R","B",null,"M","?","?","M","T"],"character_chosen":"THE_SILENT","items_purchased":["Caltrops","Cloak And Dagger","Noxious Fumes"],"gold_per_floor":[112,14,114,114,45,57,57,57,57,57,57,77,77,121,121,245,245,258,258,258,243,269],"floor_reached":23,"campfire_rested":2,"playtime":1682,"current_hp_per_floor":[69,69,69,69,69,69,55,55,55,70,70,65,65,58,70,58,70,22,22,22,3,3],"items_purged":[],"gold":269,"score":185,"play_id":"b8b4da82-3bc1-4755-949c-679515bc5002","is_prod":false,"is_daily":false,"is_ascension_mode":false,"campfire_upgraded":1,"path_taken":["M","?","?","?","?","?","?","?","T","R","?","M","R","E","R","BOSS","M","?","?","?","?","E"],"build_version":"2018-02-22-PROD1","purchased_purges":0,"victory":false,"master_deck":["Defend_G+1","Defend_G+1","Defend_G+1","Defend_G+1","Defend_G+1","Strike_G+1","Strike_G+1","Strike_G+1","Strike_G+1","Strike_G+1","Survivor","Neutralize+1","Blur","Caltrops","Cloak And Dagger+1","Noxious Fumes+1","Deflect","Injury","Decay","Injury","Crippling Poison","Footwork","Venomology","Underhanded Strike","Deadly Poison","Pain"],"max_hp_per_floor":[70,70,70,70,70,70,70,70,70,70,70,70,70,70,70,70,70,70,70,70,70,70],"relics":["Cursed Key","Golden Idol","Sundial","Unceasing Top","Happy Flower","Black Star","Vajra"],"card_choices":[{"not_picked":["Flying Knee","Leg Sweep"],"picked":"Blur"},{"not_picked":["Dagger Throw","Poisoned Stab"],"picked":"Deflect"},{"not_picked":["Sucker Punch","Prepared"],"picked":"Crippling Poison"},{"not_picked":["Cloak And Dagger","Flying Knee"],"picked":"Footwork"},{"not_picked":["Doppelganger","Tactician"],"picked":"Venomology"},{"not_picked":["PiercingWail","Masterful Stab"],"picked":"Underhanded Strike"},{"not_picked":["Flying Knee","Malaise"],"picked":"Deadly Poison"}],"player_experience":123467,"potions_floor_usage":[16,21,23],"damage_taken":[{"damage":1,"enemies":"Cultist","floor":1,"turns":4},{"damage":0,"enemies":"Small Slimes","floor":6,"turns":4},{"damage":5,"enemies":"2 Louse","floor":12,"turns":3},{"damage":7,"enemies":"3 Sentries","floor":14,"turns":8},{"damage":12,"enemies":"The Guardian","floor":16,"turns":11},{"damage":48,"enemies":"Chosen","floor":18,"turns":10},{"damage":19,"enemies":"2 Thieves","floor":21,"turns":4},{"damage":5,"enemies":"Gremlin Leader","floor":23,"turns":2}],"event_choices":[{"event_name":"Golden Shrine","player_choice":"Pray","floor":3,"damage_taken":0},{"event_name":"The Cleric","player_choice":"Leave","floor":4,"damage_taken":0},{"event_name":"Shining Light","player_choice":"Entered Light","floor":7,"damage_taken":0},{"event_name":"Golden Idol","player_choice":"Take Wound","floor":8,"damage_taken":0},{"event_name":"Back to Basics","player_choice":"Simplicity","floor":19,"damage_taken":0},{"event_name":"Vampires","player_choice":"Ignored","floor":20,"damage_taken":0}],"boss_relics":[{"not_picked":["Philosopher\u0027s Stone","Lizard Tail"],"picked":"Black Star"}],"potions_floor_spawned":[12],"seed_played":"-1427506801170282101","killed_by":"Gremlin Leader","ascension_level":0,"is_trial":false}