{"gold_per_floor":[109,284,299,309,57,85,85,110,110,126,139,139,139,158,158,237,237,253,253,265,265,265,265,294,294,345,345,379,392,64,64,64,142,142,156,166,181,19,19],"floor_reached":39,"playtime":2325,"items_purged":["Doubt"],"score":749,"play_id":"95bf51a7-55d6-4bdf-b4d4-1fcee9cc81a4","local_time":"20190523162005","is_ascension_mode":true,"campfire_choices":[{"floor":7,"key":"REST"},{"data":"Loop","floor":12,"key":"SMITH"},{"data":"Loop","floor":15,"key":"SMITH"},{"data":"Zap","floor":23,"key":"SMITH"},{"floor":27,"key":"REST"},{"floor":32,"key":"REST"}],"neow_cost":"NONE","seed_source_timestamp":350974363393579,"circlet_count":0,"master_deck":["AscendersBane","Strike_B","Strike_B","Strike_B","Defend_B","Defend_B","Defend_B","Defend_B","Zap+1","Dualcast","Echo Form","Streamline","Chill","Sweeping Beam","Loop+1","Loop+1","Gash","Lockon","Rebound+1","Core Surge+1","Streamline+1","Auto Shields","Defragment","Skim","Scrape+1","Storm","Core Surge+1","Double Energy","Beam Cell+1","Apotheosis"],"relics":["Cracked Core","Pen Nib","Bird Faced Urn","Letter Opener","Molten Egg 2","Sozu","Gambling Chip","DataDisk","WingedGreaves","Mummified Hand","Busted Crown"],"potions_floor_usage":[6,8,16,24,28],"damage_taken":[{"damage":3,"enemies":"Jaw Worm","floor":1,"turns":5},{"damage":0,"enemies":"2 Louse","floor":3,"turns":3},{"damage":15,"enemies":"Small Slimes","floor":4,"turns":4},{"damage":32,"enemies":"Gremlin Nob","floor":6,"turns":4},{"damage":0,"enemies":"Lagavulin","floor":8,"turns":7},{"damage":0,"enemies":"3 Louse","floor":10,"turns":5},{"damage":2,"enemies":"Large Slime","floor":11,"turns":6},{"damage":7,"enemies":"Gremlin Gang","floor":14,"turns":5},{"damage":61,"enemies":"Slime Boss","floor":16,"turns":10},{"damage":15,"enemies":"3 Byrds","floor":18,"turns":6},{"damage":0,"enemies":"Spheric Guardian","floor":20,"turns":2},{"damage":58,"enemies":"Book of Stabbing","floor":24,"turns":5},{"damage":23,"enemies":"Slavers","floor":28,"turns":4},{"damage":9,"enemies":"Centurion and Healer","floor":29,"turns":7},{"damage":62,"enemies":"Collector","floor":33,"turns":8},{"damage":14,"enemies":"Orb Walker","floor":35,"turns":3},{"damage":15,"enemies":"3 Darklings","floor":36,"turns":5},{"damage":32,"enemies":"Transient","floor":37,"turns":5},{"damage":58,"enemies":"Writhing Mass","floor":39,"turns":4}],"seed_played":"2363371240057903036","potions_obtained":[{"floor":4,"key":"Strength Potion"},{"floor":6,"key":"PowerPotion"},{"floor":8,"key":"Dexterity Potion"},{"floor":16,"key":"Swift Potion"}],"is_trial":false,"path_per_floor":["M","?","M","M","$","E","R","E","T","M","M","R","T","M","R","B",null,"M","?","M","?","?","R","E","?","T","R","E","M","$","?","R","B",null,"M","M","M","$","M"],"character_chosen":"DEFECT","items_purchased":["Fruit Juice","Loop","Mummified Hand","Storm","Apotheosis"],"campfire_rested":3,"item_purchase_floors":[5,5,30,30,38],"current_hp_per_floor":[65,65,65,50,50,23,47,47,47,55,63,63,63,60,60,9,62,53,38,38,38,66,66,16,16,16,41,22,25,25,25,50,2,64,56,55,33,33,0],"gold":19,"neow_bonus":"ONE_RANDOM_RARE_CARD","is_prod":false,"is_daily":false,"chose_seed":false,"campfire_upgraded":3,"win_rate":0,"timestamp":1558653605,"path_taken":["M","?","M","M","$","E","R","E","T","M","M","R","?","M","R","BOSS","M","?","M","?","?","R","E","?","T","R","E","?","$","?","R","BOSS","M","?","M","$","?"],"build_version":"2019-01-23","purchased_purges":1,"victory":false,"max_hp_per_floor":[75,75,75,75,75,80,80,80,80,80,80,80,80,80,80,80,80,80,85,85,85,85,85,85,85,85,85,85,85,85,85,85,85,85,85,85,85,85,85],"card_choices":[{"not_picked":["Go for the Eyes","Consume"],"picked":"Streamline","floor":1},{"not_picked":["Reinforced Body","Steam"],"picked":"Chill","floor":3},{"not_picked":["Go for the Eyes","Cold Snap"],"picked":"Sweeping Beam","floor":4},{"not_picked":["Aggregate","Consume"],"picked":"Loop","floor":6},{"not_picked":["Rebound","Blizzard","Sweeping Beam"],"picked":"SKIP","floor":8},{"not_picked":["Streamline","Darkness"],"picked":"Gash","floor":10},{"not_picked":["Compile Driver","Meteor Strike"],"picked":"Lockon","floor":11},{"not_picked":["Double Energy","Doom and Gloom+1"],"picked":"Rebound+1","floor":14},{"not_picked":["Reboot","Amplify"],"picked":"Core Surge+1","floor":16},{"not_picked":["Redo","Steam"],"picked":"Streamline+1","floor":18},{"not_picked":["Fusion","Tempest"],"picked":"Auto Shields","floor":20},{"not_picked":["Storm","Fusion"],"picked":"Defragment","floor":24},{"not_picked":["Amplify","Recycle"],"picked":"Skim","floor":28},{"not_picked":["Sweeping Beam+1","Barrage+1"],"picked":"Scrape+1","floor":29},{"not_picked":["Rainbow","Seek"],"picked":"Core Surge+1","floor":33},{"not_picked":["Barrage+1"],"picked":"SKIP","floor":35},{"not_picked":[],"picked":"Double Energy","floor":36},{"not_picked":[],"picked":"Beam Cell+1","floor":37}],"player_experience":677659,"relics_obtained":[{"floor":6,"key":"Pen Nib"},{"floor":8,"key":"Bird Faced Urn"},{"floor":9,"key":"Letter Opener"},{"floor":13,"key":"Molten Egg 2"},{"floor":24,"key":"Gambling Chip"},{"floor":26,"key":"DataDisk"},{"floor":28,"key":"WingedGreaves"}],"event_choices":[{"damage_healed":0,"gold_gain":175,"player_choice":"AGREE","damage_taken":0,"max_hp_gain":0,"max_hp_loss":0,"event_name":"Liars Game","floor":2,"gold_loss":0,"cards_obtained":["Doubt"]},{"damage_healed":0,"gold_gain":0,"player_choice":"Shed Blood","damage_taken":20,"max_hp_gain":5,"max_hp_loss":0,"event_name":"Forgotten Altar","floor":19,"gold_loss":0},{"damage_healed":0,"gold_gain":0,"player_choice":"Ignored","damage_taken":0,"max_hp_gain":0,"max_hp_loss":0,"event_name":"Ghosts","floor":21,"gold_loss":0},{"damage_healed":28,"gold_gain":0,"player_choice":"Heal","damage_taken":0,"max_hp_gain":0,"max_hp_loss":0,"event_name":"The Library","floor":22,"gold_loss":0},{"damage_healed":0,"gold_gain":0,"player_choice":"Bought 0 Potions","damage_taken":0,"max_hp_gain":0,"max_hp_loss":0,"event_name":"The Woman in Blue","floor":25,"gold_loss":0},{"cards_removed":["Strike_B"],"damage_healed":0,"gold_gain":0,"player_choice":"Purged","damage_taken":0,"max_hp_gain":0,"max_hp_loss":0,"event_name":"Purifier","floor":31,"gold_loss":0}],"is_beta":false,"boss_relics":[{"not_picked":["Ectoplasm","Astrolabe"],"picked":"Sozu"},{"not_picked":["Calling Bell","Fusion Hammer"],"picked":"Busted Crown"}],"items_purged_floors":[5],"is_endless":false,"potions_floor_spawned":[4,6,8,16,20,28,29,37],"killed_by":"Writhing Mass","ascension_level":13}