{"gold_per_floor":[117,127,141,141,159,159,228,228,283,315,315,330,656,668,668,744,744],"floor_reached":17,"playtime":627,"items_purged":[],"score":292,"play_id":"82434938-1365-4eb6-83c3-de56a7303745","local_time":"20181117172739","is_ascension_mode":true,"campfire_choices":[{"data":"Clothesline","floor":6,"key":"SMITH"},{"data":"Flex","floor":8,"key":"SMITH"},{"floor":11,"key":"REST"},{"floor":15,"key":"REST"}],"neow_cost":"TEN_PERCENT_HP_LOSS","seed_source_timestamp":259472953431259,"circlet_count":0,"master_deck":["AscendersBane","Strike_R","Strike_R","Strike_R","Strike_R","Strike_R","Defend_R","Defend_R+1","Defend_R","Defend_R","Bash","Flex+1","Corruption","Clothesline+1","Shrug It Off","Battle Trance+1","Thunderclap","Bludgeon","Spot Weakness","Double Tap"],"relics":["Burning Blood","Calipers","Oddly Smooth Stone","War Paint","Old Coin","Velvet Choker"],"potions_floor_usage":[5,10,13,16],"damage_taken":[{"damage":2,"enemies":"2 Louse","floor":1,"turns":2},{"damage":7,"enemies":"Jaw Worm","floor":2,"turns":3},{"damage":3,"enemies":"Small Slimes","floor":3,"turns":6},{"damage":16,"enemies":"3 Louse","floor":5,"turns":6},{"damage":49,"enemies":"Lagavulin","floor":10,"turns":8},{"damage":15,"enemies":"Large Slime","floor":12,"turns":7},{"damage":26,"enemies":"3 Sentries","floor":13,"turns":7},{"damage":2,"enemies":"2 Fungi Beasts","floor":14,"turns":3},{"damage":24,"enemies":"The Guardian","floor":16,"turns":15}],"seed_played":"2774776518438334489","potions_obtained":[{"floor":2,"key":"Weak Potion"},{"floor":5,"key":"LiquidBronze"},{"floor":12,"key":"Poison Potion"},{"floor":13,"key":"Energy Potion"}],"is_trial":false,"path_per_floor":["M","M","M","?","M","R","?","R","T","E","R","M","E","M","R","B",null],"character_chosen":"IRONCLAD","items_purchased":[],"campfire_rested":2,"item_purchase_floors":[],"current_hp_per_floor":[68,67,68,73,63,63,63,63,63,20,41,32,12,16,37,19,60],"gold":744,"neow_bonus":"ONE_RARE_RELIC","is_prod":false,"is_daily":false,"chose_seed":false,"campfire_upgraded":2,"win_rate":0,"timestamp":1542493659,"path_taken":["M","M","M","?","M","R","?","R","T","E","R","?","E","M","R","BOSS"],"build_version":"2018-11-15","purchased_purges":0,"victory":false,"max_hp_per_floor":[68,68,68,73,73,73,73,73,73,73,73,73,73,73,73,73,73],"card_choices":[{"not_picked":["Shockwave","True Grit"],"picked":"Flex","floor":1},{"not_picked":["Wild Strike","Rupture"],"picked":"Corruption","floor":2},{"not_picked":["Thunderclap","True Grit"],"picked":"Clothesline","floor":3},{"not_picked":["Shockwave","Clothesline"],"picked":"Shrug It Off","floor":5},{"not_picked":["Body Slam","Searing Blow"],"picked":"Battle Trance","floor":10},{"not_picked":["Armaments","Perfected Strike"],"picked":"Thunderclap","floor":12},{"not_picked":["Clothesline","Offering"],"picked":"Bludgeon","floor":13},{"not_picked":["Cleave","Thunderclap"],"picked":"Spot Weakness","floor":14},{"not_picked":["Brutality","Exhume"],"picked":"Double Tap","floor":16}],"player_experience":906107,"relics_obtained":[{"floor":9,"key":"Oddly Smooth Stone"},{"floor":10,"key":"War Paint"},{"floor":13,"key":"Old Coin"}],"event_choices":[{"damage_healed":0,"gold_gain":0,"player_choice":"Donut","damage_taken":0,"max_hp_gain":5,"max_hp_loss":0,"event_name":"Big Fish","floor":4,"gold_loss":0},{"damage_healed":0,"gold_gain":69,"player_choice":"Gained Gold","damage_taken":0,"max_hp_gain":0,"max_hp_loss":0,"event_name":"Golden Wing","floor":7,"gold_loss":0}],"is_beta":false,"boss_relics":[{"not_picked":["Eternal Feather","Calling Bell"],"picked":"Velvet Choker"}],"items_purged_floors":[],"is_endless":false,"potions_floor_spawned":[2,5,12,13],"ascension_level":15}