{"gold_per_floor":[112,112,124,143,14,14,33,65,65,81,21,21,21,37,37,114,114,128,38,48,48,48,48,63,63],"floor_reached":25,"playtime":726,"items_purged":[],"score":406,"play_id":"97ff125c-0262-4a75-aeda-52e47b711df3","local_time":"20181024205803","is_ascension_mode":true,"campfire_choices":[{"data":"Neutralize","floor":6,"key":"SMITH"},{"floor":12,"key":"REST"},{"data":"Caltrops","floor":15,"key":"SMITH"},{"floor":23,"key":"REST"}],"neow_cost":"NONE","seed_source_timestamp":1298282597983033,"circlet_count":0,"master_deck":["Defend_G","Defend_G","Defend_G","Defend_G","Strike_G","Strike_G","Strike_G","Strike_G","Survivor","Neutralize+1","AscendersBane","Bouncing Flask","Backflip","Deadly Poison","All Out Attack","Dagger Spray+1","Dagger Throw+1","Caltrops+1","Corpse Explosion","Setup","Footwork+1","Bane+1","Writhe","Flechettes+1"],"relics":["Empty Cage","Bird Faced Urn","Molten Egg 2","Letter Opener","Velvet Choker","Ornamental Fan"],"potions_floor_usage":[8,16,25],"damage_taken":[{"damage":3,"enemies":"Small Slimes","floor":1,"turns":5},{"damage":0,"enemies":"Cultist","floor":3,"turns":3},{"damage":0,"enemies":"Jaw Worm","floor":4,"turns":5},{"damage":4,"enemies":"2 Fungi Beasts","floor":7,"turns":3},{"damage":24,"enemies":"Gremlin Nob","floor":8,"turns":4},{"damage":12,"enemies":"Large Slime","floor":10,"turns":6},{"damage":8,"enemies":"Blue Slaver","floor":14,"turns":3},{"damage":32,"enemies":"Hexaghost","floor":16,"turns":9},{"damage":12,"enemies":"Chosen","floor":18,"turns":5},{"damage":31,"enemies":"Shell Parasite","floor":20,"turns":5},{"damage":32,"enemies":"Snake Plant","floor":24,"turns":3},{"damage":16,"enemies":"Shelled Parasite and Fungi","floor":25,"turns":1}],"seed_played":"2468778013273829831","potions_obtained":[{"floor":1,"key":"Swift Potion"},{"floor":10,"key":"LiquidBronze"},{"floor":18,"key":"SteroidPotion"},{"floor":24,"key":"Fire Potion"}],"is_trial":false,"path_per_floor":["M","?","M","M","$","R","M","E","T","M","?","R","?","M","R","B",null,"M","$","M","?","?","R","M"],"character_chosen":"THE_SILENT","items_purchased":["All Out Attack","Poison Potion","Footwork"],"campfire_rested":2,"item_purchase_floors":[5,5,19],"current_hp_per_floor":[56,56,56,56,56,56,52,28,28,16,16,35,57,49,49,19,54,44,44,15,15,15,34,4,0],"gold":63,"neow_bonus":"BOSS_RELIC","is_prod":false,"is_daily":false,"chose_seed":false,"campfire_upgraded":2,"win_rate":0,"timestamp":1540429083,"path_taken":["M","?","M","M","$","R","M","E","T","M","?","R","?","M","R","BOSS","M","$","M","?","?","R","M","M"],"build_version":"2018-10-18","purchased_purges":0,"victory":false,"max_hp_per_floor":[66,66,66,66,66,66,66,66,66,66,66,66,66,66,66,66,66,66,66,66,66,66,66,66,66],"card_choices":[{"not_picked":["Endless Agony","Masterful Stab"],"picked":"Bouncing Flask","floor":1},{"not_picked":["Crippling Poison","Concentrate"],"picked":"Backflip","floor":3},{"not_picked":["Flying Knee","Catalyst"],"picked":"Deadly Poison","floor":4},{"not_picked":["Tactician","Dagger Throw","Slice"],"picked":"SKIP","floor":7},{"not_picked":["Accuracy","Well Laid Plans"],"picked":"Dagger Spray","floor":8},{"not_picked":["Night Terror","Backflip"],"picked":"Dagger Throw+1","floor":10},{"not_picked":["Blade Dance","PiercingWail"],"picked":"Caltrops","floor":14},{"not_picked":["A Thousand Cuts","Adrenaline"],"picked":"Corpse Explosion","floor":16},{"not_picked":["Slice+1","Acrobatics"],"picked":"Setup","floor":18},{"not_picked":["Deflect","PiercingWail"],"picked":"Bane+1","floor":20},{"not_picked":["Predator+1","Expertise"],"picked":"Flechettes+1","floor":24}],"player_experience":818313,"relics_obtained":[{"floor":8,"key":"Molten Egg 2"},{"floor":9,"key":"Letter Opener"}],"event_choices":[{"damage_healed":0,"gold_gain":0,"player_choice":"Gave Potion","damage_taken":0,"relics_obtained":["Bird Faced Urn"],"max_hp_gain":0,"max_hp_loss":0,"event_name":"WeMeetAgain","floor":2,"gold_loss":0},{"damage_healed":0,"gold_gain":0,"player_choice":"Left Gold","damage_taken":0,"max_hp_gain":0,"max_hp_loss":0,"event_name":"World of Goop","floor":11,"gold_loss":60},{"damage_healed":22,"gold_gain":0,"player_choice":"Banana","damage_taken":0,"max_hp_gain":0,"max_hp_loss":0,"event_name":"Big Fish","floor":13,"gold_loss":0},{"damage_healed":0,"gold_gain":0,"player_choice":"Opened","damage_taken":0,"relics_obtained":["Ornamental Fan"],"max_hp_gain":0,"max_hp_loss":0,"event_name":"The Mausoleum","floor":21,"gold_loss":0,"cards_obtained":["Writhe"]},{"damage_healed":0,"gold_gain":0,"player_choice":"Forge","damage_taken":0,"max_hp_gain":0,"max_hp_loss":0,"event_name":"Accursed Blacksmith","floor":22,"gold_loss":0,"cards_upgraded":["Footwork"]}],"is_beta":false,"boss_relics":[{"not_picked":["Runic Pyramid","Lizard Tail"],"picked":"Velvet Choker"}],"items_purged_floors":[],"is_endless":false,"potions_floor_spawned":[1,10,18,24],"killed_by":"Shelled Parasite and Fungi","ascension_level":20}