{"path_per_floor":["M","M","?","?","?","R","?","?","T","R","E","M","$","T","R","B",null,"M","?","M","$","?","R","M","E","T","M","M","M","R","M","R"],"character_chosen":"THE_SILENT","items_purchased":["Vajra"],"gold_per_floor":[114,125,125,125,125,125,150,209,209,209,240,258,34,34,34,130,130,144,144,159,159,159,159,176,233,233,252,269,282,282,298,298],"floor_reached":33,"campfire_rested":4,"playtime":5260,"current_hp_per_floor":[69,69,69,69,69,69,67,30,30,51,36,35,35,35,56,50,70,60,60,58,58,58,58,56,56,56,46,46,25,46,16,37],"items_purged":["Regret"],"gold":298,"score":290,"play_id":"78c1b130-ff3b-496f-bd5e-3169dc832378","is_prod":false,"is_daily":false,"is_ascension_mode":false,"campfire_upgraded":1,"path_taken":["M","M","?","?","?","R","?","?","T","R","E","M","$","?","R","BOSS","M","?","?","$","?","R","?","E","T","?","M","M","R","M","R","BOSS"],"build_version":"2018-02-15-PROD1","purchased_purges":1,"victory":false,"master_deck":["Defend_G+1","Defend_G","Defend_G","Defend_G+1","Defend_G","Strike_G","Strike_G","Strike_G","Strike_G","Strike_G","Survivor","Neutralize+1","Dagger Throw+1","Slice+1","Underhanded Strike","Cloak And Dagger","Dodge and Roll","After Image","After Image","Bouncing Flask","After Image","All Out Attack+1","Backflip","Heel Hook","Acrobatics+1","Calculated Gamble+1","Accuracy","Outmaneuver"],"max_hp_per_floor":[70,70,70,70,70,70,70,70,70,70,70,70,70,70,70,70,70,70,70,70,70,70,70,70,70,70,70,70,70,70,70,70],"relics":["Sozu","Matryoshka","Odd Mushroom","Anchor","War Paint","Torii","Lantern","Vajra","Happy Flower","Girya","Runic Pyramid","Tiny Chest","Ginger"],"card_choices":[{"not_picked":["PiercingWail","Cloak And Dagger"],"picked":"Dagger Throw"},{"not_picked":["Deadly Poison","Underhanded Strike"],"picked":"Slice"},{"not_picked":["Riddle With Holes","Deadly Poison"],"picked":"Underhanded Strike"},{"not_picked":["Wraith Form","Flechettes"],"picked":"Cloak And Dagger"},{"not_picked":["Finisher","Dagger Throw"],"picked":"Dodge and Roll"},{"not_picked":["Slice","Poisoned Stab"],"picked":"After Image"},{"not_picked":["Glass Knife","Wraith Form"],"picked":"After Image"},{"not_picked":["Underhanded Strike","Catalyst"],"picked":"Bouncing Flask"},{"not_picked":["Crippling Poison","Expertise"],"picked":"All Out Attack"},{"not_picked":["Choke","Flechettes"],"picked":"Backflip"},{"not_picked":["Catalyst","Night Terror"],"picked":"Heel Hook"},{"not_picked":["Dagger Spray","Prepared"],"picked":"Acrobatics"},{"not_picked":["Bane","Acrobatics"],"picked":"Calculated Gamble"},{"not_picked":["Bane","Eviscerate"],"picked":"Accuracy"},{"not_picked":["Poisoned Stab","Underhanded Strike"],"picked":"Outmaneuver"}],"player_experience":118207,"potions_floor_usage":[],"damage_taken":[{"damage":1,"enemies":"2 Louse","floor":1,"turns":3},{"damage":0,"enemies":"Cultist","floor":2,"turns":4},{"damage":2,"enemies":"The Mushroom Lair","floor":7,"turns":4},{"damage":37,"enemies":"Lagavulin Event","floor":8,"turns":8},{"damage":15,"enemies":"Gremlin Nob","floor":11,"turns":5},{"damage":1,"enemies":"Jaw Worm","floor":12,"turns":3},{"damage":6,"enemies":"The Guardian","floor":16,"turns":17},{"damage":10,"enemies":"Spheric Guardian","floor":18,"turns":6},{"damage":2,"enemies":"Shell Parasite","floor":20,"turns":6},{"damage":2,"enemies":"Snake Plant","floor":24,"turns":5},{"damage":0,"enemies":"Book of Stabbing","floor":25,"turns":8},{"damage":10,"enemies":"3 Cultists","floor":27,"turns":5},{"damage":0,"enemies":"Centurion and Healer","floor":28,"turns":8},{"damage":21,"enemies":"Snake Plant","floor":29,"turns":5},{"damage":30,"enemies":"3 Cultists","floor":31,"turns":7},{"damage":44,"enemies":"Automaton","floor":33,"turns":6}],"event_choices":[{"event_name":"Upgrade Shrine","player_choice":"Upgraded","floor":3,"damage_taken":0},{"event_name":"Big Fish","player_choice":"Box","floor":4,"damage_taken":0},{"event_name":"Living Wall","player_choice":"Grow","floor":5,"damage_taken":0},{"event_name":"Mushrooms","player_choice":"Fought Mushrooms","floor":7,"damage_taken":0},{"event_name":"Dead Adventurer","player_choice":"Searched \u00271\u0027 times","floor":8,"damage_taken":0},{"event_name":"Duplicator","player_choice":"One dupe","floor":19,"damage_taken":0},{"event_name":"N\u0027loth","player_choice":"Ignored","floor":22,"damage_taken":0}],"boss_relics":[{"not_picked":["Astrolabe","Tiny House"],"picked":"Runic Pyramid"}],"potions_floor_spawned":[8,11,12,18,20,24,28,29],"seed_played":"-1219111237353945075","killed_by":"Automaton","ascension_level":0,"is_trial":false}