{"path_per_floor":["M","M","M","$","?","R","M","M","T","?","M","M","?","M","R","B",null,"M","M","?","?","M","R","E","R","T","R","M","?","M","M","R"],"character_chosen":"IRONCLAD","items_purchased":["Flash of Steel"],"gold_per_floor":[217,235,250,77,77,77,92,109,109,109,125,145,145,157,157,253,253,267,277,277,277,292,292,321,321,345,345,360,285,305,324,324,324],"floor_reached":33,"campfire_rested":2,"playtime":3317,"current_hp_per_floor":[80,76,77,77,82,82,85,75,85,66,72,76,76,77,77,15,95,83,83,83,83,72,72,20,48,48,48,32,32,40,29,57,0],"items_purged":["Strike_R"],"gold":324,"score":288,"play_id":"183c01a9-b54f-49c5-af1b-7a0679054f3b","local_time":"20180513233451","is_prod":false,"is_daily":false,"chose_seed":false,"is_ascension_mode":false,"campfire_upgraded":4,"timestamp":1526250891,"path_taken":["M","M","M","$","?","R","M","M","T","?","?","M","?","M","R","BOSS","M","M","?","?","M","R","E","R","T","R","?","?","M","M","R","BOSS"],"build_version":"2018-05-10","seed_source_timestamp":172826974173032,"purchased_purges":1,"victory":false,"master_deck":["Strike_R+1","Defend_R+1","Defend_R+1","Defend_R+1","Defend_R+1","Bash","Twin Strike+1","Flame Barrier+1","Thunderclap","Flash of Steel","Battle Trance+1","Pommel Strike","Heavy Blade+1","Flex+1","Clash","Pommel Strike","Limit Break","Cleave+1","Searing Blow+1","Headbutt","Anger+1","Rage+1","Flame Barrier","Flex","Clash+1"],"max_hp_per_floor":[80,80,80,80,85,85,85,85,95,95,95,95,95,95,95,95,95,95,95,95,95,95,95,95,95,95,95,95,95,95,95,95,95],"relics":["Black Blood","Pear","Anchor","War Paint"],"card_choices":[{"not_picked":["Clothesline","Sword Boomerang"],"picked":"Twin Strike","floor":1},{"not_picked":["Heavy Blade","Disarm"],"picked":"Flame Barrier","floor":2},{"not_picked":["Sword Boomerang","Whirlwind"],"picked":"Thunderclap","floor":3},{"not_picked":["Clothesline","Sword Boomerang"],"picked":"Battle Trance","floor":7},{"not_picked":["Dropkick","Perfected Strike"],"picked":"Pommel Strike","floor":8},{"not_picked":["Body Slam","Warcry"],"picked":"Heavy Blade","floor":11},{"not_picked":["Searing Blow","Iron Wave"],"picked":"Flex","floor":12},{"not_picked":["Flex","Shrug It Off"],"picked":"Pommel Strike","floor":14},{"not_picked":["Barricade","Brutality"],"picked":"Limit Break","floor":16},{"not_picked":["Disarm","Power Through"],"picked":"Cleave","floor":18},{"not_picked":["Warcry","Second Wind"],"picked":"Searing Blow","floor":19},{"not_picked":["Body Slam","Perfected Strike"],"picked":"Anger","floor":22},{"not_picked":["Warcry","Clash"],"picked":"Rage","floor":24},{"not_picked":["Dropkick","Pommel Strike"],"picked":"Flame Barrier","floor":28},{"not_picked":["Clothesline","Fire Breathing"],"picked":"Flex","floor":30},{"not_picked":["Shockwave","Offering"],"picked":"Clash","floor":31}],"player_experience":22346,"potions_floor_usage":[16,33,33,33],"damage_taken":[{"damage":0,"enemies":"Small Slimes","floor":1,"turns":4},{"damage":10,"enemies":"Jaw Worm","floor":2,"turns":4},{"damage":5,"enemies":"2 Louse","floor":3,"turns":3},{"damage":2,"enemies":"Looter","floor":7,"turns":5},{"damage":16,"enemies":"Gremlin Gang","floor":8,"turns":5},{"damage":0,"enemies":"2 Fungi Beasts","floor":11,"turns":4},{"damage":2,"enemies":"3 Louse","floor":12,"turns":3},{"damage":5,"enemies":"Lots of Slimes","floor":14,"turns":3},{"damage":77,"enemies":"Hexaghost","floor":16,"turns":11},{"damage":22,"enemies":"Chosen","floor":18,"turns":6},{"damage":10,"enemies":"2 Thieves","floor":19,"turns":4},{"damage":21,"enemies":"Snake Plant","floor":22,"turns":4},{"damage":62,"enemies":"Slavers","floor":24,"turns":5},{"damage":26,"enemies":"Centurion and Healer","floor":28,"turns":7},{"damage":2,"enemies":"Snecko","floor":30,"turns":4},{"damage":21,"enemies":"Cultist and Chosen","floor":31,"turns":6},{"damage":63,"enemies":"Collector","floor":33,"turns":6}],"event_choices":[{"event_name":"Big Fish","player_choice":"Donut","floor":5,"damage_taken":0},{"event_name":"Shining Light","player_choice":"Entered Light","floor":10,"damage_taken":0},{"event_name":"Transmorgrifier","player_choice":"Transform","floor":13,"damage_taken":0},{"event_name":"Transmorgrifier","player_choice":"Transform","floor":20,"damage_taken":0},{"event_name":"Back to Basics","player_choice":"Simplicity","floor":21,"damage_taken":0},{"event_name":"Beggar","player_choice":"Gave Gold","floor":29,"damage_taken":0}],"boss_relics":[{"not_picked":["Philosopher\u0027s Stone","Mark of Pain"],"picked":"Black Blood"}],"potions_floor_spawned":[1,3,11,14,22,24,28],"seed_played":"1055113270615604624","killed_by":"Collector","ascension_level":0,"is_trial":false}