{"gold_per_floor":[131,143,167,30,56,56,91,107,107,39,214,214,230,24,24,121,121,134,115,115,115,133,133,21,21,21,21,21,21,36,51,51,51],"floor_reached":33,"playtime":2268,"items_purged":["Doubt"],"score":243,"play_id":"1dab693d-797b-4b4a-846c-3dbed696d56a","local_time":"20190524070919","is_ascension_mode":false,"campfire_choices":[{"data":"Infinite Blades","floor":6.0,"key":"SMITH"},{"data":"Distraction","floor":12,"key":"SMITH"},{"floor":15,"key":"REST"},{"floor":23,"key":"REST"},{"floor":25,"key":"REST"},{"floor":28,"key":"REST"},{"floor":32,"key":"REST"}],"neow_cost":"NONE","seed_source_timestamp":0,"circlet_count":0,"master_deck":["Defend_G","Defend_G","Defend_G","Defend_G","Defend_G","Strike_G","Strike_G","Strike_G","Strike_G","Strike_G","Survivor","Neutralize","Distraction+1","Cloak And Dagger","Backstab","Infinite Blades+1","Footwork","Cloak And Dagger","After Image","Poisoned Stab+1","Distraction","Endless Agony+1","Necronomicurse","Backstab+1","Terror","Accuracy","Dash+1"],"special_seed":0,"relics":["Ring of the Snake","MawBank","Lantern","Bottled Flame","Molten Egg 2","Membership Card","Orrery","Necronomicon","Matryoshka","Mercury Hourglass","Blood Vial"],"potions_floor_usage":[16,22,30,31],"damage_taken":[{"damage":0.0,"enemies":"Jaw Worm","floor":1.0,"turns":6.0},{"damage":0.0,"enemies":"Cultist","floor":3.0,"turns":3.0},{"damage":27,"enemies":"Lagavulin","floor":7,"turns":11},{"damage":1,"enemies":"Small Slimes","floor":8,"turns":3},{"damage":0,"enemies":"Exordium Wildlife","floor":13,"turns":3},{"damage":60,"enemies":"The Guardian","floor":16,"turns":25},{"damage":0,"enemies":"3 Byrds","floor":18,"turns":5},{"damage":23,"enemies":"2 Thieves","floor":19,"turns":4},{"damage":16,"enemies":"Centurion and Healer","floor":22,"turns":18},{"damage":12,"enemies":"Snecko","floor":30,"turns":4},{"damage":16,"enemies":"Cultist and Chosen","floor":31,"turns":4},{"damage":86,"enemies":"Champ","floor":33,"turns":10}],"seed_played":"4723914837313844936","potions_obtained":[{"floor":8,"key":"Block Potion"},{"floor":13,"key":"Energy Potion"},{"floor":22,"key":"PowerPotion"},{"floor":30,"key":"Explosive Potion"}],"is_trial":false,"path_per_floor":["M","?","M","$","T","R","E","M","T","$","?","R","M","$","R","B",null,"M","M","?","?","M","R","$","R","T","$","R","T","M","M","R","B"],"character_chosen":"THE_SILENT","items_purchased":["Backstab","Infinite Blades","Footwork","Membership Card","Terror","Accuracy"],"campfire_rested":5,"item_purchase_floors":[4,4,10,14,24,24],"current_hp_per_floor":[70,70,70,70,70,70,43,42,42,42,42,42,42,42,63,3,70,70,47,34,18,2,24,24,46,46,46,68,68,58,44,66,0],"gold":51,"neow_bonus":"RANDOM_COMMON_RELIC","is_prod":false,"is_daily":false,"chose_seed":false,"campfire_upgraded":2,"win_rate":0,"timestamp":1558710559,"path_taken":["M","?","?","$","?","R","E","?","T","$","?","R","M","?","R","BOSS","M","M","?","?","M","R","$","R","T","$","R","?","?","M","R","BOSS"],"build_version":"2019-01-23","purchased_purges":1,"victory":false,"max_hp_per_floor":[70,70,70,70,70,70,70,70,70,70,70,70,70,70,70,70,70,70,70,75,75,75,75,75,75,75,75,75,75,75,75,75,75],"card_choices":[{"not_picked":["Slice","Eviscerate"],"picked":"Distraction","floor":1.0},{"not_picked":["Slice","Quick Slash"],"picked":"Cloak And Dagger","floor":3.0},{"not_picked":["Escape Plan","PiercingWail","Tactician"],"picked":"SKIP","floor":7},{"not_picked":["Slice","Riddle With Holes","Prepared"],"picked":"SKIP","floor":8},{"not_picked":["PiercingWail","Dagger Throw+1"],"picked":"Cloak And Dagger","floor":13},{"not_picked":["Bullet Time","Wraith Form v2"],"picked":"After Image","floor":16},{"not_picked":["Leg Sweep","Backflip"],"picked":"Poisoned Stab+1","floor":17},{"not_picked":["Eviscerate+1","Deadly Poison"],"picked":"Distraction","floor":17},{"not_picked":["Prepared","Blade Dance"],"picked":"Endless Agony+1","floor":17},{"not_picked":["Slice+1","Dagger Throw+1","Underhanded Strike+1"],"picked":"SKIP","floor":18},{"not_picked":["Deadly Poison+1","Slice+1","Bane+1"],"picked":"SKIP","floor":19},{"not_picked":["Footwork","PiercingWail+1"],"picked":"Backstab+1","floor":22},{"not_picked":["Tools of the Trade","Acrobatics"],"picked":"Dash+1","floor":30},{"not_picked":["Choke+1","Underhanded Strike+1","Deadly Poison"],"picked":"SKIP","floor":31}],"player_experience":427656,"relics_obtained":[{"floor":5.0,"key":"Lantern"},{"floor":7,"key":"Bottled Flame"},{"floor":9,"key":"Molten Egg 2"},{"floor":21,"key":"Necronomicon"},{"floor":26,"key":"Matryoshka"},{"floor":29,"key":"Mercury Hourglass"},{"floor":29,"key":"Blood Vial"}],"event_choices":[{"damage_healed":0.0,"max_hp_gain":0.0,"max_hp_loss":0.0,"gold_gain":0.0,"event_name":"The Woman in Blue","player_choice":"Bought 0 Potions","floor":2.0,"gold_loss":0.0,"damage_taken":0.0},{"damage_healed":0,"gold_gain":175,"player_choice":"AGREE","damage_taken":0,"max_hp_gain":0,"max_hp_loss":0,"event_name":"Liars Game","floor":11,"gold_loss":0,"cards_obtained":["Doubt"]},{"damage_healed":0,"gold_gain":0,"player_choice":"Shed Blood","damage_taken":18,"max_hp_gain":5,"max_hp_loss":0,"event_name":"Forgotten Altar","floor":20,"gold_loss":0},{"damage_healed":0,"gold_gain":0,"player_choice":"Obtained Book","damage_taken":16,"max_hp_gain":0,"max_hp_loss":0,"event_name":"Cursed Tome","floor":21,"gold_loss":0}],"is_beta":false,"boss_relics":[{"not_picked":["Ring of the Serpent","Runic Dome"],"picked":"Orrery"}],"items_purged_floors":[24],"is_endless":false,"potions_floor_spawned":[8,13,22,30],"killed_by":"Champ","ascension_level":0}