{"path_per_floor":["M","M","M","?","M","R","E","?","T","R","M","$","R","M","R","B",null,"M","M","M","M","M","R","?","?","T","M","R","E","$","M","R","B",null,"M","?","?","M","M","E","R","E","T","R","?","M","M","$","R","B"],"character_chosen":"IRONCLAD","items_purchased":["Good Instincts","War Paint"],"gold_per_floor":[109,126,141,141,151,151,176,176,224,224,237,64,64,77,77,206,206,230,243,256,271,284,284,199,199,224,240,240,274,22,40,40,164,164,183,0,0,18,38,69,69,110,110,110,110,125,141,16,16,16],"floor_reached":51,"campfire_rested":6,"playtime":5991,"current_hp_per_floor":[80,80,80,64,57,57,55,35,35,35,34,34,58,64,64,70,80,66,48,25,19,10,34,34,60,60,32,32,29,29,41,80,8,80,80,80,70,73,80,19,58,7,7,46,46,52,36,36,75,14],"items_purged":["Strike_R","Strike_R","Strike_R"],"gold":16,"score":731,"play_id":"7483ff78-ad10-4997-809b-81c425070465","local_time":"20180513205443","is_prod":false,"is_daily":false,"chose_seed":false,"is_ascension_mode":false,"campfire_upgraded":4,"timestamp":1526241283,"path_taken":["M","M","M","?","M","R","E","?","T","R","M","$","R","?","R","BOSS","M","M","M","M","M","R","?","?","T","M","R","E","?","M","R","BOSS","M","?","?","?","M","E","R","E","T","R","?","M","M","$","R","BOSS"],"build_version":"2018-05-10","seed_source_timestamp":160344787048954,"purchased_purges":3,"victory":true,"master_deck":["Strike_R","Strike_R","Defend_R","Defend_R+1","Defend_R","Defend_R+1","Bash","Anger+1","Iron Wave+1","Clash+1","Cleave+1","Pummel","Carnage","Good Instincts","Seeing Red+1","Double Tap","Clash","Rage+1","Searing Blow","Anger","Anger","Reaper+1","Clash","Demon Form","Iron Wave+1","Dramatic Entrance","Secret Technique","Jack Of All Trades","Whirlwind","Heavy Blade","Infernal Blade","Metallicize+1"],"max_hp_per_floor":[80,80,80,80,80,80,80,80,80,80,80,80,80,80,80,80,80,80,80,80,80,80,80,80,80,80,80,80,80,80,80,80,80,80,80,80,80,80,80,80,80,80,80,80,80,80,80,80,80,80],"relics":["Burning Blood","NeowsBlessing","Ornamental Fan","Golden Idol","Vajra","Lizard Tail","Lantern","Happy Flower","Regal Pillow","War Paint","White Beast Statue","Red Mask","Bag of Preparation","Mercury Hourglass","Gambling Chip"],"card_choices":[{"not_picked":["Headbutt","Disarm"],"picked":"Anger","floor":1},{"not_picked":["Armaments","Thunderclap"],"picked":"Iron Wave","floor":2},{"not_picked":["Shrug It Off","Perfected Strike"],"picked":"Clash","floor":3},{"not_picked":["Infernal Blade","Armaments"],"picked":"Cleave","floor":5},{"not_picked":["Flex","Clothesline"],"picked":"Pummel","floor":7},{"not_picked":["Feel No Pain","Thunderclap"],"picked":"Carnage","floor":11},{"not_picked":["Second Wind","Reckless Charge"],"picked":"Seeing Red","floor":14},{"not_picked":["Reaper","Feed"],"picked":"Double Tap","floor":16},{"not_picked":["Dual Wield","Dropkick"],"picked":"Clash","floor":18},{"not_picked":["Power Through","Flex"],"picked":"Rage","floor":19},{"not_picked":["Body Slam","Hemokinesis"],"picked":"Searing Blow","floor":20},{"not_picked":["Thunderclap","Shrug It Off"],"picked":"Anger","floor":21},{"not_picked":["Thunderclap","Warcry"],"picked":"Anger","floor":22},{"not_picked":["Warcry","Fire Breathing"],"picked":"Reaper","floor":27},{"not_picked":["Pummel","Spot Weakness"],"picked":"Clash","floor":31},{"not_picked":["Limit Break","Juggernaut"],"picked":"Demon Form","floor":33},{"not_picked":["Warcry","Bloodletting"],"picked":"Iron Wave","floor":35},{"not_picked":["Sadistic Nature","Panacea"],"picked":"Dramatic Entrance","floor":37},{"not_picked":["Transmutation","Good Instincts"],"picked":"Secret Technique","floor":37},{"not_picked":["Sadistic Nature","Madness"],"picked":"Jack Of All Trades","floor":37},{"not_picked":["Perfected Strike","Searing Blow"],"picked":"Whirlwind","floor":38},{"not_picked":["Shockwave","Blood for Blood"],"picked":"Heavy Blade","floor":39},{"not_picked":["Disarm","Sword Boomerang"],"picked":"Infernal Blade","floor":42},{"not_picked":["Intimidate","Clothesline"],"picked":"Metallicize","floor":47}],"player_experience":10189,"potions_floor_usage":[33,33,40,46,50,50,50],"damage_taken":[{"damage":0,"enemies":"Small Slimes","floor":1,"turns":1},{"damage":0,"enemies":"Jaw Worm","floor":2,"turns":1},{"damage":0,"enemies":"2 Louse","floor":3,"turns":1},{"damage":13,"enemies":"Red Slaver","floor":5,"turns":5},{"damage":8,"enemies":"Lagavulin","floor":7,"turns":5},{"damage":7,"enemies":"Exordium Wildlife","floor":11,"turns":5},{"damage":0,"enemies":"Looter","floor":14,"turns":3},{"damage":0,"enemies":"Slime Boss","floor":16,"turns":5},{"damage":20,"enemies":"Spheric Guardian","floor":18,"turns":4},{"damage":24,"enemies":"3 Byrds","floor":19,"turns":4},{"damage":29,"enemies":"Snake Plant","floor":20,"turns":4},{"damage":12,"enemies":"Centurion and Healer","floor":21,"turns":5},{"damage":15,"enemies":"3 Cultists","floor":22,"turns":5},{"damage":34,"enemies":"Snecko","floor":27,"turns":5},{"damage":27,"enemies":"Slavers","floor":29,"turns":5},{"damage":0,"enemies":"Chosen and Byrds","floor":31,"turns":5},{"damage":133,"enemies":"Collector","floor":33,"turns":13},{"damage":1,"enemies":"Orb Walker","floor":35,"turns":3},{"damage":13,"enemies":"3 Darklings","floor":38,"turns":6},{"damage":10,"enemies":"Maw","floor":39,"turns":8},{"damage":79,"enemies":"2 Orb Walkers","floor":40,"turns":6},{"damage":66,"enemies":"Nemesis","floor":42,"turns":7},{"damage":0,"enemies":"Sphere and 2 Shapes","floor":46,"turns":2},{"damage":22,"enemies":"4 Shapes","floor":47,"turns":3},{"damage":91,"enemies":"Awakened One","floor":50,"turns":10}],"event_choices":[{"event_name":"Shining Light","player_choice":"Entered Light","floor":4,"damage_taken":0},{"event_name":"Golden Idol","player_choice":"Take Damage","floor":8,"damage_taken":0},{"event_name":"Addict","player_choice":"Obtained Relic","floor":24,"damage_taken":0},{"event_name":"The Library","player_choice":"Heal","floor":25,"damage_taken":0},{"event_name":"Tomb of Lord Red Mask","player_choice":"Paid","floor":36,"damage_taken":0},{"event_name":"SensoryStone","player_choice":"Memory 3","floor":37,"damage_taken":0},{"event_name":"Mysterious Sphere","player_choice":"Ignore","floor":45,"damage_taken":0}],"boss_relics":[{"not_picked":["Eternal Feather","Runic Dome"],"picked":"Lizard Tail"},{"not_picked":["Snecko Eye","Cursed Key"],"picked":"White Beast Statue"}],"potions_floor_spawned":[3,7,14,20,27,31,33,35,38,39,40,42,46,47],"seed_played":"-5623418589117980783","ascension_level":0,"is_trial":false}