{"path_per_floor":["M","M","?","?","$","E","M","M","T","E","R","M","M","$","R","B",null,"M","M","$","M","?","E","R","?","T","R","E","M","$","M","R","B",null,"M","?","$","M","?","E","R","M","T","M","R","$","M","M","R","B"],"character_chosen":"THE_SILENT","items_purchased":["Noxious Fumes","Master of Strategy","Poisoned Stab","Noxious Fumes"],"gold_per_floor":[359,369,369,369,34,65,79,99,99,126,126,141,157,3,3,102,102,118,98,98,116,31,64,64,64,64,64,91,105,37,56,56,159,159,169,269,144,159,159,194,194,207,207,221,221,71,82,98,98,98],"floor_reached":51,"campfire_rested":3,"playtime":12610,"item_purchase_floors":[],"current_hp_per_floor":[63,63,68,61,61,49,49,49,49,48,48,47,47,47,47,38,68,68,68,68,67,67,45,45,45,45,45,45,37,37,45,65,28,68,61,61,61,55,46,32,67,42,42,35,68,68,68,67,67,4],"items_purged":["Strike_G","Strike_G","Strike_G","Strike_G"],"gold":98,"score":704,"play_id":"462214da-19e5-4837-b245-7ec14e16237d","local_time":"20180528190244","is_prod":false,"is_daily":false,"chose_seed":false,"is_ascension_mode":false,"campfire_upgraded":5,"win_rate":0.0,"timestamp":1527530564,"campfire_choices":[{"data":"Noxious Fumes","floor":11.0,"key":"SMITH"},{"data":"Calculated Gamble","floor":15.0,"key":"SMITH"},{"data":"Neutralize","floor":24.0,"key":"SMITH"},{"data":"Footwork","floor":27.0,"key":"SMITH"},{"floor":32.0,"key":"REST"},{"floor":41,"key":"REST"},{"floor":45,"key":"REST"},{"data":"Acrobatics","floor":49,"key":"SMITH"}],"path_taken":["M","?","?","?","$","E","M","M","T","E","R","M","?","$","R","BOSS","M","M","$","M","?","E","R","?","T","R","E","M","$","?","R","BOSS","M","?","$","M","?","E","R","M","T","M","R","$","M","?","R","BOSS"],"build_version":"2018-05-24","seed_source_timestamp":0,"purchased_purges":4,"victory":true,"master_deck":["Defend_G","Defend_G","Defend_G","Defend_G","Defend_G","Survivor","Neutralize+1","Well Laid Plans","Noxious Fumes+1","Master of Strategy","Footwork+1","Outmaneuver","Prepared","Calculated Gamble+1","Poisoned Stab","Burst","Dagger Throw","Bane+1","Terror","Underhanded Strike","Noxious Fumes","Acrobatics+1","Deflect+1","Madness","Madness","Backflip+1","Noxious Fumes+1","Calculated Gamble+1","Bouncing Flask+1","Adrenaline"],"max_hp_per_floor":[63,63,68,68,68,68,68,68,68,68,68,68,68,68,68,68,68,68,68,68,68,68,68,68,68,68,68,68,68,68,68,68,68,68,68,68,68,68,68,68,68,68,68,68,68,68,68,68,68,68],"relics":["Ring of the Snake","Mercury Hourglass","Dodecahedron","Tough Bandages","White Beast Statue","Snake Skull","Oddly Smooth Stone","Prayer Wheel","Orichalcum","Philosopher\u0027s Stone","Regal Pillow","Omamori"],"card_choices":[{"not_picked":["Poisoned Stab","Prepared"],"picked":"Well Laid Plans","floor":1.0},{"not_picked":["Blade Dance","Dagger Spray","Sucker Punch"],"picked":"SKIP","floor":2.0},{"not_picked":["Quick Slash","Poisoned Stab"],"picked":"Footwork","floor":6.0},{"not_picked":["Caltrops","Well Laid Plans","Dagger Spray"],"picked":"SKIP","floor":7.0},{"not_picked":["Prepared","Sucker Punch"],"picked":"Outmaneuver","floor":8.0},{"not_picked":["Backflip","Calculated Gamble"],"picked":"Prepared","floor":10.0},{"not_picked":["Backstab","Skewer"],"picked":"Calculated Gamble","floor":12.0},{"not_picked":["Backflip","Doppelganger","Blade Dance"],"picked":"SKIP","floor":13.0},{"not_picked":["Venomology","After Image"],"picked":"Burst","floor":16.0},{"not_picked":["Dodge and Roll","Quick Slash"],"picked":"Dagger Throw","floor":18.0},{"not_picked":["Eviscerate","Underhanded Strike+1"],"picked":"Bane+1","floor":19.0},{"not_picked":["Blur+1","Acrobatics"],"picked":"Terror","floor":21.0},{"not_picked":["Footwork","Deflect","Outmaneuver+1"],"picked":"SKIP","floor":23.0},{"not_picked":["A Thousand Cuts","Riddle With Holes+1"],"picked":"Underhanded Strike","floor":28.0},{"not_picked":["Choke","Deflect","Reflex"],"picked":"SKIP","floor":29.0},{"not_picked":["Terror","Leg Sweep","Crippling Poison"],"picked":"SKIP","floor":29.0},{"not_picked":["Deflect+1","Leg Sweep"],"picked":"Acrobatics","floor":31.0},{"not_picked":["Poisoned Stab","Leg Sweep+1","Endless Agony"],"picked":"SKIP","floor":31.0},{"not_picked":["Underhanded Strike+1","Masterful Stab+1"],"picked":"Deflect+1","floor":35},{"not_picked":["All Out Attack","Poisoned Stab+1","Outmaneuver"],"picked":"SKIP","floor":35},{"not_picked":["Terror","Slice+1","Prepared"],"picked":"SKIP","floor":38},{"not_picked":["Reflex","Dodge and Roll+1","Flechettes"],"picked":"SKIP","floor":38},{"not_picked":["Footwork","Malaise+1"],"picked":"Backflip+1","floor":40},{"not_picked":["Flying Knee","Backstab"],"picked":"Noxious Fumes+1","floor":42},{"not_picked":["PiercingWail+1","Endless Agony+1","Riddle With Holes+1"],"picked":"SKIP","floor":42},{"not_picked":["Quick Slash+1","Prepared+1"],"picked":"Calculated Gamble+1","floor":44},{"not_picked":["PiercingWail+1","Leg Sweep+1","Prepared+1"],"picked":"SKIP","floor":44},{"not_picked":["Backstab+1","Outmaneuver"],"picked":"Bouncing Flask+1","floor":47},{"not_picked":["Sucker Punch+1","Terror+1","Deadly Poison+1"],"picked":"SKIP","floor":47},{"not_picked":["Dash+1","Prepared+1"],"picked":"Adrenaline","floor":48},{"not_picked":["Sucker Punch","Heel Hook","Calculated Gamble+1"],"picked":"SKIP","floor":48}],"player_experience":163364,"potions_floor_usage":[33,38,42,47,48,50,50,50],"damage_taken":[{"damage":0.0,"enemies":"Cultist","floor":1.0,"turns":4.0},{"damage":0.0,"enemies":"2 Louse","floor":2.0,"turns":3.0},{"damage":12.0,"enemies":"3 Sentries","floor":6.0,"turns":9.0},{"damage":0.0,"enemies":"Small Slimes","floor":7.0,"turns":4.0},{"damage":0.0,"enemies":"Exordium Wildlife","floor":8.0,"turns":6.0},{"damage":1.0,"enemies":"Lagavulin","floor":10.0,"turns":10.0},{"damage":10.0,"enemies":"Lots of Slimes","floor":12.0,"turns":3.0},{"damage":0.0,"enemies":"Red Slaver","floor":13.0,"turns":4.0},{"damage":9.0,"enemies":"Slime Boss","floor":16.0,"turns":12.0},{"damage":0.0,"enemies":"Shell Parasite","floor":18.0,"turns":7.0},{"damage":0.0,"enemies":"2 Thieves","floor":19.0,"turns":4.0},{"damage":1.0,"enemies":"Snake Plant","floor":21.0,"turns":3.0},{"damage":22.0,"enemies":"Gremlin Leader","floor":23.0,"turns":10.0},{"damage":0.0,"enemies":"Slavers","floor":28.0,"turns":6.0},{"damage":8.0,"enemies":"Sentry and Sphere","floor":29.0,"turns":7.0},{"damage":6.0,"enemies":"Cultist and Chosen","floor":31.0,"turns":5.0},{"damage":37,"enemies":"Automaton","floor":33,"turns":9},{"damage":7,"enemies":"3 Shapes","floor":35,"turns":3},{"damage":6,"enemies":"3 Darklings","floor":38,"turns":5},{"damage":14,"enemies":"Giant Head","floor":40,"turns":10},{"damage":25,"enemies":"Sphere and 2 Shapes","floor":42,"turns":6},{"damage":7,"enemies":"4 Shapes","floor":44,"turns":4},{"damage":0,"enemies":"Maw","floor":47,"turns":6},{"damage":1,"enemies":"Sphere and 2 Shapes","floor":48,"turns":5},{"damage":78,"enemies":"Time Eater","floor":50,"turns":13}],"relics_obtained":[{"floor":6.0,"key":"Mercury Hourglass"},{"floor":9.0,"key":"Dodecahedron"},{"floor":10.0,"key":"Tough Bandages"},{"floor":23.0,"key":"Oddly Smooth Stone"},{"floor":26.0,"key":"Prayer Wheel"},{"floor":28.0,"key":"Orichalcum"},{"floor":40,"key":"Regal Pillow"},{"floor":43,"key":"Omamori"}],"event_choices":[{"event_name":"Big Fish","player_choice":"Donut","floor":3.0,"damage_taken":0.0},{"event_name":"Golden Wing","player_choice":"Card Removal","floor":4.0,"damage_taken":0.0},{"event_name":"Addict","player_choice":"Obtained Relic","floor":22.0,"damage_taken":0.0},{"event_name":"Vampires","player_choice":"Ignored","floor":25.0,"damage_taken":0.0},{"event_name":"Golden Shrine","player_choice":"Pray","floor":36,"damage_taken":0},{"event_name":"Winding Halls","player_choice":"Embrace Madness","floor":39,"damage_taken":0}],"boss_relics":[{"not_picked":["Velvet Choker","Calling Bell"],"picked":"Philosopher\u0027s Stone"}],"items_purged_floors":[],"potions_floor_spawned":[1,10,13,18,19,21,23,28,29,31,33,35,38,40,42,44,47,48],"seed_played":"3558942098269636226","ascension_level":0,"potions_obtained":[{"floor":1.0,"key":"Regen Potion"},{"floor":10.0,"key":"AttackPotion"},{"floor":13.0,"key":"LiquidBronze"},{"floor":18.0,"key":"LiquidBronze"},{"floor":19.0,"key":"GhostInAJar"},{"floor":21.0,"key":"Poison Potion"},{"floor":23.0,"key":"GamblersBrew"},{"floor":28.0,"key":"GhostInAJar"},{"floor":29.0,"key":"Regen Potion"},{"floor":31.0,"key":"Strength Potion"},{"floor":33,"key":"Weak Potion"},{"floor":35,"key":"GamblersBrew"},{"floor":38,"key":"Energy Potion"},{"floor":40,"key":"Poison Potion"},{"floor":42,"key":"AttackPotion"},{"floor":47,"key":"Fire Potion"},{"floor":48,"key":"Regen Potion"}],"is_trial":false}