{"gold_per_floor":[11,11,26,26,82,82,99,99,99,125,125,151,163,183,183,281,281,297,16,33,51,51,51,51],"floor_reached":24,"playtime":1149,"items_purged":[],"score":293,"play_id":"284649b5-df67-4a52-bbb9-f93cc25da52a","local_time":"20180629223002","is_ascension_mode":true,"campfire_choices":[{"data":"Consume","floor":6,"key":"SMITH"},{"data":"Leap","floor":8,"key":"SMITH"},{"data":"Zap","floor":11,"key":"SMITH"},{"floor":15,"key":"REST"},{"data":"Capacitor","floor":23,"key":"SMITH"}],"neow_cost":"NO_GOLD","seed_source_timestamp":17664071558808,"circlet_count":0,"master_deck":["Strike_B","Strike_B","Strike_B","Strike_B","Defend_B","Defend_B","Defend_B","Defend_B","Zap+1","Dualcast","Core Surge+1","Coolheaded","Consume+1","Leap+1","Purity","BootSequence+1","Redo+1","Capacitor+1","Hologram+1","Glacier+1","Self Repair","Ghostly+1","Ghostly+1","Ghostly+1","Ghostly+1","Ghostly+1"],"relics":["Cracked Core","Toxic Egg 2","Boot","Vajra","Runic Dome","Runic Capacitor"],"potions_floor_usage":[12,14,16,18,20],"damage_taken":[{"damage":0,"enemies":"2 Louse","floor":1,"turns":2},{"damage":5,"enemies":"Jaw Worm","floor":3,"turns":3},{"damage":1,"enemies":"Cultist","floor":7,"turns":3},{"damage":26,"enemies":"Lagavulin","floor":10,"turns":6},{"damage":18,"enemies":"Gremlin Nob","floor":12,"turns":3},{"damage":0,"enemies":"Looter","floor":13,"turns":2},{"damage":0,"enemies":"Exordium Thugs","floor":14,"turns":3},{"damage":18,"enemies":"The Guardian","floor":16,"turns":9},{"damage":9,"enemies":"Shell Parasite","floor":18,"turns":6},{"damage":0,"enemies":"2 Thieves","floor":20,"turns":4},{"damage":6,"enemies":"Snake Plant","floor":21,"turns":5},{"damage":39,"enemies":"Slavers","floor":24,"turns":3}],"seed_played":"-7507451896691042818","potions_obtained":[{"floor":7,"key":"Swift Potion"},{"floor":12,"key":"SpeedPotion"},{"floor":13,"key":"PowerPotion"},{"floor":16,"key":"Block Potion"},{"floor":18,"key":"EssenceOfSteel"}],"is_trial":false,"path_per_floor":["M","?","M","?","?","R","M","R","T","E","R","E","M","M","R","B",null,"M","$","M","M","?","R"],"character_chosen":"DEFECT","items_purchased":["Glacier+1","Runic Capacitor"],"campfire_rested":1,"item_purchase_floors":[19,19],"current_hp_per_floor":[68,68,63,63,63,63,62,62,62,36,36,18,18,18,40,22,62,53,53,53,47,37,37,0],"gold":51,"neow_bonus":"THREE_RARE_CARDS","is_prod":false,"is_daily":false,"chose_seed":false,"campfire_upgraded":4,"win_rate":0,"timestamp":1530325802,"path_taken":["M","?","M","?","?","R","M","R","T","E","R","E","M","?","R","BOSS","M","$","M","M","?","R","E"],"build_version":"2018-06-28","purchased_purges":0,"victory":false,"max_hp_per_floor":[75,75,75,75,75,75,75,75,75,75,75,75,75,75,75,75,75,75,75,75,75,37,37,37],"card_choices":[{"not_picked":["Machine Learning","Reboot"],"picked":"Core Surge","floor":0},{"not_picked":["Reinforced Body","Leap"],"picked":"Coolheaded","floor":1},{"not_picked":["Genetic Algorithm","Ball Lightning"],"picked":"Consume","floor":3},{"not_picked":["Steam","Ball Lightning","Defragment"],"picked":"SKIP","floor":7},{"not_picked":["Compile Driver","Rip and Tear"],"picked":"BootSequence+1","floor":10},{"not_picked":["Ball Lightning","Undo+1"],"picked":"Redo+1","floor":12},{"not_picked":["Creative AI","Streamline"],"picked":"Capacitor","floor":13},{"not_picked":["Reprogram+1","Cold Snap"],"picked":"Hologram+1","floor":14},{"not_picked":["Compile Driver","Go for the Eyes+1","Gash"],"picked":"SKIP","floor":18},{"not_picked":["Streamline","Steam+1"],"picked":"Self Repair","floor":20},{"not_picked":["Defragment","Go for the Eyes","Reinforced Body+1"],"picked":"SKIP","floor":21}],"player_experience":344795,"relics_obtained":[{"floor":9,"key":"Toxic Egg 2"},{"floor":10,"key":"Boot"},{"floor":12,"key":"Vajra"}],"event_choices":[{"event_name":"Living Wall","player_choice":"Grow","floor":2,"damage_taken":0},{"event_name":"Match and Keep!","player_choice":"2 cards matched","floor":4,"damage_taken":0},{"event_name":"Golden Wing","player_choice":"Gained Gold","floor":5,"damage_taken":0},{"event_name":"Ghosts","player_choice":"Became a Ghost","floor":22,"damage_taken":0}],"boss_relics":[{"not_picked":["Lizard Tail","Velvet Choker"],"picked":"Runic Dome"}],"items_purged_floors":[],"is_endless":false,"potions_floor_spawned":[7,12,13,16,18],"killed_by":"Slavers","ascension_level":6}