{"path_per_floor":["M","$","?","M","?","R","M","R","T","$","M","E","R","M","R","B",null,"M","$","?","?","$","E","M"],"character_chosen":"THE_SILENT","items_purchased":["Accuracy"],"gold_per_floor":[112,37,37,50,50,50,66,66,92,56,73,106,106,116,116,219,219,230,130,130,130,5,35,49],"floor_reached":25,"campfire_rested":0,"playtime":1182,"current_hp_per_floor":[58,58,58,58,58,58,70,70,70,70,70,58,58,58,58,36,62,47,47,47,47,47,13,13],"items_purged":["Strike_G","Strike_G","Parasite"],"gold":49,"score":339,"play_id":"0a0717e1-417c-41ca-9552-6d775df3cb7d","is_prod":false,"is_daily":false,"is_ascension_mode":true,"campfire_upgraded":4,"path_taken":["M","$","?","?","?","R","M","R","T","?","M","E","R","?","R","BOSS","M","$","?","?","$","E","?","M"],"build_version":"2018-02-22-PROD2","purchased_purges":3,"victory":false,"master_deck":["Defend_G+1","Defend_G+1","Defend_G+1","Defend_G+1","Defend_G+1","Strike_G+1","Strike_G+1","Strike_G+1","Survivor","Neutralize+1","Cloak And Dagger+1","Dagger Spray+1","Accuracy+1","Skewer+1","Backflip","Venomology","Predator","Accuracy","Cloak And Dagger+1","Footwork"],"max_hp_per_floor":[70,70,70,70,70,70,70,70,70,70,70,70,70,70,70,70,70,70,70,70,70,67,67,67],"relics":["Velvet Choker","Oddly Smooth Stone","Orrery","Nloth\u0027s Gift","Paper Crane"],"card_choices":[{"not_picked":["Crippling Poison","Deadly Poison"],"picked":"Cloak And Dagger"},{"not_picked":["Tools of the Trade","Prepared"],"picked":"Dagger Spray"},{"not_picked":["Malaise","Escape Plan"],"picked":"Skewer"},{"not_picked":["Slice","Deadly Poison"],"picked":"Backflip"},{"not_picked":["Tactician","Storm of Steel"],"picked":"Venomology"},{"not_picked":["Cloak And Dagger","Calculated Gamble"],"picked":"Predator"},{"not_picked":["Acrobatics","Dagger Throw"],"picked":"Accuracy"},{"not_picked":["Night Terror","A Thousand Cuts"],"picked":"Cloak And Dagger"},{"not_picked":["Deadly Poison","Poisoned Stab"],"picked":"Footwork"}],"player_experience":265389,"potions_floor_usage":[7,16,16,18,18,23,25],"damage_taken":[{"damage":5,"enemies":"Jaw Worm","floor":1,"turns":5},{"damage":0,"enemies":"Cultist","floor":4,"turns":5},{"damage":0,"enemies":"Small Slimes","floor":7,"turns":5},{"damage":0,"enemies":"2 Fungi Beasts","floor":11,"turns":3},{"damage":12,"enemies":"Lagavulin","floor":12,"turns":9},{"damage":0,"enemies":"Blue Slaver","floor":14,"turns":4},{"damage":22,"enemies":"The Guardian","floor":16,"turns":11},{"damage":15,"enemies":"Shell Parasite","floor":18,"turns":5},{"damage":34,"enemies":"Gremlin Leader","floor":23,"turns":8},{"damage":0,"enemies":"3 Byrds","floor":24,"turns":4},{"damage":9,"enemies":"3 Cultists","floor":25,"turns":4}],"event_choices":[{"event_name":"Upgrade Shrine","player_choice":"Upgraded","floor":3,"damage_taken":0},{"event_name":"The Lab","player_choice":"Got Potions","floor":5,"damage_taken":0},{"event_name":"N\u0027loth","player_choice":"Traded a Bag of Preparation","floor":20,"damage_taken":0},{"event_name":"Back to Basics","player_choice":"Simplicity","floor":21,"damage_taken":0}],"boss_relics":[{"not_picked":["Question Card","Astrolabe"],"picked":"Orrery"}],"potions_floor_spawned":[1,4,11,14,16],"seed_played":"-7271614996552314388","killed_by":"3 Cultists","ascension_level":11,"is_trial":false}