{"path_per_floor":["M","M","$","M","$","R","M","?","T","R","$","E","R","M","R","B",null,"M","$","M","?"],"character_chosen":"THE_SILENT","items_purchased":["Dagger Spray"],"gold_per_floor":[117,130,55,66,13,13,30,30,55,55,55,84,84,95,95,199,199,214,114,134,134],"floor_reached":22,"campfire_rested":1,"playtime":1033,"current_hp_per_floor":[61,61,61,61,61,61,57,57,57,57,57,50,50,21,41,19,55,28,28,3,3],"items_purged":["Parasite","Injury"],"gold":134,"score":285,"play_id":"5756ee78-b36f-4ad2-8e9a-c5b8f5f0af22","is_prod":false,"is_daily":false,"is_ascension_mode":true,"campfire_upgraded":3,"path_taken":["M","?","?","M","?","R","M","?","T","R","$","E","R","M","R","BOSS","M","$","M","?","M"],"build_version":"2018-02-22-PROD2","purchased_purges":2,"victory":false,"master_deck":["Defend_G","Defend_G","Defend_G","Defend_G","Defend_G","Strike_G","Strike_G","Strike_G","Strike_G","Strike_G","Survivor","Neutralize+1","Malaise+1","Footwork+1","Footwork+1","Dagger Spray+1","Catalyst","Deadly Poison"],"max_hp_per_floor":[70,70,67,67,67,67,67,67,67,67,67,67,67,67,67,67,67,67,67,67,67],"relics":["Ring of the Snake","Bag of Marbles","Dodecahedron","Philosopher\u0027s Stone"],"card_choices":[{"not_picked":["Backflip","Finisher"],"picked":"Malaise"},{"not_picked":["Blur","Acrobatics"],"picked":"Footwork"},{"not_picked":["Deadly Poison","Bane"],"picked":"Footwork"},{"not_picked":["PiercingWail","Cloak And Dagger"],"picked":"Catalyst"},{"not_picked":["Flying Knee","Deflect"],"picked":"Deadly Poison"}],"player_experience":278127,"potions_floor_usage":[16,20],"damage_taken":[{"damage":2,"enemies":"Cultist","floor":1,"turns":5},{"damage":0,"enemies":"2 Louse","floor":2,"turns":6},{"damage":0,"enemies":"Jaw Worm","floor":4,"turns":7},{"damage":4,"enemies":"Large Slime","floor":7,"turns":14},{"damage":7,"enemies":"3 Sentries","floor":12,"turns":11},{"damage":29,"enemies":"Gremlin Gang","floor":14,"turns":8},{"damage":22,"enemies":"Slime Boss","floor":16,"turns":24},{"damage":27,"enemies":"Spheric Guardian","floor":18,"turns":10},{"damage":25,"enemies":"2 Thieves","floor":20,"turns":5},{"damage":0,"enemies":"3 Cultists","floor":22,"turns":2}],"event_choices":[{"event_name":"Accursed Blacksmith","player_choice":"Forge","floor":8,"damage_taken":0},{"event_name":"Drug Dealer","player_choice":"Ignored","floor":21,"damage_taken":0}],"boss_relics":[{"not_picked":["Runic Pyramid","Orrery"],"picked":"Philosopher\u0027s Stone"}],"potions_floor_spawned":[1,14,16],"seed_played":"6357453096215612882","killed_by":"3 Cultists","ascension_level":11,"is_trial":false}