{"gold_per_floor":[114,132,146,156,2,2,28,28,28,59,59,73,73,90,90,161,161,181,181,96,114,114],"floor_reached":22,"playtime":901,"items_purged":["Strike_R"],"score":418,"play_id":"a76f4913-1453-4efc-96d4-d7649164ae30","local_time":"20180715173352","is_ascension_mode":true,"campfire_choices":[{"data":"Armaments","floor":6,"key":"SMITH"},{"floor":8,"key":"REST"},{"floor":15,"key":"DIG"}],"neow_cost":"NONE","seed_source_timestamp":123002511524078,"circlet_count":0,"master_deck":["Bash","AscendersBane","True Grit","Iron Wave","Flex","Armaments+1","Barricade","Flame Barrier","Body Slam+1","Double Tap","Ghostly Armor","Thunderclap","Sword Boomerang","Evolve","Metallicize","Flex","Second Wind","Intimidate+1"],"relics":["Sozu","Singing Bowl","Shovel","Ginger","Calipers","Pandora\u0027s Box","Ancient Tea Set"],"potions_floor_usage":[],"damage_taken":[{"damage":7,"enemies":"Jaw Worm","floor":1,"turns":2},{"damage":2,"enemies":"2 Louse","floor":2,"turns":3},{"damage":1,"enemies":"Cultist","floor":3,"turns":3},{"damage":9,"enemies":"Exordium Thugs","floor":4,"turns":5},{"damage":35,"enemies":"Gremlin Nob","floor":7,"turns":5},{"damage":5,"enemies":"3 Sentries","floor":10,"turns":13},{"damage":0,"enemies":"3 Louse","floor":12,"turns":3},{"damage":7,"enemies":"Exordium Wildlife","floor":14,"turns":5},{"damage":0,"enemies":"Hexaghost","floor":16,"turns":11},{"damage":0,"enemies":"Spheric Guardian","floor":18,"turns":8},{"damage":0,"enemies":"Shell Parasite","floor":21,"turns":6},{"damage":85,"enemies":"3 Cultists","floor":22,"turns":7}],"seed_played":"2523830858852629976","potions_obtained":[],"is_trial":false,"path_per_floor":["M","M","M","M","$","R","E","R","T","E","?","M","?","M","R","B",null,"M","?","?","M"],"character_chosen":"IRONCLAD","items_purchased":["Barricade"],"campfire_rested":1,"item_purchase_floors":[5],"current_hp_per_floor":[61,59,58,49,49,49,16,39,39,34,27,27,27,22,22,22,65,67,67,67,67,0],"gold":114,"neow_bonus":"BOSS_RELIC","is_prod":false,"is_daily":false,"chose_seed":false,"campfire_upgraded":1,"win_rate":0,"timestamp":1531690432,"path_taken":["M","M","M","M","$","R","E","R","T","E","?","M","?","M","R","BOSS","M","?","?","M","M"],"build_version":"2018-07-12","purchased_purges":1,"victory":false,"max_hp_per_floor":[75,75,75,75,75,75,77,77,77,77,77,77,77,79,79,79,79,81,81,81,81,81],"card_choices":[{"not_picked":["Clothesline","Pommel Strike"],"picked":"True Grit","floor":1},{"not_picked":["Disarm","Rupture"],"picked":"Iron Wave","floor":2},{"not_picked":["Blood for Blood","Metallicize"],"picked":"Flex","floor":3},{"not_picked":["Anger","Iron Wave"],"picked":"Armaments","floor":4},{"not_picked":["Brutality","Demon Form","Pummel"],"picked":"Singing Bowl","floor":7},{"not_picked":["Blood for Blood","Uppercut"],"picked":"Flame Barrier","floor":10},{"not_picked":["Headbutt","Thunderclap"],"picked":"Body Slam","floor":12},{"not_picked":["Hemokinesis","Twin Strike","Rage"],"picked":"Singing Bowl","floor":14},{"not_picked":["Dark Embrace","Feed"],"picked":"Double Tap","floor":16},{"not_picked":["Havoc","Intimidate","Twin Strike+1"],"picked":"Singing Bowl","floor":18},{"not_picked":["Searing Blow","Fire Breathing"],"picked":"Intimidate+1","floor":21}],"player_experience":469482,"relics_obtained":[{"floor":7,"key":"Singing Bowl"},{"floor":9,"key":"Shovel"},{"floor":10,"key":"Ginger"},{"floor":15,"key":"Calipers"}],"event_choices":[{"event_name":"Golden Wing","player_choice":"Card Removal","floor":11,"damage_taken":0},{"event_name":"Living Wall","player_choice":"Grow","floor":13,"damage_taken":0},{"event_name":"Drug Dealer","player_choice":"Ignored","floor":19,"damage_taken":0},{"event_name":"Addict","player_choice":"Obtained Relic","floor":20,"damage_taken":0}],"boss_relics":[{"not_picked":["Philosopher\u0027s Stone","Velvet Choker"],"picked":"Pandora\u0027s Box"}],"items_purged_floors":[5],"is_endless":false,"potions_floor_spawned":[2,7,12,14,18],"killed_by":"3 Cultists","ascension_level":14}