{"gold_per_floor":[115,115,115,133,146,146,176,176,176,201,201,217,217],"floor_reached":13,"playtime":440,"items_purged":[],"score":140,"play_id":"f1d2e3ae-caeb-4194-af44-eb1fd9830028","local_time":"20180707132932","is_ascension_mode":true,"campfire_choices":[{"data":"Zap","floor":6,"key":"SMITH"},{"data":"Glacier","floor":11,"key":"SMITH"}],"neow_cost":"NONE","seed_source_timestamp":627010481419662,"circlet_count":0,"master_deck":["Strike_B","Strike_B","Strike_B+1","Strike_B","Defend_B","Defend_B","Defend_B","Defend_B","Zap+1","Dualcast+1","AscendersBane","Glacier+1","White Noise","Coolheaded","Leap","Stack","Stack"],"relics":["Cracked Core","Singing Bowl","Blue Candle","Prayer Wheel","Peace Pipe"],"potions_floor_usage":[7],"damage_taken":[{"damage":0,"enemies":"Small Slimes","floor":1,"turns":3},{"damage":2,"enemies":"Jaw Worm","floor":4,"turns":4},{"damage":2,"enemies":"Cultist","floor":5,"turns":4},{"damage":34,"enemies":"Gremlin Nob","floor":7,"turns":4},{"damage":10,"enemies":"Lagavulin","floor":10,"turns":11},{"damage":3,"enemies":"Exordium Thugs","floor":12,"turns":6},{"damage":8,"enemies":"Blue Slaver","floor":13,"turns":1}],"seed_played":"-7793536636494054545","potions_obtained":[{"floor":1,"key":"Poison Potion"},{"floor":10,"key":"Strength Potion"},{"floor":12,"key":"Poison Potion"}],"is_trial":false,"path_per_floor":["M","?","T","M","M","R","E","?","T","E","R","M"],"character_chosen":"DEFECT","items_purchased":[],"campfire_rested":0,"item_purchase_floors":[],"current_hp_per_floor":[68,53,53,51,49,49,15,15,15,7,7,4,0],"gold":217,"neow_bonus":"RANDOM_COMMON_RELIC","is_prod":false,"is_daily":false,"chose_seed":false,"campfire_upgraded":2,"win_rate":0,"timestamp":1530984572,"path_taken":["M","?","?","M","M","R","E","?","T","E","R","M","?"],"build_version":"2018-07-05","purchased_purges":0,"victory":false,"max_hp_per_floor":[75,75,75,75,75,75,75,75,75,77,77,77,77],"card_choices":[{"not_picked":["Barrage","Beam Cell"],"picked":"Glacier","floor":1},{"not_picked":["Redo","Cold Snap"],"picked":"White Noise","floor":4},{"not_picked":["Redo","Steam Power"],"picked":"Coolheaded","floor":5},{"not_picked":["Capacitor","Biased Cognition"],"picked":"Leap","floor":7},{"not_picked":["Capacitor","Turbo","Hologram"],"picked":"Singing Bowl","floor":10},{"not_picked":["FTL","Compile Driver"],"picked":"Stack","floor":12},{"not_picked":["Gash","Tempest"],"picked":"Stack","floor":12}],"player_experience":395518,"relics_obtained":[{"floor":3,"key":"Blue Candle"},{"floor":7,"key":"Prayer Wheel"},{"floor":10,"key":"Peace Pipe"}],"event_choices":[{"event_name":"Shining Light","player_choice":"Entered Light","floor":2,"damage_taken":0},{"event_name":"Liars Game","player_choice":"disagreed","floor":8,"damage_taken":0}],"boss_relics":[],"items_purged_floors":[],"is_endless":false,"potions_floor_spawned":[1,10,12],"killed_by":"Blue Slaver","ascension_level":10}