{"gold_per_floor":[15,33,33,51,69,69,99,118,118,118,118,218,62,78,78,152,152,164,180,193,143,68,68,78,78,78,3,3,23,40,54,54,54],"floor_reached":33,"playtime":1091,"items_purged":["Defend_R"],"score":439,"play_id":"f7baa52d-d313-4f1c-b77c-9bc68176087d","local_time":"20180824173323","is_ascension_mode":true,"campfire_choices":[{"data":"Uppercut","floor":6,"key":"SMITH"},{"floor":11,"key":"REST"},{"data":"True Grit","floor":15,"key":"SMITH"},{"floor":23,"key":"REST"},{"floor":32,"key":"REST"}],"neow_cost":"NO_GOLD","seed_source_timestamp":2478791246406,"circlet_count":0,"master_deck":["Strike_R+1","Strike_R+1","Strike_R+1","Defend_R","Defend_R","Bash","AscendersBane","Uppercut+1","Heavy Blade","Pommel Strike","Pommel Strike+1","Double Tap","Dropkick","Battle Trance","Carnage","True Grit+1","Armaments","Flex","True Grit+1","Sentinel","Whirlwind"],"relics":["Burning Blood","Bronze Scales","Shuriken","Vajra","Mark of Pain","Bird Faced Urn","Gremlin Horn"],"potions_floor_usage":[7,8,18],"damage_taken":[{"damage":0,"enemies":"Small Slimes","floor":1,"turns":3},{"damage":2,"enemies":"Jaw Worm","floor":2,"turns":3},{"damage":0,"enemies":"Cultist","floor":4,"turns":2},{"damage":20,"enemies":"Large Slime","floor":5,"turns":4},{"damage":37,"enemies":"3 Sentries","floor":7,"turns":7},{"damage":14,"enemies":"Lots of Slimes","floor":8,"turns":3},{"damage":8,"enemies":"Blue Slaver","floor":14,"turns":2},{"damage":24,"enemies":"The Guardian","floor":16,"turns":11},{"damage":17,"enemies":"2 Thieves","floor":18,"turns":3},{"damage":22,"enemies":"Spheric Guardian","floor":19,"turns":4},{"damage":23,"enemies":"Snecko","floor":20,"turns":4},{"damage":18,"enemies":"Snake Plant","floor":24,"turns":3},{"damage":11,"enemies":"Centurion and Healer","floor":29,"turns":5},{"damage":18,"enemies":"Cultist and Chosen","floor":30,"turns":4},{"damage":28,"enemies":"Shelled Parasite and Fungi","floor":31,"turns":5},{"damage":47,"enemies":"Collector","floor":33,"turns":3}],"seed_played":"5400576828618947067","potions_obtained":[{"floor":5,"key":"Regen Potion"},{"floor":7,"key":"AttackPotion"},{"floor":16,"key":"Explosive Potion"},{"floor":18,"key":"Swift Potion"},{"floor":30,"key":"FairyPotion"}],"is_trial":false,"path_per_floor":["M","M","?","M","M","R","E","M","T","?","R","?","$","M","R","B",null,"M","M","M","?","?","R","M","?","T","$","?","M","M","M","R"],"character_chosen":"IRONCLAD","items_purchased":["Vajra"],"campfire_rested":3,"item_purchase_floors":[13],"current_hp_per_floor":[74,75,52,58,44,44,28,20,20,25,49,49,49,47,47,29,67,56,40,23,23,23,47,35,35,35,35,35,30,18,13,37,0],"gold":54,"neow_bonus":"TRANSFORM_TWO_CARDS","is_prod":false,"is_daily":false,"chose_seed":false,"campfire_upgraded":2,"win_rate":0,"timestamp":1535146403,"path_taken":["M","M","?","M","M","R","E","M","T","?","R","?","$","M","R","BOSS","M","M","M","?","?","R","M","?","T","?","?","?","M","M","R","BOSS"],"build_version":"2018-08-23v2","purchased_purges":1,"victory":false,"max_hp_per_floor":[75,75,75,75,75,75,75,75,75,80,80,80,80,80,80,80,80,80,80,80,80,80,80,80,80,80,80,80,80,80,80,80,80],"card_choices":[{"not_picked":["Heavy Blade","Perfected Strike"],"picked":"Pommel Strike","floor":1},{"not_picked":["Sword Boomerang","Heavy Blade"],"picked":"Pommel Strike","floor":2},{"not_picked":["Perfected Strike","Clash"],"picked":"Double Tap","floor":4},{"not_picked":["Perfected Strike","Heavy Blade"],"picked":"Dropkick","floor":5},{"not_picked":["Headbutt","Entrench"],"picked":"Battle Trance","floor":7},{"not_picked":["Fire Breathing","Sword Boomerang"],"picked":"Carnage","floor":8},{"not_picked":["Havoc","Feel No Pain"],"picked":"True Grit","floor":14},{"not_picked":["Clothesline+1","Twin Strike"],"picked":"Armaments","floor":18},{"not_picked":["Headbutt","Clothesline+1","Hemokinesis"],"picked":"SKIP","floor":19},{"not_picked":["Sword Boomerang","Wild Strike+1"],"picked":"Flex","floor":20},{"not_picked":["Carnage+1","Searing Blow","Wild Strike"],"picked":"SKIP","floor":24},{"not_picked":["Rupture","Headbutt"],"picked":"Sentinel","floor":29},{"not_picked":["Searing Blow","Clash"],"picked":"Whirlwind","floor":30},{"not_picked":["Havoc","Clash","Pommel Strike"],"picked":"SKIP","floor":31}],"player_experience":604637,"relics_obtained":[{"floor":7,"key":"Bronze Scales"},{"floor":9,"key":"Shuriken"},{"floor":26,"key":"Bird Faced Urn"}],"event_choices":[{"event_name":"Shining Light","player_choice":"Entered Light","floor":3,"damage_taken":0},{"event_name":"Big Fish","player_choice":"Donut","floor":10,"damage_taken":0},{"event_name":"Wheel of Change","player_choice":"Gold","floor":12,"damage_taken":0},{"event_name":"Designer","player_choice":"Upgrade 2 Random Cards","floor":21,"damage_taken":0},{"event_name":"Beggar","player_choice":"Gave Gold","floor":22,"damage_taken":0},{"event_name":"Duplicator","player_choice":"One dupe","floor":25,"damage_taken":0},{"event_name":"WeMeetAgain","player_choice":"Potion","floor":28,"damage_taken":0}],"is_beta":false,"boss_relics":[{"not_picked":["Fusion Hammer","Calling Bell"],"picked":"Mark of Pain"}],"items_purged_floors":[27],"is_endless":false,"potions_floor_spawned":[5,7,16,18,30],"killed_by":"Collector","ascension_level":15}