{"gold_per_floor":[118,138,138,155,168,168,200,219,219,74,74,74,74,89,89,165,165,179,179,179,179,179,179,206,216,241,90,90,90,90,107,107,184,184,195,195,195,95,147,472,490,490,490,490,522,541,561,577,577,577],"floor_reached":51,"playtime":3092,"items_purged":["Strike_R","Strike_R"],"score":1319,"play_id":"fc46b76c-8dd8-431a-a869-1aa9ae232764","local_time":"20180718195058","is_ascension_mode":true,"campfire_choices":[{"data":"Barricade","floor":6.0,"key":"SMITH"},{"data":"True Grit","floor":12.0,"key":"SMITH"},{"data":"Armaments","floor":15.0,"key":"SMITH"},{"data":"Body Slam","floor":23.0,"key":"SMITH"},{"floor":28.0,"key":"REST"},{"data":"Corruption","floor":30.0,"key":"SMITH"},{"data":"Feel No Pain","floor":32.0,"key":"SMITH"},{"data":"Seeing Red","floor":44,"key":"SMITH"},{"floor":49,"key":"REST"}],"neow_cost":"NONE","seed_source_timestamp":388173241391990,"circlet_count":0,"master_deck":["Strike_R+1","Defend_R","Defend_R","Defend_R","Defend_R+1","Bash","AscendersBane","Barricade+1","Iron Wave","Flame Barrier","Thunderclap","Shrug It Off","Metallicize","True Grit+1","Whirlwind","Armaments+1","Dark Embrace","Body Slam+1","Feel No Pain+1","Corruption+1","Body Slam+1","Panache","Seeing Red+1","Writhe","Shrug It Off","Iron Wave+1"],"special_seed":0,"relics":["Burning Blood","Strawberry","Dead Branch","Runic Dome","Nilry\u0027s Codex","Kunai","Ancient Tea Set","Gremlin Horn","Empty Cage","Thread and Needle","Turnip","Old Coin","Ornamental Fan","Pantograph"],"potions_floor_usage":[33],"damage_taken":[{"damage":7.0,"enemies":"Small Slimes","floor":1.0,"turns":4.0},{"damage":8.0,"enemies":"2 Louse","floor":2.0,"turns":3.0},{"damage":6.0,"enemies":"Cultist","floor":4.0,"turns":4.0},{"damage":10.0,"enemies":"2 Fungi Beasts","floor":5.0,"turns":4.0},{"damage":35.0,"enemies":"Gremlin Nob","floor":7.0,"turns":6.0},{"damage":1.0,"enemies":"Large Slime","floor":8.0,"turns":8.0},{"damage":0.0,"enemies":"Looter","floor":13.0,"turns":1.0},{"damage":0.0,"enemies":"Blue Slaver","floor":14.0,"turns":8.0},{"damage":10.0,"enemies":"The Guardian","floor":16.0,"turns":15.0},{"damage":9.0,"enemies":"Spheric Guardian","floor":18.0,"turns":10.0},{"damage":46.0,"enemies":"Slavers","floor":24.0,"turns":6.0},{"damage":16.0,"enemies":"3 Byrds","floor":25.0,"turns":7.0},{"damage":4.0,"enemies":"Centurion and Healer","floor":31.0,"turns":5.0},{"damage":21,"enemies":"Collector","floor":33,"turns":7},{"damage":17,"enemies":"3 Shapes","floor":35,"turns":5},{"damage":4,"floor":36,"turns":4},{"damage":0,"floor":39,"turns":3},{"damage":9,"enemies":"Nemesis","floor":40,"turns":5},{"damage":35,"enemies":"3 Darklings","floor":41,"turns":4},{"damage":5,"enemies":"2 Orb Walkers","floor":45,"turns":3},{"damage":1,"enemies":"Sphere and 2 Shapes","floor":46,"turns":4},{"damage":16,"enemies":"Transient","floor":47,"turns":5},{"damage":0,"enemies":"Maw","floor":48,"turns":2},{"damage":9,"enemies":"Awakened One","floor":50,"turns":6}],"seed_played":"535797885171717936","potions_obtained":[{"floor":5.0,"key":"Explosive Potion"},{"floor":7.0,"key":"SmokeBomb"},{"floor":14.0,"key":"Fire Potion"},{"floor":16.0,"key":"Dexterity Potion"},{"floor":18.0,"key":"Ancient Potion"},{"floor":24.0,"key":"Poison Potion"},{"floor":31.0,"key":"Weak Potion"},{"floor":33,"key":"Dexterity Potion"},{"floor":46,"key":"SteroidPotion"}],"is_trial":false,"path_per_floor":["M","M","?","M","M","R","E","M","T","$","?","R","M","M","R","B",null,"M","?","?","?","?","R","E","M","T","$","R","T","R","M","R","B",null,"M","?","?","$","?","E","M","?","T","R","E","M","M","M","R","B"],"character_chosen":"IRONCLAD","items_purchased":["True Grit","Whirlwind","Armaments","Corruption"],"campfire_rested":2,"item_purchase_floors":[10,10,10,27],"current_hp_per_floor":[67,65,42,42,38,38,16,21,21,21,21,21,27,38,38,41,72,69,64,64,43,59,59,19,9,9,9,33,33,33,35,35,20,67,65,73,73,73,82,79,50,66,66,66,67,72,62,68,82,79],"gold":577,"neow_bonus":"ONE_RANDOM_RARE_CARD","is_prod":false,"is_daily":false,"chose_seed":false,"campfire_upgraded":7,"win_rate":0,"timestamp":1531957858,"path_taken":["M","M","?","M","?","R","E","M","T","$","?","R","M","M","R","BOSS","M","?","?","?","?","R","E","M","T","?","R","?","R","?","R","BOSS","M","?","?","$","?","E","M","?","T","R","E","?","M","?","R","BOSS"],"build_version":"2018-07-12","purchased_purges":2,"victory":true,"max_hp_per_floor":[75,75,75,75,75,75,82,82,82,82,82,82,82,82,82,82,82,82,82,82,82,82,82,82,82,82,82,82,82,82,82,82,82,82,82,82,82,82,82,82,82,82,82,82,82,82,82,82,82,82],"card_choices":[{"not_picked":["Shrug It Off","Rage"],"picked":"Iron Wave","floor":1.0},{"not_picked":["Sword Boomerang","Disarm"],"picked":"Flame Barrier","floor":2.0},{"not_picked":["Heavy Blade","Havoc","Wild Strike"],"picked":"SKIP","floor":4.0},{"not_picked":["Warcry","Feel No Pain"],"picked":"Thunderclap","floor":5.0},{"not_picked":["Reckless Charge","Combust"],"picked":"Shrug It Off","floor":7.0},{"not_picked":["Warcry","Pummel"],"picked":"Metallicize","floor":8.0},{"not_picked":["Brutality","Pommel Strike","Power Through"],"picked":"SKIP","floor":14.0},{"not_picked":["Bludgeon","Berserk"],"picked":"Dark Embrace","floor":16.0},{"not_picked":["Combust","Iron Wave"],"picked":"Body Slam","floor":18.0},{"not_picked":["Clash","Pommel Strike"],"picked":"Feel No Pain","floor":24.0},{"not_picked":["Clothesline","Perfected Strike","Metallicize"],"picked":"SKIP","floor":25.0},{"not_picked":["Cleave","Combust"],"picked":"Body Slam+1","floor":31.0},{"not_picked":["Blood for Blood","Clothesline","Body Slam"],"picked":"SKIP","floor":35},{"not_picked":["Purity","Madness"],"picked":"Panache","floor":37},{"not_picked":["Wild Strike","Pommel Strike","Combust"],"picked":"SKIP","floor":40},{"not_picked":["Infernal Blade+1","Shrug It Off"],"picked":"Seeing Red","floor":41},{"not_picked":["Brutality","Sword Boomerang"],"picked":"Shrug It Off","floor":45},{"not_picked":["Heavy Blade","Anger","Perfected Strike+1"],"picked":"SKIP","floor":46},{"not_picked":["Infernal Blade","Havoc","Body Slam"],"picked":"SKIP","floor":47},{"not_picked":["Flex","Carnage"],"picked":"Iron Wave+1","floor":48}],"player_experience":482906,"relics_obtained":[{"floor":7.0,"key":"Strawberry"},{"floor":9.0,"key":"Dead Branch"},{"floor":21.0,"key":"Nilry\u0027s Codex"},{"floor":24.0,"key":"Kunai"},{"floor":26.0,"key":"Ancient Tea Set"},{"floor":29.0,"key":"Gremlin Horn"},{"floor":36,"key":"Thread and Needle"},{"floor":39,"key":"Turnip"},{"floor":40,"key":"Old Coin"},{"floor":43,"key":"Ornamental Fan"},{"floor":45,"key":"Pantograph"}],"event_choices":[{"event_name":"Shining Light","player_choice":"Entered Light","floor":3.0,"damage_taken":0.0},{"event_name":"Dead Adventurer","player_choice":"Searched \u00270\u0027 times","floor":11.0,"damage_taken":0.0},{"event_name":"The Woman in Blue","player_choice":"Bought 0 Potions","floor":19.0,"damage_taken":0.0},{"event_name":"Drug Dealer","player_choice":"Ignored","floor":20.0,"damage_taken":0.0},{"event_name":"Cursed Tome","player_choice":"Obtained Book","floor":21.0,"damage_taken":0.0},{"event_name":"The Library","player_choice":"Heal","floor":22.0,"damage_taken":0.0},{"event_name":"MindBloom","player_choice":"Fight","floor":36,"damage_taken":0},{"event_name":"SensoryStone","player_choice":"Memory 1","floor":37,"damage_taken":0},{"event_name":"Mysterious Sphere","player_choice":"Fight","floor":39,"damage_taken":0},{"event_name":"Winding Halls","player_choice":"Writhe","floor":42,"damage_taken":0}],"boss_relics":[{"not_picked":["Tiny House","Philosopher\u0027s Stone"],"picked":"Runic Dome"},{"not_picked":["Calling Bell","Cursed Key"],"picked":"Empty Cage"}],"items_purged_floors":[27,38],"is_endless":false,"potions_floor_spawned":[5,7,14,16,18,24,31,33,35,36,46,47],"ascension_level":15}