{"gold_per_floor":[116,291,339,14,30,30,30,30,108,108,149,149,163,163],"floor_reached":14,"playtime":226,"items_purged":[],"score":142,"play_id":"5b7ec834-18f1-4b3c-b477-3c1ef9ef6e99","local_time":"20190523163653","is_ascension_mode":true,"campfire_choices":[{"data":"Turbo","floor":6,"key":"SMITH"},{"floor":8,"key":"REST"}],"neow_cost":"TEN_PERCENT_HP_LOSS","seed_source_timestamp":354084035494583,"circlet_count":0,"master_deck":["AscendersBane","Strike_B","Strike_B+1","Strike_B","Strike_B","Defend_B+1","Defend_B","Defend_B","Defend_B","Zap","Dualcast","Reinforced Body","Doubt","Ball Lightning","Static Discharge","Turbo+1","Sweeping Beam","Electrodynamics"],"relics":["Cracked Core","Ice Cream","DataDisk","MealTicket","Golden Idol","Ornamental Fan","Turnip","CultistMask"],"potions_floor_usage":[],"damage_taken":[{"damage":9,"enemies":"Small Slimes","floor":1,"turns":3},{"damage":7,"enemies":"Jaw Worm","floor":5,"turns":3},{"damage":36,"enemies":"Gremlin Nob","floor":11,"turns":5},{"damage":1,"enemies":"Cultist","floor":13,"turns":3},{"damage":6,"enemies":"Exordium Wildlife","floor":14,"turns":1}],"seed_played":"2967264767655788371","potions_obtained":[],"is_trial":false,"path_per_floor":["M","?","T","$","M","R","?","R","T","?","E","?","M","M"],"character_chosen":"DEFECT","items_purchased":["MealTicket","Ball Lightning","Static Discharge"],"campfire_rested":1,"item_purchase_floors":[4,4,4],"current_hp_per_floor":[59,59,59,59,52,52,35,55,55,41,5,5,4,0],"gold":163,"neow_bonus":"ONE_RARE_RELIC","is_prod":false,"is_daily":false,"chose_seed":false,"campfire_upgraded":1,"win_rate":0,"timestamp":1558654613,"path_taken":["M","?","?","$","?","R","?","R","T","?","E","?","M","M"],"build_version":"2019-01-23","purchased_purges":0,"victory":false,"max_hp_per_floor":[68,68,68,68,68,68,68,68,68,68,68,68,68,68],"card_choices":[{"not_picked":["Beam Cell","Coolheaded"],"picked":"Reinforced Body","floor":1},{"not_picked":["Barrage","Gash"],"picked":"Turbo","floor":5},{"not_picked":["Redo","Coolheaded"],"picked":"Sweeping Beam","floor":11},{"not_picked":["Lockon","Gash"],"picked":"Electrodynamics","floor":13}],"player_experience":680746,"relics_obtained":[{"floor":3,"key":"DataDisk"},{"floor":9,"key":"Ornamental Fan"},{"floor":11,"key":"Turnip"}],"event_choices":[{"damage_healed":0,"gold_gain":175,"player_choice":"AGREE","damage_taken":0,"max_hp_gain":0,"max_hp_loss":0,"event_name":"Liars Game","floor":2,"gold_loss":0,"cards_obtained":["Doubt"]},{"damage_healed":0,"gold_gain":0,"player_choice":"Take Damage","damage_taken":17,"relics_obtained":["Golden Idol"],"max_hp_gain":0,"max_hp_loss":0,"event_name":"Golden Idol","floor":7,"gold_loss":0},{"damage_healed":0,"gold_gain":0,"player_choice":"Entered Light","damage_taken":14,"max_hp_gain":0,"max_hp_loss":0,"event_name":"Shining Light","floor":10,"gold_loss":0,"cards_upgraded":["Strike_B","Defend_B"]},{"damage_healed":0,"gold_gain":0,"player_choice":"Trade","damage_taken":0,"relics_obtained":["CultistMask"],"max_hp_gain":0,"max_hp_loss":0,"event_name":"FaceTrader","floor":12,"gold_loss":0}],"is_beta":false,"boss_relics":[],"items_purged_floors":[],"is_endless":false,"potions_floor_spawned":[],"killed_by":"Exordium Wildlife","ascension_level":13}