{"gold_per_floor":[113,124,124,141,141,168,168,195,195,97,97,131,149,177,177,177],"floor_reached":16,"playtime":643,"items_purged":[],"score":160,"play_id":"2a2b9621-da4f-4e72-b518-20aa533092e3","local_time":"20190224220236","is_ascension_mode":true,"campfire_choices":[{"data":"Corruption","floor":7,"key":"SMITH"},{"floor":11,"key":"REST"},{"data":"Barricade","floor":15,"key":"SMITH"}],"neow_cost":"NONE","seed_source_timestamp":1028297424126265,"circlet_count":0,"master_deck":["Strike_R","Strike_R","Strike_R","Strike_R","Strike_R","Defend_R","Defend_R","Defend_R","Defend_R","Bash","Flame Barrier","Shrug It Off","Pommel Strike","Warcry","Corruption+1","Flame Barrier","Shrug It Off","Feel No Pain","Body Slam","Shrug It Off","Barricade+1"],"relics":["Burning Blood","NeowsBlessing","Potion Belt","Bottled Flame","Pen Nib","Strawberry","Lantern"],"potions_floor_usage":[12],"damage_taken":[{"damage":0,"enemies":"Cultist","floor":1,"turns":1},{"damage":0,"enemies":"Jaw Worm","floor":2,"turns":1},{"damage":0,"enemies":"2 Louse","floor":4,"turns":1},{"damage":42,"enemies":"3 Sentries","floor":6,"turns":9},{"damage":38,"enemies":"Lagavulin","floor":8,"turns":9},{"damage":20,"enemies":"Gremlin Nob","floor":12,"turns":4},{"damage":0,"enemies":"Exordium Thugs","floor":13,"turns":5},{"damage":4,"enemies":"Lagavulin","floor":14,"turns":8},{"damage":45,"enemies":"Hexaghost","floor":16,"turns":16}],"seed_played":"-4221859440964890354","potions_obtained":[{"floor":4,"key":"Poison Potion"},{"floor":13,"key":"Explosive Potion"}],"is_trial":false,"path_per_floor":["M","M","?","M","?","E","R","E","T","$","R","E","M","E","R","B"],"character_chosen":"IRONCLAD","items_purchased":["Feel No Pain","Body Slam"],"campfire_rested":1,"item_purchase_floors":[10,10],"current_hp_per_floor":[80,80,85,85,85,49,49,17,17,17,42,35,41,43,43,0],"gold":177,"neow_bonus":"THREE_ENEMY_KILL","is_prod":false,"is_daily":false,"chose_seed":false,"campfire_upgraded":2,"win_rate":0,"timestamp":1551063756,"path_taken":["M","?","?","M","?","E","R","E","T","$","R","E","M","E","R","BOSS"],"build_version":"2019-01-23","purchased_purges":0,"victory":false,"max_hp_per_floor":[80,80,85,85,85,85,85,85,85,85,85,92,92,92,92,92],"card_choices":[{"not_picked":["Flex","Spot Weakness"],"picked":"Flame Barrier","floor":1},{"not_picked":["Bloodletting","Heavy Blade"],"picked":"Shrug It Off","floor":2},{"not_picked":["Dual Wield","True Grit"],"picked":"Pommel Strike","floor":4},{"not_picked":["Armaments","Blood for Blood"],"picked":"Flame Barrier","floor":6},{"not_picked":["Twin Strike","Flex"],"picked":"Shrug It Off","floor":8},{"not_picked":["Flex","Pommel Strike"],"picked":"Shrug It Off","floor":12},{"not_picked":["Thunderclap","Heavy Blade"],"picked":"Barricade","floor":13},{"not_picked":["Perfected Strike","Pummel","Sword Boomerang"],"picked":"SKIP","floor":14}],"player_experience":371403,"relics_obtained":[{"floor":6,"key":"Potion Belt"},{"floor":8,"key":"Bottled Flame"},{"floor":9,"key":"Pen Nib"},{"floor":12,"key":"Strawberry"},{"floor":14,"key":"Lantern"}],"event_choices":[{"damage_healed":0,"gold_gain":0,"player_choice":"Donut","damage_taken":0,"max_hp_gain":5,"max_hp_loss":0,"event_name":"Big Fish","floor":3,"gold_loss":0},{"damage_healed":0,"gold_gain":0,"player_choice":"2 cards matched","damage_taken":0,"max_hp_gain":0,"max_hp_loss":0,"event_name":"Match and Keep!","floor":5,"gold_loss":0,"cards_obtained":["Warcry","Corruption"]},{"damage_healed":0,"gold_gain":0,"player_choice":"2 cards matched","damage_taken":0,"max_hp_gain":0,"max_hp_loss":0,"event_name":"Match and Keep!","floor":5,"gold_loss":0,"cards_obtained":["Warcry","Corruption"]}],"is_beta":false,"boss_relics":[],"items_purged_floors":[],"is_endless":false,"potions_floor_spawned":[4,13],"killed_by":"Hexaghost","ascension_level":5}