{"path_per_floor":["M","M","?","M","$","R","E","?","T","M","?","?","R","M","R","B",null,"M","M","?","M","?","R","M","$","T","R","M","E","?","M","R"],"character_chosen":"THE_SILENT","items_purchased":["Prepared","Frozen Egg 2","Lee\u0027s Waffle","Juzu Bracelet","Caltrops"],"gold_per_floor":[117,130,205,220,220,220,248,248,248,263,326,291,291,311,311,416,416,433,452,552,565,765,765,784,83,83,83,95,125,125,143,143],"floor_reached":33,"campfire_rested":2,"playtime":3440,"current_hp_per_floor":[69,69,58,58,58,58,49,49,49,49,49,66,66,66,66,35,70,69,69,69,39,39,60,50,77,77,77,73,26,26,19,42],"items_purged":[],"gold":143,"score":267,"play_id":"f67811de-5d04-48ff-9eda-e669de665d07","is_prod":false,"is_daily":false,"is_ascension_mode":false,"campfire_upgraded":4,"path_taken":["M","M","?","M","?","R","E","?","T","?","?","?","R","M","R","BOSS","M","M","?","M","?","R","M","$","T","R","M","E","?","M","R","BOSS"],"build_version":"2018-02-15-PROD1","purchased_purges":0,"victory":false,"master_deck":["Defend_G","Defend_G","Defend_G","Defend_G","Defend_G","Strike_G","Strike_G","Strike_G","Strike_G","Strike_G","Survivor","Neutralize","Blur+1","Terror+1","Dodge and Roll","After Image+1","Backstab+1","Sucker Punch","Doppelganger","Noxious Fumes","Dagger Spray+1","Bouncing Flask","Prepared+1","Caltrops+1","Flying Knee+1","Dash","A Thousand Cuts+1","Dagger Spray+1"],"max_hp_per_floor":[70,70,70,70,70,70,70,70,70,70,70,70,70,70,70,70,70,70,70,70,70,70,70,70,77,77,77,77,77,77,77,77],"relics":["Sozu","Centennial Puzzle","Thread and Needle","Snecko Eye","Frozen Egg 2","Lee\u0027s Waffle","Juzu Bracelet","Tingsha","Darkstone Periapt"],"card_choices":[{"not_picked":["Sucker Punch","Flying Knee"],"picked":"Blur"},{"not_picked":["Catalyst","Calculated Gamble"],"picked":"Terror"},{"not_picked":["Malaise","Bane"],"picked":"Dodge and Roll"},{"not_picked":["Skewer","A Thousand Cuts"],"picked":"After Image"},{"not_picked":["Prepared","Acrobatics"],"picked":"Backstab"},{"not_picked":["Bane","Quick Slash"],"picked":"Sucker Punch"},{"not_picked":["Phantasmal Killer","Glass Knife"],"picked":"Doppelganger"},{"not_picked":["Backflip","Flying Knee"],"picked":"Noxious Fumes"},{"not_picked":["Skewer","PiercingWail"],"picked":"Dagger Spray"},{"not_picked":["Dagger Spray","Leg Sweep"],"picked":"Bouncing Flask"},{"not_picked":["Acrobatics","All Out Attack"],"picked":"Flying Knee"},{"not_picked":["Deadly Poison","Die Die Die"],"picked":"Dagger Spray"}],"player_experience":84226,"potions_floor_usage":[],"damage_taken":[{"damage":1,"enemies":"2 Louse","floor":1,"turns":3},{"damage":0,"enemies":"Cultist","floor":2,"turns":5},{"damage":0,"enemies":"Jaw Worm","floor":4,"turns":3},{"damage":9,"enemies":"Gremlin Nob","floor":7,"turns":5},{"damage":0,"enemies":"Exordium Wildlife","floor":10,"turns":9},{"damage":0,"enemies":"2 Fungi Beasts","floor":14,"turns":5},{"damage":31,"enemies":"Slime Boss","floor":16,"turns":31},{"damage":1,"enemies":"3 Byrds","floor":18,"turns":13},{"damage":0,"enemies":"Chosen","floor":19,"turns":5},{"damage":30,"enemies":"Slaver and Parasite","floor":21,"turns":10},{"damage":10,"enemies":"Chosen and Byrds","floor":24,"turns":7},{"damage":4,"enemies":"Snecko","floor":28,"turns":7},{"damage":47,"enemies":"Slavers","floor":29,"turns":5},{"damage":7,"enemies":"Centurion and Healer","floor":31,"turns":7},{"damage":60,"enemies":"Champ","floor":33,"turns":15}],"event_choices":[{"event_name":"World of Goop","player_choice":"Gather Gold","floor":3,"damage_taken":0},{"event_name":"Living Wall","player_choice":"Grow","floor":8,"damage_taken":0},{"event_name":"Golden Wing","player_choice":"Gained Gold","floor":11,"damage_taken":0},{"event_name":"The Cleric","player_choice":"Healed","floor":12,"damage_taken":0},{"event_name":"Golden Shrine","player_choice":"Pray","floor":20,"damage_taken":0},{"event_name":"The Joust","player_choice":"Bet on Owner","floor":22,"damage_taken":0},{"event_name":"Match and Keep!","player_choice":"2 cards matched","floor":30,"damage_taken":0}],"boss_relics":[{"not_picked":["Black Star","Question Card"],"picked":"Snecko Eye"}],"potions_floor_spawned":[4,10,16,18,21],"seed_played":"1795305535295230781","killed_by":"Champ","ascension_level":0,"is_trial":false}