{"gold_per_floor":[116,136,154,154,154,183,183,211,211,224,224,254,254,264,264,367,367,380,380,88,100,116,116,151,151,151,151,101,135,145,145,145,246,276,295,89,89,89,89,89,117,117,117,134,164,174,189,222,222,222],"floor_reached":51,"playtime":2280,"items_purged":["Strike_R","Strike_R","Strike_R"],"score":1766,"play_id":"9b8d274b-e63c-432a-a609-85d2240e8434","local_time":"20180708213531","is_ascension_mode":true,"campfire_choices":[{"data":"True Grit","floor":7,"key":"SMITH"},{"floor":11,"key":"REST"},{"data":"Heavy Blade","floor":13,"key":"SMITH"},{"data":"Iron Wave","floor":15,"key":"SMITH"},{"floor":23,"key":"REST"},{"floor":25,"key":"REST"},{"floor":32,"key":"REST"},{"floor":40,"key":"REST"},{"floor":42,"key":"REST"},{"floor":49,"key":"REST"}],"neow_cost":"TEN_PERCENT_HP_LOSS","seed_source_timestamp":740719387263120,"circlet_count":0,"master_deck":["Strike_R","Defend_R","Defend_R","Defend_R","Bash","AscendersBane","Offering","Iron Wave+1","Offering+1","True Grit+1","Offering+1","Flex+1","Heavy Blade+1","Barricade+1","True Grit+1","Panacea+1","Shrug It Off+1","Battle Trance+1","Flex+1","Flame Barrier+1","Spot Weakness+1","Cleave+1","Secret Weapon+1","Offering+1","Body Slam+1","Ghostly Armor+1","Whirlwind+1"],"relics":["Burning Blood","Toxic Egg 2","Pen Nib","Smiling Mask","Omamori","Fusion Hammer","Singing Bowl","Regal Pillow","Kunai","Happy Flower","Tiny House","Potion Belt","Orichalcum","Centennial Puzzle","Vajra","Paper Frog"],"potions_floor_usage":[10,16,16,24,46,48,50,50,50],"damage_taken":[{"damage":8,"enemies":"Jaw Worm","floor":1,"turns":3},{"damage":4,"enemies":"Small Slimes","floor":2,"turns":4},{"damage":8,"enemies":"Cultist","floor":3,"turns":2},{"damage":36,"enemies":"3 Sentries","floor":6,"turns":9},{"damage":24,"enemies":"Lagavulin","floor":8,"turns":5},{"damage":9,"enemies":"Large Slime","floor":10,"turns":4},{"damage":12,"enemies":"3 Sentries","floor":12,"turns":4},{"damage":8,"enemies":"Blue Slaver","floor":14,"turns":1},{"damage":8,"enemies":"Hexaghost","floor":16,"turns":6},{"damage":12,"enemies":"3 Byrds","floor":18,"turns":6},{"damage":12,"enemies":"2 Thieves","floor":21,"turns":2},{"damage":12,"enemies":"Centurion and Healer","floor":22,"turns":6},{"damage":12,"enemies":"Gremlin Leader","floor":24,"turns":6},{"damage":8,"enemies":"Book of Stabbing","floor":29,"turns":3},{"damage":12,"enemies":"Cultist and Chosen","floor":30,"turns":3},{"damage":12,"enemies":"Champ","floor":33,"turns":6},{"damage":12,"enemies":"Orb Walker","floor":35,"turns":2},{"damage":16,"enemies":"2 Orb Walkers","floor":41,"turns":2},{"damage":12,"enemies":"3 Darklings","floor":44,"turns":2},{"damage":16,"enemies":"Giant Head","floor":45,"turns":2},{"damage":4,"enemies":"4 Shapes","floor":46,"turns":4},{"damage":8,"enemies":"Sphere and 2 Shapes","floor":47,"turns":4},{"damage":9,"enemies":"2 Orb Walkers","floor":48,"turns":4},{"damage":16,"enemies":"Donu and Deca","floor":50,"turns":2}],"seed_played":"4771893607168549034","potions_obtained":[{"floor":2,"key":"Swift Potion"},{"floor":8,"key":"Poison Potion"},{"floor":10,"key":"Swift Potion"},{"floor":12,"key":"EssenceOfSteel"},{"floor":22,"key":"SkillPotion"},{"floor":24,"key":"SteroidPotion"},{"floor":29,"key":"Weak Potion"},{"floor":41,"key":"SpeedPotion"},{"floor":46,"key":"Ancient Potion"},{"floor":47,"key":"Explosive Potion"},{"floor":48,"key":"Weak Potion"}],"is_trial":false,"path_per_floor":["M","M","M","?","?","E","R","E","T","M","R","E","R","M","R","B",null,"M","?","$","M","M","R","E","R","T","?","$","E","M","?","R","B",null,"M","$","?","?","?","R","E","R","T","M","E","M","M","E","R","B"],"character_chosen":"IRONCLAD","items_purchased":["Panacea+1","Singing Bowl","Potion Belt"],"campfire_rested":7,"item_purchase_floors":[20,20,36],"current_hp_per_floor":[70,72,70,63,68,38,38,20,20,17,40,34,34,32,32,30,65,59,59,59,53,49,72,66,79,79,79,79,77,73,73,81,77,87,81,81,81,81,81,88,80,90,90,84,76,78,78,75,94,84],"gold":222,"neow_bonus":"THREE_RARE_CARDS","is_prod":false,"is_daily":false,"chose_seed":false,"campfire_upgraded":3,"win_rate":0,"timestamp":1531100131,"path_taken":["M","M","M","?","?","E","R","E","T","M","R","E","R","M","R","BOSS","M","?","$","M","M","R","E","R","T","?","?","E","M","?","R","BOSS","M","$","?","?","?","R","E","R","T","M","E","M","M","E","R","BOSS"],"build_version":"2018-07-05","purchased_purges":3,"victory":true,"max_hp_per_floor":[72,72,72,72,77,77,77,77,77,77,77,77,77,77,77,77,77,77,77,77,77,79,79,79,79,79,79,79,79,81,81,81,83,88,88,88,88,88,88,88,90,90,90,90,92,92,94,94,94,94],"card_choices":[{"not_picked":["Dark Embrace","Demon Form"],"picked":"Offering","floor":0},{"not_picked":["Shrug It Off","Perfected Strike"],"picked":"Iron Wave","floor":1},{"not_picked":["Battle Trance","Bloodletting"],"picked":"Offering","floor":2},{"not_picked":["Searing Blow","Body Slam"],"picked":"True Grit","floor":3},{"not_picked":["Heavy Blade","Rampage"],"picked":"Offering","floor":6},{"not_picked":["Blood for Blood","Dark Embrace"],"picked":"Flex+1","floor":8},{"not_picked":["Searing Blow","Carnage"],"picked":"Heavy Blade","floor":10},{"not_picked":["Bloodletting+1","Corruption","Cleave"],"picked":"SKIP","floor":12},{"not_picked":["Infernal Blade+1","Twin Strike","Headbutt"],"picked":"SKIP","floor":14},{"not_picked":["Berserk","Exhume+1"],"picked":"Barricade","floor":16},{"not_picked":["Havoc+1","Pommel Strike"],"picked":"True Grit+1","floor":18},{"not_picked":["Perfected Strike","Clash"],"picked":"Shrug It Off+1","floor":21},{"not_picked":["Thunderclap","Wild Strike","Fiend Fire"],"picked":"Singing Bowl","floor":22},{"not_picked":["Seeing Red+1","Heavy Blade+1"],"picked":"Battle Trance+1","floor":24},{"not_picked":["Heavy Blade","Twin Strike+1"],"picked":"Flame Barrier+1","floor":29},{"not_picked":["True Grit+1","Wild Strike+1","Clothesline"],"picked":"Singing Bowl","floor":30},{"not_picked":["Immolate","Juggernaut","Dark Embrace"],"picked":"Singing Bowl","floor":33},{"not_picked":["Shrug It Off+1","Feel No Pain"],"picked":"Cleave+1","floor":34},{"not_picked":["Iron Wave+1","Body Slam"],"picked":"Rage+1","floor":35},{"not_picked":["Finesse+1","Master of Strategy+1"],"picked":"Secret Weapon+1","floor":37},{"not_picked":["Armaments+1","Fire Breathing","Anger"],"picked":"Singing Bowl","floor":41},{"not_picked":["Spot Weakness+1","Combust+1"],"picked":"Body Slam+1","floor":44},{"not_picked":["Dual Wield+1","Wild Strike+1","Rage+1"],"picked":"Singing Bowl","floor":45},{"not_picked":["Clothesline","Perfected Strike+1"],"picked":"Ghostly Armor+1","floor":46},{"not_picked":["Infernal Blade+1","Perfected Strike+1","Headbutt+1"],"picked":"Singing Bowl","floor":47},{"not_picked":["Thunderclap","Havoc+1"],"picked":"Whirlwind+1","floor":48}],"player_experience":415477,"relics_obtained":[{"floor":6,"key":"Toxic Egg 2"},{"floor":8,"key":"Pen Nib"},{"floor":9,"key":"Smiling Mask"},{"floor":12,"key":"Omamori"},{"floor":24,"key":"Regal Pillow"},{"floor":26,"key":"Kunai"},{"floor":29,"key":"Happy Flower"},{"floor":41,"key":"Orichalcum"},{"floor":43,"key":"Centennial Puzzle"},{"floor":45,"key":"Vajra"},{"floor":48,"key":"Paper Frog"}],"event_choices":[{"event_name":"Golden Wing","player_choice":"Card Removal","floor":4,"damage_taken":0},{"event_name":"Big Fish","player_choice":"Donut","floor":5,"damage_taken":0},{"event_name":"Upgrade Shrine","player_choice":"Upgraded","floor":19,"damage_taken":0},{"event_name":"Duplicator","player_choice":"One dupe","floor":27,"damage_taken":0},{"event_name":"The Library","player_choice":"Read","floor":31,"damage_taken":0},{"event_name":"SensoryStone","player_choice":"Memory 1","floor":37,"damage_taken":0},{"event_name":"Falling","player_choice":"Removed Skill","floor":38,"damage_taken":0},{"event_name":"Transmorgrifier","player_choice":"Transform","floor":39,"damage_taken":0}],"boss_relics":[{"not_picked":["Calling Bell","Velvet Choker"],"picked":"Fusion Hammer"},{"not_picked":["Runic Cube","Eternal Feather"],"picked":"Tiny House"}],"items_purged_floors":[20,28,36],"is_endless":false,"potions_floor_spawned":[2,8,10,12,22,24,29,30,33,41,46,47,48],"ascension_level":11}