{"gold_per_floor":[112,112,7,17,17,17,43,43,43,43,63,23,47,65,65,158,158,143,161,49,49,49],"floor_reached":22,"playtime":663,"items_purged":["Injury"],"score":376,"play_id":"45693f72-7f97-4398-9a87-3518eef5a591","local_time":"20190508100817","is_ascension_mode":true,"campfire_choices":[{"data":"Neutralize","floor":6,"key":"SMITH"},{"data":"Bouncing Flask","floor":8,"key":"SMITH"},{"data":"Footwork","floor":15,"key":"SMITH"}],"neow_cost":"NONE","seed_source_timestamp":230151533321359,"circlet_count":0,"master_deck":["AscendersBane","Defend_G","Defend_G+1","Defend_G","Strike_G","Strike_G","Strike_G","Strike_G","Survivor+1","Neutralize+1","Deadly Poison","Poisoned Stab","Cloak And Dagger","Bane","Bouncing Flask+1","Footwork+1","Terror","Concentrate","Footwork","Adrenaline","Dash+1","Terror+1","Reflex+1","Backflip","Backstab","Tactician"],"relics":["Ring of the Snake","NeowsBlessing","Potion Belt","Sundial","Bottled Flame","Bloody Idol","Astrolabe"],"potions_floor_usage":[16,18],"damage_taken":[{"damage":0,"enemies":"Small Slimes","floor":1,"turns":1},{"damage":0,"enemies":"Jaw Worm","floor":4,"turns":1},{"damage":0,"enemies":"Gremlin Nob","floor":7,"turns":1},{"damage":0,"enemies":"Cultist","floor":11,"turns":2},{"damage":3,"enemies":"2 Fungi Beasts","floor":13,"turns":5},{"damage":4,"enemies":"Blue Slaver","floor":14,"turns":3},{"damage":4,"enemies":"Hexaghost","floor":16,"turns":8},{"damage":11,"enemies":"2 Thieves","floor":18,"turns":4},{"damage":14,"enemies":"Shell Parasite","floor":19,"turns":4},{"damage":31,"enemies":"Sentry and Sphere","floor":22,"turns":5}],"seed_played":"-5232866297683520300","potions_obtained":[{"floor":13,"key":"PowerPotion"},{"floor":16,"key":"AttackPotion"}],"is_trial":false,"path_per_floor":["M","?","$","M","?","R","E","R","T","?","M","$","M","M","R","B",null,"M","M","$","?","M"],"character_chosen":"THE_SILENT","items_purchased":["Poisoned Stab","Cloak And Dagger","Terror","Tactician"],"campfire_rested":0,"item_purchase_floors":[3,3,12,20],"current_hp_per_floor":[59,54,54,54,34,34,34,34,34,34,34,34,31,27,27,23,55,44,30,30,30,0],"gold":49,"neow_bonus":"THREE_ENEMY_KILL","is_prod":false,"is_daily":false,"chose_seed":false,"campfire_upgraded":3,"win_rate":0,"timestamp":1557335297,"path_taken":["M","?","$","M","?","R","E","R","T","?","?","$","?","M","R","BOSS","M","M","$","?","M"],"build_version":"2019-01-23","purchased_purges":1,"victory":false,"max_hp_per_floor":[66,66,66,66,66,66,66,66,66,66,66,66,66,66,66,66,66,66,66,66,66,66],"card_choices":[{"not_picked":["Deflect","Accuracy"],"picked":"Deadly Poison","floor":1},{"not_picked":["Dagger Spray","Expertise"],"picked":"Bane","floor":4},{"not_picked":["Cloak And Dagger","Quick Slash"],"picked":"Bouncing Flask","floor":7},{"not_picked":["Outmaneuver","Underhanded Strike"],"picked":"Footwork","floor":11},{"not_picked":["Calculated Gamble","Sucker Punch"],"picked":"Concentrate","floor":13},{"not_picked":["Calculated Gamble","Doppelganger"],"picked":"Footwork","floor":14},{"not_picked":["Phantasmal Killer","Glass Knife"],"picked":"Adrenaline","floor":16},{"not_picked":["Prepared","Blade Dance"],"picked":"Backflip","floor":18},{"not_picked":["Flying Knee","Concentrate"],"picked":"Backstab","floor":19}],"player_experience":634297,"relics_obtained":[{"floor":7,"key":"Sundial"},{"floor":9,"key":"Bottled Flame"}],"event_choices":[{"damage_healed":0,"gold_gain":0,"player_choice":"Success","damage_taken":5,"relics_obtained":["Potion Belt"],"max_hp_gain":0,"max_hp_loss":0,"event_name":"Scrap Ooze","floor":2,"gold_loss":0},{"damage_healed":0,"gold_gain":0,"player_choice":"Entered Light","damage_taken":20,"max_hp_gain":0,"max_hp_loss":0,"event_name":"Shining Light","floor":5,"gold_loss":0,"cards_upgraded":["Defend_G","Survivor"]},{"damage_healed":0,"gold_gain":0,"player_choice":"Take Wound","damage_taken":0,"relics_obtained":["Golden Idol"],"max_hp_gain":0,"max_hp_loss":0,"event_name":"Golden Idol","floor":10,"gold_loss":0,"cards_obtained":["Injury"]},{"damage_healed":0,"gold_gain":0,"player_choice":"Gave Idol","damage_taken":0,"relics_obtained":["Bloody Idol"],"max_hp_gain":0,"max_hp_loss":0,"event_name":"Forgotten Altar","floor":21,"relics_lost":["Golden Idol"],"gold_loss":0}],"is_beta":false,"boss_relics":[{"not_picked":["Pandora\u0027s Box","Ectoplasm"],"picked":"Astrolabe"}],"items_purged_floors":[20],"is_endless":false,"potions_floor_spawned":[13,16],"killed_by":"Sentry and Sphere","ascension_level":16}