{"gold_per_floor":[114,114,114,129,129,159,159,174,199,199,229,229,248,267,267,392,392,411,336,336,355,374,412,431,469,524,524,543,581,581,174,174,299,299,318,318,318,337,356,356,375,434,509,528,528,566,566,585,585,585],"floor_reached":51,"playtime":3324,"items_purged":[],"score":922,"play_id":"6eb27f04-c343-4ae0-8b00-740fec9bdb1b","local_time":"20180801234438","daily_mods":["Brewmaster","Binary","Terminal"],"is_ascension_mode":false,"campfire_choices":[{"data":"White Noise","floor":7.0,"key":"SMITH"},{"data":"Zap","floor":10.0,"key":"SMITH"},{"data":"Coolheaded","floor":15.0,"key":"SMITH"},{"data":"Streamline","floor":32,"key":"SMITH"},{"data":"Jack Of All Trades","floor":40,"key":"SMITH"},{"data":"Force Field","floor":47,"key":"SMITH"},{"data":"Reinforced Body","floor":49,"key":"SMITH"}],"neow_cost":"","seed_source_timestamp":0,"circlet_count":0,"master_deck":["Strike_B+1","Strike_B+1","Defend_B+1","Defend_B+1","Defend_B+1","Defend_B+1","Zap+1","Dualcast","Venomology","Venomology","Venomology","Venomology","White Noise+1","Self Repair+1","Go for the Eyes","Coolheaded+1","Genetic Algorithm","Biased Cognition+1","Glacier","Chaos+1","Force Field+1","Streamline+1","Machine Learning+1","Capacitor+1","Jack Of All Trades+1","Barrage","Echo Form+1","Master of Strategy","Rainbow","Sweeping Beam+1","Rip and Tear+1","Reinforced Body+1"],"special_seed":17745,"relics":["Cracked Core","White Beast Statue","Frozen Egg 2","Turnip","Potion Belt","DataDisk","Pen Nib","Golden Idol","Nuclear Battery","Symbiotic Virus","Sundial","Tiny Chest","Dodecahedron","Pantograph","Matryoshka","Inserter","StoneCalendar","Bronze Scales","Darkstone Periapt","Bag of Preparation"],"potions_floor_usage":[23,23,23,23,23,23,24,24,25,25,25,25,25,28,28,29,29,29,33,33,33,33,35,35,35,38,38,38,39,39,39,39,39,39,39,39,41,42,42,42,42,42,44,46,46,46,46,46,48,50,50,50,50,50],"damage_taken":[{"damage":0.0,"enemies":"Jaw Worm","floor":1.0,"turns":4.0},{"damage":1.0,"enemies":"Small Slimes","floor":4.0,"turns":3.0},{"damage":0.0,"enemies":"3 Sentries","floor":6.0,"turns":3.0},{"damage":0.0,"enemies":"Cultist","floor":8.0,"turns":2.0},{"damage":0.0,"enemies":"Lagavulin","floor":11.0,"turns":7.0},{"damage":2.0,"enemies":"Blue Slaver","floor":13.0,"turns":2.0},{"damage":2.0,"enemies":"Exordium Wildlife","floor":14.0,"turns":3.0},{"damage":5.0,"enemies":"Hexaghost","floor":16.0,"turns":8.0},{"damage":0.0,"enemies":"Chosen","floor":18.0,"turns":6.0},{"damage":0.0,"enemies":"3 Byrds","floor":21.0,"turns":3.0},{"damage":8.0,"enemies":"3 Cultists","floor":22.0,"turns":7.0},{"damage":4,"enemies":"Book of Stabbing","floor":23,"turns":6},{"damage":3,"enemies":"Snecko","floor":24,"turns":5},{"damage":0,"enemies":"Gremlin Leader","floor":25,"turns":5},{"damage":0,"enemies":"Slaver and Parasite","floor":28,"turns":7},{"damage":0,"enemies":"Book of Stabbing","floor":29,"turns":5},{"damage":0,"enemies":"Collector","floor":33,"turns":8},{"damage":0,"enemies":"Orb Walker","floor":35,"turns":4},{"damage":2,"enemies":"3 Darklings","floor":38,"turns":7},{"damage":35,"enemies":"Flame Bruiser 2 Orb","floor":39,"turns":6},{"damage":0,"enemies":"Sphere and 2 Shapes","floor":41,"turns":7},{"damage":15,"floor":42,"turns":3},{"damage":0,"enemies":"3 Darklings","floor":44,"turns":4},{"damage":0,"enemies":"Giant Head","floor":46,"turns":7},{"damage":4,"enemies":"Flame Bruiser 2 Orb","floor":48,"turns":5},{"damage":10,"enemies":"Time Eater","floor":50,"turns":9}],"seed_played":"-7677364722762969759","potions_obtained":[{"floor":1.0,"key":"EssenceOfSteel"},{"floor":4.0,"key":"FocusPotion"},{"floor":6.0,"key":"Weak Potion"},{"floor":8.0,"key":"FairyPotion"},{"floor":11.0,"key":"FocusPotion"},{"floor":13.0,"key":"Weak Potion"},{"floor":14.0,"key":"Poison Potion"},{"floor":16.0,"key":"GamblersBrew"},{"floor":18.0,"key":"Dexterity Potion"},{"floor":21.0,"key":"Dexterity Potion"},{"floor":22,"key":"Poison Potion"},{"floor":23,"key":"Ancient Potion"},{"floor":24,"key":"Weak Potion"},{"floor":25,"key":"SpeedPotion"},{"floor":28,"key":"FocusPotion"},{"floor":33,"key":"LiquidBronze"},{"floor":35,"key":"Regen Potion"},{"floor":38,"key":"Weak Potion"},{"floor":39,"key":"Poison Potion"},{"floor":41,"key":"PowerPotion"},{"floor":42,"key":"SteroidPotion"},{"floor":46,"key":"Fire Potion"},{"floor":48,"key":"Weak Potion"}],"is_trial":false,"path_per_floor":["M","?","?","M","?","E","R","M","T","R","E","?","M","M","R","B",null,"M","?","?","M","M","E","M","E","T","T","M","E","?","$","R","B",null,"M","?","?","M","M","R","M","?","T","M","?","E","R","M","R","B"],"character_chosen":"DEFECT","items_purchased":["Matryoshka","Jack Of All Trades","Barrage"],"campfire_rested":0,"item_purchase_floors":[31,31,31],"current_hp_per_floor":[73,61,47,46,46,56,56,56,56,56,63,48,56,60,59,58,57,56,55,54,53,45,51,50,49,48,47,46,45,44,43,42,41,40,39,34,34,36,21,21,33,18,18,28,28,28,27,23,23,24],"gold":585,"neow_bonus":"","is_prod":false,"is_daily":true,"chose_seed":false,"campfire_upgraded":7,"win_rate":0,"timestamp":1533181478,"path_taken":["M","?","?","M","?","E","R","?","T","R","E","?","M","M","R","BOSS","M","?","?","M","M","E","M","E","T","?","M","E","?","$","R","BOSS","M","?","?","M","M","R","M","?","T","?","?","E","R","M","R","BOSS"],"build_version":"2018-07-26","purchased_purges":0,"victory":true,"max_hp_per_floor":[73,72,71,70,69,68,67,66,65,64,63,62,61,60,59,58,57,56,55,54,53,52,51,50,49,48,47,46,45,44,43,42,41,40,39,38,37,36,35,34,33,32,31,30,29,28,27,26,25,24],"card_choices":[{"not_picked":["Self Repair"],"picked":"White Noise","floor":1.0},{"not_picked":["Beam Cell"],"picked":"Self Repair+1","floor":4.0},{"not_picked":["Gash"],"picked":"Go for the Eyes","floor":6.0},{"not_picked":["Double Energy","Self Repair+1"],"picked":"SKIP","floor":8.0},{"not_picked":["Redo","Hello World+1"],"picked":"SKIP","floor":11.0},{"not_picked":["Stack"],"picked":"Coolheaded","floor":13.0},{"not_picked":["Beam Cell"],"picked":"Genetic Algorithm","floor":14.0},{"not_picked":["Reboot"],"picked":"Biased Cognition+1","floor":16.0},{"not_picked":["Turbo","Static Discharge+1"],"picked":"SKIP","floor":18.0},{"not_picked":["Tempest"],"picked":"Glacier","floor":21.0},{"not_picked":["Go for the Eyes","Gash"],"picked":"SKIP","floor":22},{"not_picked":["Thunder Strike"],"picked":"Chaos+1","floor":23},{"not_picked":["Melter"],"picked":"Force Field","floor":24},{"not_picked":["Turbo","Doom and Gloom+1"],"picked":"SKIP","floor":25},{"not_picked":["Reprogram"],"picked":"Streamline","floor":28},{"not_picked":["Redo"],"picked":"Machine Learning+1","floor":29},{"not_picked":["Reboot"],"picked":"Echo Form+1","floor":33},{"not_picked":["Cold Snap+1","Beam Cell+1"],"picked":"SKIP","floor":35},{"not_picked":["Secret Weapon"],"picked":"Master of Strategy","floor":36},{"not_picked":["Ball Lightning"],"picked":"Sweeping Beam+1","floor":38},{"not_picked":["Skim","Ball Lightning+1"],"picked":"SKIP","floor":39},{"not_picked":["Force Field"],"picked":"Rip and Tear+1","floor":41},{"not_picked":["Sunder"],"picked":"Reinforced Body","floor":42},{"not_picked":["Beam Cell","Go for the Eyes"],"picked":"SKIP","floor":44},{"not_picked":["Melter","Aggregate"],"picked":"SKIP","floor":46},{"not_picked":["Coolheaded","Heatsinks+1"],"picked":"SKIP","floor":48}],"player_experience":544728,"relics_obtained":[{"floor":6.0,"key":"Potion Belt"},{"floor":9.0,"key":"DataDisk"},{"floor":11.0,"key":"Pen Nib"},{"floor":23,"key":"Symbiotic Virus"},{"floor":25,"key":"Sundial"},{"floor":26,"key":"Tiny Chest"},{"floor":27,"key":"Dodecahedron"},{"floor":29,"key":"Pantograph"},{"floor":42,"key":"StoneCalendar"},{"floor":43,"key":"Bronze Scales"},{"floor":43,"key":"Darkstone Periapt"},{"floor":46,"key":"Bag of Preparation"}],"event_choices":[{"event_name":"Scrap Ooze","player_choice":"success","floor":2.0,"damage_taken":12.0},{"event_name":"Shining Light","player_choice":"Entered Light","floor":3.0,"damage_taken":0.0},{"event_name":"WeMeetAgain","player_choice":"Card","floor":5.0,"damage_taken":0.0},{"event_name":"Golden Idol","player_choice":"Take Damage","floor":12.0,"damage_taken":0.0},{"event_name":"Beggar","player_choice":"Gave Gold","floor":19.0,"damage_taken":0.0},{"event_name":"Back to Basics","player_choice":"Simplicity","floor":20.0,"damage_taken":0.0},{"event_name":"The Library","player_choice":"Read","floor":30,"damage_taken":0},{"event_name":"SensoryStone","player_choice":"Memory 2","floor":36,"damage_taken":0},{"event_name":"Transmorgrifier","player_choice":"Transform","floor":37,"damage_taken":0},{"event_name":"Mysterious Sphere","player_choice":"Fight","floor":42,"damage_taken":0},{"event_name":"Tomb of Lord Red Mask","player_choice":"Ignored","floor":45,"damage_taken":0}],"is_beta":false,"boss_relics":[{"not_picked":["Philosopher\u0027s Stone","Empty Cage"],"picked":"Nuclear Battery"},{"not_picked":["Fusion Hammer","Runic Pyramid"],"picked":"Inserter"}],"items_purged_floors":[],"is_endless":false,"potions_floor_spawned":[1,4,6,8,11,13,14,16,18,21,22,23,24,25,28,29,33,35,38,39,41,42,44,46,48],"ascension_level":0}