{"gold_per_floor":[111,122,102,102,114,114,131,165,192,221,280,308,322,336,336,408,408,426,438,30,30,50,50,84,84,153,169,169,169,200,200,200,274,274,290,5,53,53,66,66,93,103,103,103,115,127,155,155,155,155],"floor_reached":51,"playtime":1739,"items_purged":["Clash","Pommel Strike"],"score":1664,"play_id":"aa4f792e-061e-4377-8521-9fcdb99e7a7e","local_time":"20181028222930","daily_mods":["SealedDeck"],"is_ascension_mode":true,"campfire_choices":[{"data":"Flex","floor":6,"key":"SMITH"},{"data":"Seeing Red","floor":15,"key":"SMITH"},{"data":"True Grit","floor":23,"key":"SMITH"},{"data":"Whirlwind","floor":25,"key":"SMITH"},{"data":"Bloodletting","floor":29,"key":"SMITH"},{"floor":32,"key":"REST"},{"data":"Sentinel","floor":40,"key":"SMITH"},{"data":"Warcry","floor":44,"key":"SMITH"},{"data":"Warcry","floor":49,"key":"SMITH"}],"neow_cost":"","seed_source_timestamp":0,"circlet_count":0,"master_deck":["AscendersBane","Havoc+1","Pommel Strike","Warcry+1","Bloodletting+1","Seeing Red+1","Flex+1","Battle Trance+1","Whirlwind+1","Warcry+1","Sentinel+1","True Grit+1","Thunderclap","Flex+1"],"relics":["Burning Blood","War Paint","Anchor","Red Skull","The Courier","Sundial","Singing Bowl","Black Star","Strange Spoon","Toxic Egg 2","Bag of Preparation","Blood Vial","Dodecahedron","Mercury Hourglass","Orichalcum","Regal Pillow","MutagenicStrength","Busted Crown","Bottled Flame","Charon\u0027s Ashes","Kunai","Self Forming Clay","Torii","Ice Cream"],"potions_floor_usage":[8,12,50],"damage_taken":[{"damage":3,"enemies":"Small Slimes","floor":1,"turns":1},{"damage":6,"enemies":"Cultist","floor":2,"turns":2},{"damage":15,"enemies":"Jaw Worm","floor":5,"turns":2},{"damage":3,"enemies":"Blue Slaver","floor":7,"turns":1},{"damage":29,"enemies":"Lagavulin","floor":8,"turns":3},{"damage":0,"enemies":"3 Sentries","floor":10,"turns":2},{"damage":3,"enemies":"Gremlin Nob","floor":11,"turns":2},{"damage":3,"enemies":"Gremlin Nob","floor":12,"turns":2},{"damage":0,"enemies":"2 Fungi Beasts","floor":13,"turns":1},{"damage":3,"enemies":"Large Slime","floor":14,"turns":3},{"damage":33,"enemies":"Slime Boss","floor":16,"turns":5},{"damage":0,"enemies":"3 Byrds","floor":18,"turns":3},{"damage":14,"enemies":"Spheric Guardian","floor":19,"turns":3},{"damage":7,"enemies":"Centurion and Healer","floor":22,"turns":2},{"damage":6,"enemies":"Gremlin Leader","floor":24,"turns":3},{"damage":3,"enemies":"3 Cultists","floor":27,"turns":1},{"damage":3,"enemies":"Slavers","floor":30,"turns":1},{"damage":31,"enemies":"Collector","floor":33,"turns":5},{"damage":0,"enemies":"3 Darklings","floor":35,"turns":1},{"damage":3,"enemies":"2 Orb Walkers","floor":37,"turns":1},{"damage":3,"enemies":"Orb Walker","floor":39,"turns":1},{"damage":3,"enemies":"Nemesis","floor":41,"turns":1},{"damage":3,"enemies":"Spire Growth","floor":42,"turns":1},{"damage":4,"enemies":"4 Shapes","floor":45,"turns":1},{"damage":3,"enemies":"3 Darklings","floor":46,"turns":1},{"damage":3,"enemies":"Reptomancer","floor":47,"turns":1},{"damage":12,"enemies":"Time Eater","floor":50,"turns":3}],"seed_played":"-463195173436820356","potions_obtained":[{"floor":1,"key":"Swift Potion"},{"floor":3,"key":"FearPotion"},{"floor":11,"key":"Ancient Potion"},{"floor":12,"key":"Dexterity Potion"},{"floor":41,"key":"PowerPotion"}],"is_trial":true,"path_per_floor":["M","M","?","?","M","R","M","E","T","E","?","E","M","M","R","B",null,"M","M","$","?","M","R","E","R","T","M","?","R","E","?","R","B",null,"M","$","?","?","M","R","E","M","T","R","M","M","E","?","R","B"],"character_chosen":"IRONCLAD","items_purchased":["Strange Spoon","Toxic Egg 2","Bottled Flame"],"campfire_rested":1,"item_purchase_floors":[20,20,36],"current_hp_per_floor":[71,71,71,60,51,51,54,31,31,37,40,45,51,56,56,31,69,77,71,71,46,45,45,47,47,47,54,54,54,61,61,96,73,92,100,100,102,102,104,104,106,108,108,108,110,112,114,116,116,110],"gold":155,"neow_bonus":"","is_prod":false,"is_daily":false,"chose_seed":false,"campfire_upgraded":8,"win_rate":0,"timestamp":1540780170,"path_taken":["M","M","?","?","M","R","M","E","T","E","?","E","M","?","R","BOSS","M","M","$","?","?","R","E","R","T","M","?","R","E","?","R","BOSS","M","$","?","?","M","R","E","M","T","R","?","M","E","?","R","BOSS"],"build_version":"2018-10-25v2","purchased_purges":2,"victory":true,"max_hp_per_floor":[75,75,75,75,75,75,75,75,75,75,75,77,77,79,79,81,81,83,85,85,90,90,90,92,92,92,94,94,94,96,96,96,98,98,100,100,102,102,104,104,106,108,108,108,110,112,114,116,116,116],"card_choices":[{"not_picked":["Perfected Strike","Intimidate"],"picked":"Warcry","floor":1},{"not_picked":["Second Wind","Heavy Blade","Warcry"],"picked":"SKIP","floor":2},{"not_picked":["Rage","Shrug It Off","Iron Wave"],"picked":"SKIP","floor":5},{"not_picked":["Bloodletting","Wild Strike"],"picked":"Sentinel","floor":7},{"not_picked":["Reckless Charge","Armaments","Shrug It Off"],"picked":"SKIP","floor":8},{"not_picked":["Clothesline","Pummel","Anger"],"picked":"SKIP","floor":10},{"not_picked":["Intimidate","Armaments"],"picked":"True Grit","floor":11},{"not_picked":["Limit Break","Headbutt","Anger"],"picked":"Singing Bowl","floor":12},{"not_picked":["Clash","Power Through"],"picked":"Thunderclap","floor":13},{"not_picked":["Spot Weakness","Disarm","Fire Breathing"],"picked":"Singing Bowl","floor":14},{"not_picked":["Juggernaut","Limit Break","Immolate"],"picked":"Singing Bowl","floor":16},{"not_picked":["Anger","Power Through","Iron Wave"],"picked":"Singing Bowl","floor":18},{"not_picked":["Body Slam","Rupture","Searing Blow"],"picked":"Singing Bowl","floor":19},{"not_picked":["Rage+1","Iron Wave"],"picked":"Flex+1","floor":22},{"not_picked":["Whirlwind","Burning Pact+1","Brutality"],"picked":"Singing Bowl","floor":24},{"not_picked":["Carnage","Whirlwind","Burning Pact+1"],"picked":"Singing Bowl","floor":27},{"not_picked":["Pummel","Burning Pact+1","Searing Blow"],"picked":"Singing Bowl","floor":30},{"not_picked":["Fiend Fire","Feed","Barricade"],"picked":"Singing Bowl","floor":33},{"not_picked":["Havoc+1"],"picked":"Singing Bowl","floor":35},{"not_picked":["Havoc+1"],"picked":"Singing Bowl","floor":37},{"not_picked":["Armaments+1"],"picked":"Singing Bowl","floor":39},{"not_picked":["Anger+1"],"picked":"Singing Bowl","floor":41},{"not_picked":["Hemokinesis"],"picked":"Singing Bowl","floor":42},{"not_picked":["Body Slam"],"picked":"Singing Bowl","floor":45},{"not_picked":["Armaments+1"],"picked":"Singing Bowl","floor":46},{"not_picked":["Anger"],"picked":"Singing Bowl","floor":47},{"not_picked":["Blind+1"],"picked":"Singing Bowl","floor":48}],"player_experience":867694,"relics_obtained":[{"floor":8,"key":"Anchor"},{"floor":9,"key":"Red Skull"},{"floor":10,"key":"The Courier"},{"floor":11,"key":"Sundial"},{"floor":12,"key":"Singing Bowl"},{"floor":24,"key":"Bag of Preparation"},{"floor":24,"key":"Blood Vial"},{"floor":26,"key":"Dodecahedron"},{"floor":28,"key":"Mercury Hourglass"},{"floor":30,"key":"Orichalcum"},{"floor":30,"key":"Regal Pillow"},{"floor":37,"key":"Charon\u0027s Ashes"},{"floor":41,"key":"Kunai"},{"floor":41,"key":"Self Forming Clay"},{"floor":43,"key":"Torii"},{"floor":47,"key":"Ice Cream"}],"event_choices":[{"damage_healed":0,"gold_gain":0,"player_choice":"Bought 1 Potion","damage_taken":0,"max_hp_gain":0,"max_hp_loss":0,"event_name":"The Woman in Blue","floor":3,"gold_loss":0},{"damage_healed":0,"gold_gain":0,"player_choice":"Success","damage_taken":11,"relics_obtained":["War Paint"],"max_hp_gain":0,"max_hp_loss":0,"event_name":"Scrap Ooze","floor":4,"gold_loss":0},{"damage_healed":0,"gold_gain":0,"player_choice":"Searched \u00271\u0027 times","damage_taken":0,"max_hp_gain":0,"max_hp_loss":0,"event_name":"Dead Adventurer","floor":11,"gold_loss":0},{"damage_healed":0,"gold_gain":0,"player_choice":"Shed Blood","damage_taken":30,"max_hp_gain":5,"max_hp_loss":0,"event_name":"Forgotten Altar","floor":21,"gold_loss":0},{"damage_healed":0,"gold_gain":0,"player_choice":"Relic","damage_taken":0,"max_hp_gain":0,"max_hp_loss":0,"event_name":"Wheel of Change","floor":28,"gold_loss":0},{"damage_healed":0,"gold_gain":0,"player_choice":"Inject Mutagens","damage_taken":0,"relics_obtained":["MutagenicStrength"],"max_hp_gain":0,"max_hp_loss":0,"event_name":"Drug Dealer","floor":31,"gold_loss":0},{"damage_healed":0,"gold_gain":0,"player_choice":"Fight","damage_taken":0,"max_hp_gain":0,"max_hp_loss":0,"event_name":"Mysterious Sphere","floor":37,"gold_loss":0},{"damage_healed":0,"gold_gain":0,"player_choice":"Ignored","damage_taken":0,"max_hp_gain":0,"max_hp_loss":0,"event_name":"Transmorgrifier","floor":38,"gold_loss":0},{"damage_healed":0,"gold_gain":0,"player_choice":"Memory 1","damage_taken":0,"max_hp_gain":0,"max_hp_loss":0,"event_name":"SensoryStone","floor":48,"gold_loss":0}],"is_beta":false,"boss_relics":[{"not_picked":["Fusion Hammer","Runic Pyramid"],"picked":"Black Star"},{"not_picked":["Eternal Feather","Black Blood"],"picked":"Busted Crown"}],"items_purged_floors":[20,36],"is_endless":false,"potions_floor_spawned":[1,7,11,12,22,27,39,41,45,46],"ascension_level":15}