{"gold_per_floor":[109,126,139,156,156,156,187,187,260,290,308,308,343,358,358,434,434,434,434,434,434,30,30,30,30,30,30,30,30,30,30,30,30,30,30,30,30,30,0,0,0,0,0,0,0,0,0,0,0,0],"floor_reached":51,"playtime":2456,"items_purged":[],"score":1371,"play_id":"b80a6bb1-5428-41fc-9704-7a05878bfb3d","local_time":"20190115193256","is_ascension_mode":true,"campfire_choices":[{"data":"Anger","floor":6,"key":"SMITH"},{"data":"1","floor":8,"key":"LIFT"},{"data":"2","floor":12,"key":"LIFT"},{"data":"3","floor":15,"key":"LIFT"},{"floor":23,"key":"DIG"},{"floor":27,"key":"DIG"},{"data":"Metallicize","floor":32,"key":"SMITH"},{"floor":40,"key":"DIG"},{"floor":42,"key":"DIG"},{"floor":49,"key":"DIG"}],"neow_cost":"NONE","seed_source_timestamp":8302061364018,"circlet_count":0,"master_deck":["AscendersBane","Strike_R","Strike_R","Strike_R","Defend_R","Defend_R","Defend_R","Defend_R","Bash","Anger+1","Intimidate","Flame Barrier","Pommel Strike","Clothesline","Iron Wave","Metallicize+1","Immolate","Shrug It Off","Inflame","Offering","Reaper","Barricade","Armaments","Master of Strategy","Body Slam+1","Pommel Strike+1"],"relics":["Burning Blood","Pen Nib","Girya","Sundial","Bag of Preparation","Shovel","Ectoplasm","Self Forming Clay","Kunai","Centennial Puzzle","Ice Cream","Dodecahedron","Gremlin Horn","Fusion Hammer","Red Mask","Singing Bowl","The Courier","Orichalcum","Du-Vu Doll","Boot","Blue Candle"],"potions_floor_usage":[7,10,10,10,13,19,24,24,29,31,35,50],"damage_taken":[{"damage":5,"enemies":"Jaw Worm","floor":1,"turns":5},{"damage":0,"enemies":"Cultist","floor":2,"turns":2},{"damage":9,"enemies":"2 Louse","floor":3,"turns":3},{"damage":2,"enemies":"Exordium Wildlife","floor":4,"turns":4},{"damage":27,"enemies":"3 Sentries","floor":7,"turns":8},{"damage":8,"enemies":"Gremlin Nob","floor":10,"turns":3},{"damage":0,"enemies":"Looter","floor":11,"turns":4},{"damage":8,"enemies":"3 Sentries","floor":13,"turns":7},{"damage":5,"enemies":"3 Louse","floor":14,"turns":2},{"damage":27,"enemies":"Slime Boss","floor":16,"turns":11},{"damage":22,"enemies":"Shell Parasite","floor":18,"turns":5},{"damage":3,"enemies":"3 Byrds","floor":19,"turns":5},{"damage":0,"enemies":"Snecko","floor":20,"turns":3},{"damage":1,"enemies":"Centurion and Healer","floor":21,"turns":5},{"damage":18,"enemies":"Book of Stabbing","floor":24,"turns":4},{"damage":38,"enemies":"Gremlin Leader","floor":29,"turns":4},{"damage":18,"enemies":"Book of Stabbing","floor":31,"turns":5},{"damage":22,"enemies":"Collector","floor":33,"turns":9},{"damage":9,"enemies":"Orb Walker","floor":35,"turns":4},{"damage":2,"enemies":"3 Shapes","floor":36,"turns":5},{"damage":0,"enemies":"Sphere and 2 Shapes","floor":44,"turns":2},{"damage":5,"enemies":"3 Darklings","floor":45,"turns":4},{"damage":6,"enemies":"Mind Bloom Boss Battle","floor":46,"turns":6},{"damage":6,"enemies":"Transient","floor":47,"turns":5},{"damage":6,"enemies":"Giant Head","floor":48,"turns":7},{"damage":29,"enemies":"Time Eater","floor":50,"turns":10}],"seed_played":"6886320576919146284","potions_obtained":[{"floor":3,"key":"Weak Potion"},{"floor":7,"key":"EntropicBrew"},{"floor":10,"key":"EssenceOfSteel"},{"floor":16,"key":"FearPotion"},{"floor":18,"key":"Energy Potion"},{"floor":20,"key":"FearPotion"},{"floor":24,"key":"Fruit Juice"},{"floor":29,"key":"Swift Potion"},{"floor":33,"key":"Regen Potion"},{"floor":35,"key":"GamblersBrew"},{"floor":44,"key":"AttackPotion"},{"floor":45,"key":"Strength Potion"}],"is_trial":false,"path_per_floor":["M","M","M","M","?","R","E","R","T","E","M","R","E","M","R","B",null,"M","M","M","M","$","R","E","?","T","R","$","E","$","E","R","B",null,"M","M","?","?","?","R","$","R","T","M","M","?","M","E","R","B",null],"character_chosen":"IRONCLAD","items_purchased":["Self Forming Clay","Offering"],"campfire_rested":0,"item_purchase_floors":[22,22],"current_hp_per_floor":[69,75,72,75,68,68,47,47,47,54,60,60,58,59,59,38,66,50,53,59,64,64,64,57,57,57,57,57,46,46,52,52,47,72,80,80,76,76,76,76,76,76,76,78,80,82,82,82,82,77],"gold":0,"neow_bonus":"RANDOM_COMMON_RELIC","is_prod":false,"is_daily":false,"chose_seed":false,"campfire_upgraded":2,"win_rate":0,"timestamp":1547598776,"path_taken":["M","M","M","M","?","R","E","R","T","E","M","R","E","M","R","BOSS","M","M","M","M","$","R","E","?","T","R","$","E","?","E","R","BOSS","M","M","?","?","?","R","$","R","T","M","M","?","M","E","R","BOSS"],"build_version":"2019-01-10","purchased_purges":0,"victory":true,"max_hp_per_floor":[75,75,75,75,75,75,75,75,75,75,75,75,75,75,75,75,75,75,75,75,75,75,75,80,80,80,80,80,80,80,80,80,80,80,80,80,76,76,76,76,76,76,76,78,80,82,82,82,82,82],"card_choices":[{"not_picked":["True Grit","Thunderclap"],"picked":"Anger","floor":1},{"not_picked":["Perfected Strike","Warcry"],"picked":"Intimidate","floor":2},{"not_picked":["Twin Strike","Havoc"],"picked":"Flame Barrier","floor":3},{"not_picked":["Havoc","Ghostly Armor"],"picked":"Pommel Strike","floor":4},{"not_picked":["Rampage","Dark Embrace"],"picked":"Clothesline","floor":7},{"not_picked":["Second Wind","Body Slam"],"picked":"Iron Wave","floor":10},{"not_picked":["Sword Boomerang","Anger","True Grit"],"picked":"SKIP","floor":11},{"not_picked":["Ghostly Armor","Heavy Blade","Rupture"],"picked":"SKIP","floor":13},{"not_picked":["Body Slam","True Grit"],"picked":"Metallicize","floor":14},{"not_picked":["Limit Break","Demon Form"],"picked":"Immolate","floor":16},{"not_picked":["Rupture","Headbutt","Clothesline"],"picked":"SKIP","floor":18},{"not_picked":["Reckless Charge","Havoc"],"picked":"Shrug It Off","floor":19},{"not_picked":["Sword Boomerang","Rupture","Anger"],"picked":"SKIP","floor":20},{"not_picked":["Wild Strike","Clash"],"picked":"Inflame","floor":21},{"not_picked":["Flex+1","Disarm"],"picked":"Reaper","floor":24},{"not_picked":["Clash","Blood for Blood","Twin Strike"],"picked":"SKIP","floor":29},{"not_picked":["Immolate","Havoc","Thunderclap"],"picked":"SKIP","floor":31},{"not_picked":["Double Tap","Juggernaut"],"picked":"Barricade","floor":33},{"not_picked":["Headbutt","Pommel Strike","True Grit"],"picked":"SKIP","floor":35},{"not_picked":["Wild Strike+1","Flex"],"picked":"Armaments","floor":36},{"not_picked":["Purity","Flash of Steel"],"picked":"Master of Strategy","floor":38},{"not_picked":["Armaments","Clothesline","Havoc+1"],"picked":"Singing Bowl","floor":44},{"not_picked":["Ghostly Armor","Intimidate","Infernal Blade"],"picked":"Singing Bowl","floor":45},{"not_picked":["Cleave+1","Sword Boomerang","Pommel Strike"],"picked":"Singing Bowl","floor":46},{"not_picked":["Perfected Strike","Sever Soul"],"picked":"Body Slam+1","floor":47},{"not_picked":["Metallicize","Dual Wield"],"picked":"Pommel Strike+1","floor":48}],"player_experience":1021834,"relics_obtained":[{"floor":7,"key":"Girya"},{"floor":9,"key":"Sundial"},{"floor":10,"key":"Bag of Preparation"},{"floor":13,"key":"Shovel"},{"floor":23,"key":"Kunai"},{"floor":24,"key":"Centennial Puzzle"},{"floor":27,"key":"Ice Cream"},{"floor":29,"key":"Dodecahedron"},{"floor":31,"key":"Gremlin Horn"},{"floor":40,"key":"Singing Bowl"},{"floor":42,"key":"The Courier"},{"floor":43,"key":"Orichalcum"},{"floor":46,"key":"Du-Vu Doll"},{"floor":48,"key":"Boot"},{"floor":49,"key":"Blue Candle"}],"event_choices":[{"cards_removed":["Strike_R"],"damage_healed":0,"gold_gain":0,"player_choice":"Card Removal","damage_taken":7,"max_hp_gain":0,"max_hp_loss":0,"event_name":"Golden Wing","floor":5,"gold_loss":0},{"cards_removed":["Strike_R"],"damage_healed":0,"gold_gain":0,"player_choice":"Purged","damage_taken":0,"max_hp_gain":0,"max_hp_loss":0,"event_name":"Purifier","floor":25,"gold_loss":0},{"damage_healed":0,"gold_gain":0,"player_choice":"Max HP","damage_taken":0,"max_hp_gain":0,"max_hp_loss":4,"event_name":"Winding Halls","floor":37,"gold_loss":0},{"damage_healed":0,"gold_gain":0,"player_choice":"Memory 1","damage_taken":0,"max_hp_gain":0,"max_hp_loss":0,"event_name":"SensoryStone","floor":38,"gold_loss":0},{"damage_healed":0,"gold_gain":0,"player_choice":"Paid","damage_taken":0,"relics_obtained":["Red Mask"],"max_hp_gain":0,"max_hp_loss":0,"event_name":"Tomb of Lord Red Mask","floor":39,"gold_loss":30},{"damage_healed":0,"gold_gain":0,"player_choice":"Fight","damage_taken":0,"max_hp_gain":0,"max_hp_loss":0,"event_name":"MindBloom","floor":46,"gold_loss":0}],"is_beta":false,"boss_relics":[{"not_picked":["Mark of Pain","Orrery"],"picked":"Ectoplasm"},{"not_picked":["Sozu","Busted Crown"],"picked":"Fusion Hammer"}],"items_purged_floors":[],"is_endless":false,"potions_floor_spawned":[3,7,10,16,18,20,24,29,33,35,44,45],"ascension_level":15}