{"gold_per_floor":[117,117,132,148,163,163,191,191,214,240,251,281,300,300,300,300],"floor_reached":16,"playtime":736,"items_purged":[],"score":265,"play_id":"0cacd640-f88c-4206-b68d-8678aea94e49","local_time":"20190225222340","is_ascension_mode":true,"campfire_choices":[{"data":"Zap","floor":6,"key":"SMITH"},{"data":"Hologram","floor":8,"key":"SMITH"},{"data":"Electrodynamics","floor":15,"key":"SMITH"}],"neow_cost":"NONE","seed_source_timestamp":1115868626766953,"circlet_count":0,"master_deck":["AscendersBane","Strike_B","Strike_B","Strike_B","Defend_B","Defend_B","Defend_B","Defend_B","Zap+1","Dualcast","Multi-Cast","Hologram+1","Cold Snap","Electrodynamics+1","Go for the Eyes","Biased Cognition","Heatsinks","Cold Snap","Cold Snap","Force Field"],"relics":["Cracked Core","Regal Pillow","Happy Flower","Potion Belt","Sundial","Golden Idol"],"potions_floor_usage":[7,7,10,13,16],"damage_taken":[{"damage":5,"enemies":"Small Slimes","floor":1,"turns":3},{"damage":0,"enemies":"Cultist","floor":3,"turns":4},{"damage":4,"enemies":"2 Louse","floor":4,"turns":3},{"damage":0,"enemies":"2 Fungi Beasts","floor":5,"turns":4},{"damage":5,"enemies":"3 Sentries","floor":7,"turns":5},{"damage":0,"enemies":"Gremlin Nob","floor":10,"turns":4},{"damage":0,"enemies":"Large Slime","floor":11,"turns":4},{"damage":5,"enemies":"3 Sentries","floor":12,"turns":3},{"damage":0,"enemies":"Gremlin Gang","floor":13,"turns":4},{"damage":46,"enemies":"Slime Boss","floor":16,"turns":14}],"seed_played":"-1868163601307824309","potions_obtained":[{"floor":3,"key":"EntropicBrew"},{"floor":4,"key":"SkillPotion"},{"floor":10,"key":"PowerPotion"},{"floor":12,"key":"SkillPotion"}],"is_trial":false,"path_per_floor":["M","?","M","M","M","R","E","R","T","E","M","E","M","?","R","B"],"character_chosen":"DEFECT","items_purchased":[],"campfire_rested":0,"item_purchase_floors":[],"current_hp_per_floor":[59,59,59,55,55,55,50,50,50,50,50,45,45,45,45,0],"gold":300,"neow_bonus":"ONE_RANDOM_RARE_CARD","is_prod":false,"is_daily":false,"chose_seed":false,"campfire_upgraded":3,"win_rate":0,"timestamp":1551151420,"path_taken":["M","?","M","M","M","R","E","R","T","E","M","E","?","?","R","BOSS"],"build_version":"2019-01-23","purchased_purges":0,"victory":false,"max_hp_per_floor":[71,71,71,71,71,71,71,71,71,71,71,71,71,64,64,64],"card_choices":[{"not_picked":["Coolheaded","Barrage"],"picked":"Hologram","floor":1},{"not_picked":["Ball Lightning","BootSequence"],"picked":"Cold Snap","floor":3},{"not_picked":["Lockon","Cold Snap"],"picked":"Electrodynamics","floor":4},{"not_picked":["Loop","FTL"],"picked":"Go for the Eyes","floor":5},{"not_picked":["Hologram","Force Field"],"picked":"Biased Cognition","floor":7},{"not_picked":["Melter","Beam Cell"],"picked":"Heatsinks","floor":10},{"not_picked":["Streamline","Steam"],"picked":"Cold Snap","floor":11},{"not_picked":["Amplify","Hologram"],"picked":"Cold Snap","floor":12},{"not_picked":["Gash","Hologram"],"picked":"Force Field","floor":13}],"player_experience":381079,"relics_obtained":[{"floor":7,"key":"Regal Pillow"},{"floor":9,"key":"Happy Flower"},{"floor":10,"key":"Potion Belt"},{"floor":12,"key":"Sundial"}],"event_choices":[{"cards_removed":["Strike_B"],"damage_healed":0,"gold_gain":0,"player_choice":"Purged","damage_taken":0,"max_hp_gain":0,"max_hp_loss":0,"event_name":"Purifier","floor":2,"gold_loss":0},{"damage_healed":0,"gold_gain":0,"player_choice":"Lose Max HP","damage_taken":0,"relics_obtained":["Golden Idol"],"max_hp_gain":0,"max_hp_loss":7,"event_name":"Golden Idol","floor":14,"gold_loss":0}],"is_beta":false,"boss_relics":[],"items_purged_floors":[],"is_endless":false,"potions_floor_spawned":[3,4,10,12],"killed_by":"Slime Boss","ascension_level":16}