{"path_per_floor":["M","?","M","M","?","R","?","$","T","R","E","R","$","M","R","B",null,"M","?","$","T","M","E","M","E","T","M","M","R","M","M","R","B",null,"M","$","M","M","?","E","?","R","T","R","E","?","M","M","R"],"character_chosen":"THE_SILENT","items_purchased":["Acrobatics","Infinite Blades","Dead Branch","Peace Pipe"],"gold_per_floor":[119,119,131,142,142,142,142,44,92,92,131,131,94,107,107,238,276,301,301,15,15,31,72,91,125,125,144,168,168,187,205,205,328,328,342,54,77,102,0,40,96,96,96,96,129,129,153,173,173],"floor_reached":50,"campfire_rested":5,"playtime":4332,"current_hp_per_floor":[63,56,56,55,40,58,58,58,58,58,33,33,33,33,51,35,68,68,68,68,68,68,47,53,52,52,30,14,34,27,26,46,21,68,68,68,59,59,59,58,66,66,66,66,57,57,46,27,51],"items_purged":["Defend_G"],"gold":173,"score":590,"play_id":"a56bb244-c7b5-40cc-a350-a1452fcebd6e","is_prod":false,"is_daily":false,"is_ascension_mode":true,"campfire_upgraded":3,"path_taken":["M","?","M","?","?","R","?","$","T","R","E","R","$","?","R","BOSS","M","?","$","?","M","E","M","E","T","M","M","R","M","M","R","BOSS","M","$","M","M","?","E","?","R","T","R","E","?","M","M","R","BOSS"],"build_version":"2018-02-15-PROD1","purchased_purges":1,"victory":false,"master_deck":["Defend_G","Defend_G","Strike_G","Strike_G+1","Survivor","Neutralize+1","Flying Knee","Dagger Spray","Sucker Punch","Cloak And Dagger+1","Acrobatics","Choke","Infinite Blades","A Thousand Cuts","Quick Slash","Deflect","Accuracy+1","PiercingWail","Cloak And Dagger","Dodge and Roll+1","Blur+1","Leg Sweep+1","Blade Dance+1","Dodge and Roll+1"],"max_hp_per_floor":[63,63,63,63,63,63,63,63,63,63,63,63,63,63,63,63,68,68,68,68,68,68,68,68,68,68,68,68,68,68,68,68,68,68,68,68,68,68,68,68,82,82,82,82,82,82,82,82,82],"relics":["Ring of the Snake","Golden Idol","Orichalcum","Ornamental Fan","Tiny House","Dead Branch","Thread and Needle","Anchor","Tingsha","Torii","Philosopher\u0027s Stone","Peace Pipe","Red Mask","Unceasing Top","Mango","Bird Faced Urn","Toolbox"],"card_choices":[{"not_picked":["Skewer","Underhanded Strike"],"picked":"Flying Knee"},{"not_picked":["Sucker Punch","Flechettes"],"picked":"Dagger Spray"},{"not_picked":["Slice","Outmaneuver"],"picked":"Sucker Punch"},{"not_picked":["Flechettes","Outmaneuver"],"picked":"Choke"},{"not_picked":["Corpse Explosion","Glass Knife"],"picked":"A Thousand Cuts"},{"not_picked":["Endless Agony","Flying Knee"],"picked":"Quick Slash"},{"not_picked":["PiercingWail","Dagger Throw"],"picked":"Deflect"},{"not_picked":["Slice","Deadly Poison"],"picked":"PiercingWail"},{"not_picked":["Endless Agony","All Out Attack"],"picked":"Cloak And Dagger"},{"not_picked":["Backflip","Quick Slash"],"picked":"Dodge and Roll"},{"not_picked":["Distraction","Bane"],"picked":"Blur"},{"not_picked":["Quick Slash","Adrenaline"],"picked":"Leg Sweep"},{"not_picked":["Well Laid Plans","Predator"],"picked":"Blade Dance"},{"not_picked":["Deflect","Poisoned Stab"],"picked":"Dodge and Roll"}],"player_experience":168067,"potions_floor_usage":[50],"damage_taken":[{"damage":0.0,"enemies":"2 Louse","floor":1.0,"turns":3.0},{"damage":0.0,"enemies":"Cultist","floor":3.0,"turns":4.0},{"damage":1.0,"enemies":"Small Slimes","floor":4.0,"turns":3.0},{"damage":25.0,"enemies":"Lagavulin","floor":11.0,"turns":8.0},{"damage":0.0,"enemies":"Exordium Wildlife","floor":14.0,"turns":4.0},{"damage":16.0,"enemies":"Slime Boss","floor":16.0,"turns":12.0},{"damage":0.0,"enemies":"Chosen","floor":18.0,"turns":5.0},{"damage":0.0,"enemies":"Spheric Guardian","floor":22.0,"turns":4.0},{"damage":21.0,"enemies":"Gremlin Leader","floor":23.0,"turns":7.0},{"damage":0.0,"enemies":"Snecko","floor":24.0,"turns":3.0},{"damage":1.0,"enemies":"Book of Stabbing","floor":25.0,"turns":5.0},{"damage":22.0,"enemies":"Sentry and Sphere","floor":27.0,"turns":6.0},{"damage":16.0,"enemies":"Cultist and Chosen","floor":28.0,"turns":6.0},{"damage":7.0,"enemies":"Slaver and Parasite","floor":30.0,"turns":6.0},{"damage":1.0,"enemies":"Snake Plant","floor":31.0,"turns":7.0},{"damage":25.0,"enemies":"Automaton","floor":33.0,"turns":12.0},{"damage":0.0,"enemies":"Orb Walker","floor":35.0,"turns":4.0},{"damage":9.0,"enemies":"3 Darklings","floor":37.0,"turns":6.0},{"damage":0.0,"enemies":"Maw","floor":38.0,"turns":8.0},{"damage":1.0,"enemies":"Nemesis","floor":40.0,"turns":5.0},{"damage":6.0,"enemies":"Mysterious Sphere","floor":41.0,"turns":5.0},{"damage":19.0,"enemies":"Giant Head","floor":45.0,"turns":8.0},{"damage":17.0,"enemies":"4 Shapes","floor":47.0,"turns":8.0},{"damage":25.0,"enemies":"3 Darklings","floor":48.0,"turns":4.0},{"damage":61,"enemies":"Time Eater","floor":50,"turns":6}],"event_choices":[{"event_name":"Golden Wing","player_choice":"Card Removal","floor":2.0,"damage_taken":0.0},{"event_name":"Golden Idol","player_choice":"Take Damage","floor":5.0,"damage_taken":0.0},{"event_name":"Transmorgrifier","player_choice":"Transform","floor":7.0,"damage_taken":0.0},{"event_name":"The Library","player_choice":"Read","floor":19.0,"damage_taken":0.0},{"event_name":"Tomb of Lord Red Mask","player_choice":"Paid","floor":39.0,"damage_taken":0.0},{"event_name":"Mysterious Sphere","player_choice":"Fight","floor":41.0,"damage_taken":0.0},{"event_name":"The Lab","player_choice":"Got Potions","floor":46.0,"damage_taken":0.0}],"boss_relics":[],"potions_floor_spawned":[3,16,24,28,33,37,40,41],"seed_played":"5163850737971030286","killed_by":"Time Eater","ascension_level":4,"is_trial":false}