{"gold_per_floor":[117,97,114,134,209,209,235,235,260,285,285,255,255,270,270,270],"floor_reached":16,"playtime":585,"items_purged":[],"score":184,"play_id":"3e4c6321-b5f8-426a-ba42-2247af3dedda","local_time":"20180715170353","is_ascension_mode":true,"campfire_choices":[{"data":"Body Slam","floor":6,"key":"SMITH"},{"floor":8,"key":"REST"},{"data":"1","floor":15,"key":"LIFT"}],"neow_cost":"","seed_source_timestamp":121520052848394,"circlet_count":0,"master_deck":["Strike_R","Strike_R","Strike_R","Strike_R","Defend_R","Defend_R","Defend_R","Defend_R","Bash","AscendersBane","Feel No Pain","Burning Pact","Body Slam+1","True Grit","Pummel","Metallicize"],"relics":["Burning Blood","Juzu Bracelet","Omamori","Girya","Torii"],"potions_floor_usage":[7,7],"damage_taken":[{"damage":3,"enemies":"Small Slimes","floor":1,"turns":3},{"damage":3,"enemies":"Cultist","floor":3,"turns":4},{"damage":3,"enemies":"2 Louse","floor":4,"turns":4},{"damage":54,"enemies":"Lagavulin","floor":7,"turns":7},{"damage":25,"enemies":"3 Sentries","floor":10,"turns":12},{"damage":7,"enemies":"Looter","floor":12,"turns":4},{"damage":1,"enemies":"Blue Slaver","floor":14,"turns":4},{"damage":25,"enemies":"The Guardian","floor":16,"turns":7}],"seed_played":"4051730589449518995","potions_obtained":[{"floor":1,"key":"Weak Potion"},{"floor":2,"key":"SkillPotion"},{"floor":3,"key":"Strength Potion"}],"is_trial":false,"path_per_floor":["M","?","M","M","?","R","E","R","T","E","T","M","?","M","R"],"character_chosen":"IRONCLAD","items_purchased":[],"campfire_rested":1,"item_purchase_floors":[],"current_hp_per_floor":[71,71,74,75,64,64,16,38,38,19,19,18,18,23,23,0],"gold":270,"neow_bonus":"","is_prod":false,"is_daily":false,"chose_seed":false,"campfire_upgraded":1,"win_rate":0,"timestamp":1531688633,"path_taken":["M","?","M","M","?","R","E","R","T","E","?","M","?","M","R","BOSS"],"build_version":"2018-07-12","purchased_purges":0,"victory":false,"max_hp_per_floor":[75,75,75,75,75,75,75,75,75,75,75,75,75,75,75,75],"card_choices":[{"not_picked":["Rage","Bloodletting"],"picked":"Feel No Pain","floor":1},{"not_picked":["Havoc","Sword Boomerang"],"picked":"Burning Pact","floor":3},{"not_picked":["Disarm","Clash"],"picked":"Body Slam","floor":4},{"not_picked":["Clash","Flex","Demon Form"],"picked":"SKIP","floor":7},{"not_picked":["Heavy Blade","Bludgeon"],"picked":"True Grit","floor":10},{"not_picked":["Warcry","Blood for Blood"],"picked":"Pummel","floor":12},{"not_picked":["Rupture","Heavy Blade"],"picked":"Metallicize","floor":14}],"player_experience":468086,"relics_obtained":[{"floor":7,"key":"Juzu Bracelet"},{"floor":9,"key":"Omamori"},{"floor":10,"key":"Girya"},{"floor":11,"key":"Torii"}],"event_choices":[{"event_name":"The Woman in Blue","player_choice":"Bought 1 Potion","floor":2,"damage_taken":0},{"event_name":"World of Goop","player_choice":"Gather Gold","floor":5,"damage_taken":0},{"event_name":"Bonfire Elementals","player_choice":"BASIC","floor":13,"damage_taken":0}],"boss_relics":[],"items_purged_floors":[],"is_endless":false,"potions_floor_spawned":[1,3],"killed_by":"The Guardian","ascension_level":14}