{"gold_per_floor":[112,123,141,160,6,6,24,24,49,49,64,76,106,1,1,78,78,88,88,106,126,126],"floor_reached":22,"playtime":787,"items_purged":[],"score":333,"play_id":"45dabb8e-8568-4f4d-81ca-6badbcce08b1","local_time":"20181125192429","is_ascension_mode":true,"campfire_choices":[{"data":"Searing Blow","floor":6,"key":"SMITH"},{"data":"Searing Blow+1","floor":10,"key":"SMITH"},{"data":"Searing Blow+2","floor":15,"key":"SMITH"}],"neow_cost":"NONE","seed_source_timestamp":423178479928785,"circlet_count":0,"master_deck":["AscendersBane","Strike_R","Strike_R","Strike_R","Strike_R","Strike_R","Defend_R","Defend_R","Defend_R","Defend_R","Bash","Armaments","Clothesline","Thunderclap","Searing Blow+3","Metallicize","Shrug It Off","Juggernaut","Feel No Pain","Corruption","Whirlwind","Fiend Fire","Sentinel","True Grit","Armaments","Shrug It Off"],"relics":["Burning Blood","NeowsBlessing","Bag of Marbles","Vajra","Ancient Tea Set","Art of War","Orrery"],"potions_floor_usage":[18,20,20,22],"damage_taken":[{"damage":0,"enemies":"Cultist","floor":1,"turns":1},{"damage":0,"enemies":"2 Louse","floor":2,"turns":2},{"damage":0,"enemies":"Small Slimes","floor":3,"turns":1},{"damage":8,"enemies":"Blue Slaver","floor":4,"turns":4},{"damage":7,"enemies":"2 Fungi Beasts","floor":7,"turns":3},{"damage":0,"enemies":"Exordium Thugs","floor":11,"turns":3},{"damage":3,"enemies":"Looter","floor":12,"turns":3},{"damage":18,"enemies":"Lagavulin","floor":13,"turns":8},{"damage":21,"enemies":"Hexaghost","floor":16,"turns":10},{"damage":16,"enemies":"2 Thieves","floor":18,"turns":3},{"damage":19,"enemies":"Shell Parasite","floor":20,"turns":13},{"damage":35,"enemies":"Snake Plant","floor":21,"turns":6},{"damage":35,"enemies":"Cultist and Chosen","floor":22,"turns":4}],"seed_played":"-2634976656407455364","potions_obtained":[{"floor":3,"key":"Swift Potion"},{"floor":4,"key":"SteroidPotion"},{"floor":12,"key":"Energy Potion"},{"floor":18,"key":"Regen Potion"},{"floor":21,"key":"FearPotion"}],"is_trial":false,"path_per_floor":["M","M","M","M","$","R","M","?","T","R","M","M","E","$","R","B",null,"M","$","M","M","M"],"character_chosen":"IRONCLAD","items_purchased":["Bag of Marbles","Corruption","Whirlwind"],"campfire_rested":0,"item_purchase_floors":[5,14,14],"current_hp_per_floor":[74,75,75,73,73,73,72,37,37,37,43,46,34,34,34,19,61,51,51,53,24,0],"gold":126,"neow_bonus":"THREE_ENEMY_KILL","is_prod":false,"is_daily":false,"chose_seed":false,"campfire_upgraded":3,"win_rate":0,"timestamp":1543191869,"path_taken":["M","M","M","?","$","R","M","?","T","R","M","M","E","$","R","BOSS","M","$","M","M","M"],"build_version":"2018-11-15","purchased_purges":0,"victory":false,"max_hp_per_floor":[75,75,75,75,75,75,75,75,75,75,75,75,75,75,75,75,75,75,75,75,75,75],"card_choices":[{"not_picked":["Headbutt","Rupture"],"picked":"Armaments","floor":1},{"not_picked":["Anger","Sword Boomerang"],"picked":"Clothesline","floor":2},{"not_picked":["Havoc","Dual Wield"],"picked":"Thunderclap","floor":3},{"not_picked":["Sever Soul","Cleave"],"picked":"Searing Blow","floor":4},{"not_picked":["Iron Wave","Headbutt"],"picked":"Metallicize","floor":7},{"not_picked":["Perfected Strike","Iron Wave"],"picked":"Shrug It Off","floor":11},{"not_picked":["Wild Strike","Ghostly Armor"],"picked":"Juggernaut","floor":12},{"not_picked":["Anger","Burning Pact"],"picked":"Feel No Pain","floor":13},{"not_picked":["Double Tap","Demon Form"],"picked":"Fiend Fire","floor":16},{"not_picked":["Rupture","Carnage"],"picked":"Sentinel","floor":17},{"not_picked":["Seeing Red","Anger"],"picked":"True Grit","floor":17},{"not_picked":["Anger","Entrench"],"picked":"Armaments","floor":18},{"not_picked":["Heavy Blade","Sword Boomerang","Bloodletting"],"picked":"SKIP","floor":20},{"not_picked":["Feel No Pain","Evolve"],"picked":"Shrug It Off","floor":21}],"player_experience":942364,"relics_obtained":[{"floor":9,"key":"Ancient Tea Set"},{"floor":13,"key":"Art of War"}],"event_choices":[{"damage_healed":0,"gold_gain":0,"player_choice":"Success","damage_taken":35,"relics_obtained":["Vajra"],"max_hp_gain":0,"max_hp_loss":0,"event_name":"Scrap Ooze","floor":8,"gold_loss":0}],"is_beta":false,"boss_relics":[{"not_picked":["White Beast Statue","Busted Crown"],"picked":"Orrery"}],"items_purged_floors":[],"is_endless":false,"potions_floor_spawned":[3,4,12,13,18,21],"killed_by":"Cultist and Chosen","ascension_level":15}