{"gold_per_floor":[118,137,156,156,171,202,170,183,183,183,256,292,292,308,308,439,439,455,480,504,504,524,565,44,44,44,44,62,80,115,130,130,231,231,243,254,254,273,291,320,340,353,353,453,463,475,475,485,485,485],"floor_reached":51,"playtime":3712,"items_purged":["Injury"],"score":764,"play_id":"cab0cfbc-2c78-4194-b6d6-5f5991c17e34","local_time":"20190115224419","is_ascension_mode":false,"campfire_choices":[{"floor":13,"key":"REST"},{"data":"Sucker Punch","floor":15,"key":"SMITH"},{"data":"Envenom","floor":27,"key":"SMITH"},{"data":"Corpse Explosion","floor":32,"key":"SMITH"},{"floor":47,"key":"DIG"},{"floor":49,"key":"REST"}],"neow_cost":"NONE","seed_source_timestamp":532868235776142,"circlet_count":0,"master_deck":["Defend_G+1","Defend_G+1","Defend_G+1","Defend_G+1","Defend_G+1","Strike_G+1","Strike_G+1","Strike_G+1","Strike_G+1","Strike_G+1","Survivor","Neutralize+1","Backflip","Endless Agony+1","Poisoned Stab","Heel Hook","Die Die Die","Backflip","Sucker Punch+1","Dagger Spray","Backstab","Deflect","Envenom+1","Backflip","Deflect","Slice","Finisher+1","Dagger Spray+1","Distraction","Swift Strike","PiercingWail+1","Bouncing Flask+1","Corpse Explosion+1","Flying Knee+1","Die Die Die","Slice+1","Terror+1","Blur+1","Poisoned Stab+1","Deflect+1","Writhe","Backstab","Poisoned Stab+1","Glass Knife"],"relics":["Ring of the Snake","Bloody Idol","Dream Catcher","Sundial","Regal Pillow","Meat on the Bone","Cursed Key","Art of War","PreservedInsect","Oddly Smooth Stone","Mercury Hourglass","Omamori","White Beast Statue","Bag of Preparation","Shovel","Smiling Mask"],"potions_floor_usage":[6,11,19,30,31,33,38,40,42,50,50],"damage_taken":[{"damage":1,"enemies":"Jaw Worm","floor":1,"turns":6},{"damage":0,"enemies":"2 Louse","floor":2,"turns":2},{"damage":0,"enemies":"Small Slimes","floor":3,"turns":3},{"damage":2,"enemies":"2 Fungi Beasts","floor":5,"turns":4},{"damage":16,"enemies":"3 Sentries","floor":6,"turns":12},{"damage":0,"enemies":"3 Louse","floor":8,"turns":2},{"damage":4,"enemies":"Gremlin Nob","floor":11,"turns":3},{"damage":14,"enemies":"Gremlin Nob","floor":12,"turns":4},{"damage":4,"enemies":"Blue Slaver","floor":14,"turns":3},{"damage":50,"enemies":"Hexaghost","floor":16,"turns":15},{"damage":7,"enemies":"Chosen","floor":18,"turns":4},{"damage":0,"enemies":"Spheric Guardian","floor":19,"turns":4},{"damage":7,"enemies":"Snecko","floor":20,"turns":6},{"damage":1,"enemies":"3 Cultists","floor":22,"turns":5},{"damage":3,"enemies":"Book of Stabbing","floor":23,"turns":4},{"damage":0,"enemies":"Shelled Parasite and Fungi","floor":28,"turns":3},{"damage":0,"enemies":"Snake Plant","floor":29,"turns":3},{"damage":0,"enemies":"Gremlin Leader","floor":30,"turns":2},{"damage":12,"enemies":"Sentry and Sphere","floor":31,"turns":4},{"damage":40,"enemies":"Collector","floor":33,"turns":9},{"damage":10,"enemies":"3 Darklings","floor":35,"turns":3},{"damage":12,"enemies":"3 Shapes","floor":36,"turns":3},{"damage":17,"enemies":"Maw","floor":38,"turns":8},{"damage":0,"enemies":"Jaw Worm Horde","floor":39,"turns":2},{"damage":16,"enemies":"Reptomancer","floor":40,"turns":5},{"damage":2,"enemies":"3 Darklings","floor":41,"turns":3},{"damage":27,"enemies":"Writhing Mass","floor":42,"turns":5},{"damage":0,"enemies":"Mind Bloom Boss Battle","floor":44,"turns":5},{"damage":0,"enemies":"Spire Growth","floor":45,"turns":4},{"damage":10,"enemies":"Transient","floor":46,"turns":5},{"damage":22,"enemies":"3 Darklings","floor":48,"turns":2},{"damage":58,"enemies":"Donu and Deca","floor":50,"turns":6}],"seed_played":"-8406012420714955214","potions_obtained":[{"floor":5,"key":"Block Potion"},{"floor":8,"key":"Fire Potion"},{"floor":11,"key":"SpeedPotion"},{"floor":16,"key":"Explosive Potion"},{"floor":23,"key":"PowerPotion"},{"floor":28,"key":"Explosive Potion"},{"floor":31,"key":"Ancient Potion"},{"floor":33,"key":"FearPotion"},{"floor":35,"key":"Weak Potion"},{"floor":38,"key":"Energy Potion"},{"floor":39,"key":"PowerPotion"},{"floor":40,"key":"Swift Potion"},{"floor":41,"key":"SteroidPotion"},{"floor":42,"key":"FearPotion"}],"is_trial":false,"path_per_floor":["M","M","M","?","M","E","?","M","T","?","?","E","R","M","R","B",null,"M","M","M","?","M","E","$","?","T","R","M","M","E","M","R","B",null,"M","M","?","M","M","E","M","M","T","?","M","M","R","M","R","B",null],"character_chosen":"THE_SILENT","items_purchased":["PreservedInsect","Oddly Smooth Stone","Distraction","Swift Strike"],"campfire_rested":2,"item_purchase_floors":[24,24,24,24],"current_hp_per_floor":[69,69,69,69,67,51,51,51,51,37,33,19,55,51,51,13,70,63,63,56,56,55,52,52,52,52,52,57,62,67,60,60,37,70,65,58,58,46,51,52,55,45,45,50,55,50,50,45,70,24],"gold":485,"neow_bonus":"UPGRADE_CARD","is_prod":false,"is_daily":false,"chose_seed":false,"campfire_upgraded":3,"win_rate":0.0,"timestamp":1547610259,"path_taken":["M","M","M","?","M","E","?","M","T","?","?","E","R","M","R","BOSS","M","M","M","?","M","E","$","?","T","R","M","M","E","M","R","BOSS","M","M","?","M","M","E","M","?","T","?","M","M","R","M","R","BOSS"],"build_version":"2019-01-10","purchased_purges":1,"victory":true,"max_hp_per_floor":[70,70,70,70,70,70,70,70,70,70,70,70,70,70,70,70,70,70,70,70,70,70,70,70,70,70,70,70,70,70,70,70,70,70,70,70,70,70,70,70,70,70,70,70,70,70,70,70,70,70],"card_choices":[{"not_picked":["Acrobatics","Skewer"],"picked":"Backflip","floor":1},{"not_picked":["Concentrate","Prepared"],"picked":"Endless Agony","floor":2},{"not_picked":["Underhanded Strike","Cloak And Dagger"],"picked":"Poisoned Stab","floor":3},{"not_picked":["Blade Dance","Deflect"],"picked":"Heel Hook","floor":5},{"not_picked":["Finisher","Footwork"],"picked":"Die Die Die","floor":6},{"not_picked":["PiercingWail","Outmaneuver"],"picked":"Backflip","floor":8},{"not_picked":["Tactician","Dagger Throw"],"picked":"Sucker Punch","floor":11},{"not_picked":["Prepared","Bullet Time"],"picked":"Dagger Spray","floor":12},{"not_picked":["Slice","Underhanded Strike"],"picked":"Backstab","floor":13},{"not_picked":["Dagger Spray","Well Laid Plans"],"picked":"Deflect","floor":14},{"not_picked":["A Thousand Cuts","Venomology"],"picked":"Envenom","floor":16},{"not_picked":["Underhanded Strike","Prepared+1"],"picked":"Backflip","floor":18},{"not_picked":["Finisher","PiercingWail"],"picked":"Deflect","floor":19},{"not_picked":["Deflect","Dodge and Roll"],"picked":"Slice","floor":20},{"not_picked":["Underhanded Strike","Flying Knee"],"picked":"Finisher+1","floor":22},{"not_picked":["Prepared","Slice"],"picked":"Dagger Spray+1","floor":23},{"not_picked":["Night Terror","Leg Sweep"],"picked":"PiercingWail+1","floor":28},{"not_picked":["Acrobatics","Prepared+1"],"picked":"Bouncing Flask+1","floor":29},{"not_picked":["Underhanded Strike","Accuracy+1"],"picked":"Corpse Explosion","floor":30},{"not_picked":["Dash","Calculated Gamble"],"picked":"Flying Knee+1","floor":31},{"not_picked":["Doppelganger","Grand Finale"],"picked":"Die Die Die","floor":33},{"not_picked":["Blade Dance+1","Sucker Punch","Calculated Gamble"],"picked":"SKIP","floor":35},{"not_picked":["Prepared+1","Dodge and Roll","Terror"],"picked":"SKIP","floor":36},{"not_picked":["Cloak And Dagger","Predator+1"],"picked":"Slice+1","floor":38},{"not_picked":["PiercingWail","Deadly Poison"],"picked":"Terror+1","floor":39},{"not_picked":["Concentrate+1","Backflip+1"],"picked":"Blur+1","floor":40},{"not_picked":["Bane","Underhanded Strike"],"picked":"Poisoned Stab+1","floor":41},{"not_picked":["Dagger Spray","Underhanded Strike"],"picked":"Deflect+1","floor":42},{"not_picked":["Cloak And Dagger","Prepared+1"],"picked":"Backstab","floor":44},{"not_picked":["Doppelganger","Backflip","Accuracy+1"],"picked":"SKIP","floor":45},{"not_picked":["Quick Slash+1","Underhanded Strike+1","Flying Knee+1"],"picked":"SKIP","floor":46},{"not_picked":["PiercingWail","Deadly Poison"],"picked":"Poisoned Stab+1","floor":48},{"not_picked":["Leg Sweep","Slice"],"picked":"Glass Knife","floor":49}],"player_experience":78559,"relics_obtained":[{"floor":6,"key":"Dream Catcher"},{"floor":9,"key":"Sundial"},{"floor":11,"key":"Regal Pillow"},{"floor":12,"key":"Meat on the Bone"},{"floor":23,"key":"Art of War"},{"floor":26,"key":"Mercury Hourglass"},{"floor":30,"key":"Omamori"},{"floor":40,"key":"Bag of Preparation"},{"floor":44,"key":"Shovel"},{"floor":47,"key":"Smiling Mask"}],"event_choices":[{"damage_healed":0,"gold_gain":0,"player_choice":"Take Wound","damage_taken":0,"relics_obtained":["Golden Idol"],"max_hp_gain":0,"max_hp_loss":0,"event_name":"Golden Idol","floor":4,"gold_loss":0,"cards_obtained":["Injury"]},{"damage_healed":0,"gold_gain":0,"player_choice":"Left Gold","damage_taken":0,"max_hp_gain":0,"max_hp_loss":0,"event_name":"World of Goop","floor":7,"gold_loss":32},{"damage_healed":0,"gold_gain":0,"player_choice":"Entered Light","damage_taken":14,"max_hp_gain":0,"max_hp_loss":0,"event_name":"Shining Light","floor":10,"gold_loss":0,"cards_upgraded":["Endless Agony","Strike_G"]},{"damage_healed":0,"gold_gain":0,"player_choice":"Searched \u00272\u0027 times","damage_taken":0,"max_hp_gain":0,"max_hp_loss":0,"event_name":"Dead Adventurer","floor":11,"gold_loss":0},{"damage_healed":0,"gold_gain":0,"player_choice":"Simplicity","damage_taken":0,"max_hp_gain":0,"max_hp_loss":0,"event_name":"Back to Basics","floor":21,"gold_loss":0,"cards_upgraded":["Defend_G","Defend_G","Defend_G","Defend_G","Defend_G","Strike_G","Strike_G","Strike_G","Strike_G"]},{"damage_healed":0,"gold_gain":0,"player_choice":"Gave Idol","damage_taken":0,"relics_obtained":["Bloody Idol"],"max_hp_gain":0,"max_hp_loss":0,"event_name":"Forgotten Altar","floor":25,"relics_lost":["Golden Idol"],"gold_loss":0},{"damage_healed":0,"gold_gain":0,"cards_transformed":["Decay"],"player_choice":"Transformed","damage_taken":0,"max_hp_gain":0,"max_hp_loss":0,"event_name":"Transmorgrifier","floor":37,"gold_loss":0,"cards_obtained":["Parasite"]},{"damage_healed":0,"gold_gain":0,"player_choice":"Fight","damage_taken":0,"max_hp_gain":0,"max_hp_loss":0,"event_name":"MindBloom","floor":44,"gold_loss":0}],"is_beta":false,"boss_relics":[{"not_picked":["Runic Dome","Black Star"],"picked":"Cursed Key"},{"not_picked":["Ring of the Serpent","HoveringKite"],"picked":"White Beast Statue"}],"items_purged_floors":[24],"is_endless":false,"potions_floor_spawned":[5,8,11,16,23,28,29,31,33,35,36,38,39,40,41,42,44,45,46,48],"ascension_level":0}