{"gold_per_floor":[13,13,29,41,41,75,75,139,162,54,67,67,38,50,50,128,128,139,139,139,26,42,42,74,74,74,88,88,98,118,118],"floor_reached":31,"playtime":1497,"items_purged":[],"score":477,"play_id":"e1e5bbbd-4ae3-41f8-88d2-a65ac7b557a4","local_time":"20190508112228","is_ascension_mode":true,"campfire_choices":[{"floor":7,"key":"REST"},{"floor":12,"key":"REST"},{"floor":15,"key":"REST"},{"floor":23,"key":"REST"},{"floor":25,"key":"REST"},{"floor":28,"key":"REST"}],"neow_cost":"NO_GOLD","seed_source_timestamp":233768860480380,"circlet_count":0,"master_deck":["AscendersBane","Defend_G","Defend_G","Defend_G","Defend_G","Strike_G+1","Strike_G","Strike_G","Strike_G","Strike_G+1","Survivor","Neutralize","Adrenaline","Bouncing Flask","Caltrops","Flying Knee","Deflect","Burst","Corpse Explosion","Cloak And Dagger","Blade Dance","Accuracy","Blade Dance","Dagger Spray","Blade Dance","Phantasmal Killer","Sucker Punch","Catalyst","Dagger Throw","Skewer+1","Predator","Leg Sweep+1","Glass Knife","Tactician"],"relics":["Ring of the Snake","Bronze Scales","Tiny Chest","Whetstone","Fusion Hammer","Happy Flower","Turnip"],"potions_floor_usage":[4,8,16,16,24,31],"damage_taken":[{"damage":2,"enemies":"Small Slimes","floor":1,"turns":5},{"damage":6,"enemies":"Cultist","floor":3,"turns":4},{"damage":0,"enemies":"2 Louse","floor":4,"turns":1},{"damage":23,"enemies":"Lagavulin","floor":6,"turns":7},{"damage":19,"enemies":"3 Sentries","floor":8,"turns":3},{"damage":10,"enemies":"Exordium Thugs","floor":11,"turns":4},{"damage":9,"enemies":"Exordium Wildlife","floor":14,"turns":2},{"damage":39,"enemies":"Slime Boss","floor":16,"turns":9},{"damage":2,"enemies":"Chosen","floor":18,"turns":4},{"damage":16,"enemies":"Shell Parasite","floor":22,"turns":2},{"damage":30,"enemies":"Slavers","floor":24,"turns":2},{"damage":6,"enemies":"Cultist and Chosen","floor":27,"turns":4},{"damage":11,"enemies":"Centurion and Healer","floor":29,"turns":6},{"damage":18,"enemies":"Snake Plant","floor":30,"turns":3},{"damage":23,"enemies":"Gremlin Leader","floor":31,"turns":8}],"seed_played":"5253484459644217065","potions_obtained":[{"floor":1,"key":"Explosive Potion"},{"floor":3,"key":"SteroidPotion"},{"floor":4,"key":"GamblersBrew"},{"floor":11,"key":"Weak Potion"},{"floor":18,"key":"Strength Potion"},{"floor":30,"key":"SkillPotion"}],"is_trial":false,"path_per_floor":["M","?","M","M","?","E","R","E","T","$","M","R","$","M","R","B",null,"M","?","$","$","M","R","E","R","T","M","R","M","M","E"],"character_chosen":"THE_SILENT","items_purchased":["Blade Dance","Accuracy","Dagger Spray","Catalyst","Dagger Throw"],"campfire_rested":6,"item_purchase_floors":[10,10,13,21,21],"current_hp_per_floor":[57,57,51,51,51,28,47,28,28,28,18,37,37,28,47,8,52,50,46,46,46,30,49,19,38,38,32,51,40,22,0],"gold":118,"neow_bonus":"THREE_RARE_CARDS","is_prod":false,"is_daily":false,"chose_seed":false,"campfire_upgraded":0,"win_rate":0,"timestamp":1557339748,"path_taken":["M","?","?","M","?","E","R","E","T","$","M","R","?","M","R","BOSS","M","?","?","$","M","R","E","R","T","M","R","?","M","E"],"build_version":"2019-01-23","purchased_purges":0,"victory":false,"max_hp_per_floor":[66,66,66,66,66,66,66,66,66,66,66,66,66,66,66,66,66,66,66,66,66,66,66,66,66,66,66,66,66,66,66],"card_choices":[{"not_picked":["Malaise","Night Terror"],"picked":"Adrenaline","floor":0},{"not_picked":["Caltrops","Sucker Punch"],"picked":"Bouncing Flask","floor":1},{"not_picked":["Dagger Throw","Acrobatics"],"picked":"Flying Knee","floor":3},{"not_picked":["Expertise","Underhanded Strike"],"picked":"Deflect","floor":4},{"not_picked":["Choke","Slice"],"picked":"Corpse Explosion","floor":6},{"not_picked":["Setup","Infinite Blades"],"picked":"Cloak And Dagger","floor":8},{"not_picked":["Bouncing Flask","PiercingWail"],"picked":"Blade Dance","floor":11},{"not_picked":["Crippling Poison","Quick Slash"],"picked":"Blade Dance","floor":14},{"not_picked":["Doppelganger","Storm of Steel"],"picked":"Phantasmal Killer","floor":16},{"not_picked":["Poisoned Stab","Dagger Throw"],"picked":"Sucker Punch","floor":18},{"not_picked":["All Out Attack","Terror"],"picked":"Skewer+1","floor":22},{"not_picked":["Calculated Gamble","Skewer"],"picked":"Predator","floor":24},{"not_picked":["Slice","Escape Plan"],"picked":"Leg Sweep+1","floor":27},{"not_picked":["Outmaneuver","All Out Attack"],"picked":"Glass Knife","floor":29},{"not_picked":["Blade Dance","Dagger Spray"],"picked":"Tactician","floor":30}],"player_experience":637880,"relics_obtained":[{"floor":6,"key":"Bronze Scales"},{"floor":8,"key":"Tiny Chest"},{"floor":9,"key":"Whetstone"},{"floor":24,"key":"Happy Flower"},{"floor":26,"key":"Turnip"}],"event_choices":[{"damage_healed":0,"gold_gain":0,"cards_transformed":["Defend_G"],"player_choice":"Transformed","damage_taken":0,"max_hp_gain":0,"max_hp_loss":0,"event_name":"Transmorgrifier","floor":2,"gold_loss":0,"cards_obtained":["Caltrops"]},{"damage_healed":0,"gold_gain":0,"player_choice":"1 cards matched","damage_taken":0,"max_hp_gain":0,"max_hp_loss":0,"event_name":"Match and Keep!","floor":5,"gold_loss":0,"cards_obtained":["Burst"]},{"damage_healed":0,"gold_gain":0,"player_choice":"Bought 0 Potions","damage_taken":0,"max_hp_gain":0,"max_hp_loss":0,"event_name":"The Woman in Blue","floor":19,"gold_loss":0}],"is_beta":false,"boss_relics":[{"not_picked":["Empty Cage","Pandora\u0027s Box"],"picked":"Fusion Hammer"}],"items_purged_floors":[],"is_endless":false,"potions_floor_spawned":[1,3,4,11,18,30],"killed_by":"Gremlin Leader","ascension_level":16}