{"path_per_floor":["M","M","M","$","?","M","R","E","T","R","M","?","$","M","R","B",null,"M","?","?","?","$","E","R","M","T","M","R","M","R","M","R","B",null,"M","?","M","M","?","R","E","R","T","M","?","?","?","M","R","B"],"character_chosen":"THE_SILENT","items_purchased":["Well Laid Plans"],"gold_per_floor":[119,133,153,2,2,15,15,46,95,95,113,113,13,27,27,127,127,127,127,127,127,2,2,2,2,2,2,2,2,2,2,2,2,2,2,2,2,2,2,2,2,2,2,2,2,2,2,2,2,2],"floor_reached":51,"campfire_rested":4,"playtime":15565,"item_purchase_floors":[4],"current_hp_per_floor":[68,68,68,68,61,61,61,54,54,54,51,51,51,51,51,46,80,80,65,65,34,34,34,74,74,74,48,48,42,82,80,80,41,85,83,83,83,82,82,82,27,71,71,71,71,66,66,71,104,83],"items_purged":["Strike_G","Strike_G","Defend_G"],"gold":2,"score":722,"play_id":"bfd1f36a-ecd5-48bd-b1e5-bf0ceea319af","local_time":"20180529161251","is_prod":false,"is_daily":false,"chose_seed":false,"is_ascension_mode":false,"campfire_upgraded":6,"win_rate":0,"timestamp":1527606771,"campfire_choices":[{"data":"Neutralize","floor":7,"key":"SMITH"},{"data":"Envenom","floor":10,"key":"SMITH"},{"data":"Footwork","floor":15,"key":"SMITH"},{"floor":24,"key":"REST"},{"data":"Calculated Gamble","floor":28,"key":"SMITH"},{"floor":30,"key":"REST"},{"data":"Deadly Poison","floor":32,"key":"SMITH"},{"data":"Calculated Gamble","floor":40,"key":"SMITH"},{"floor":42,"key":"REST"},{"floor":49,"key":"REST"}],"path_taken":["M","M","M","$","?","M","R","E","T","R","M","?","?","M","R","BOSS","M","?","?","?","$","E","R","M","T","M","R","?","R","M","R","BOSS","M","?","M","M","?","R","E","R","T","M","?","?","?","?","R","BOSS"],"build_version":"2018-05-24","seed_source_timestamp":490911485816613,"purchased_purges":3,"victory":true,"master_deck":["Defend_G","Defend_G","Defend_G","Defend_G","Strike_G","Survivor","Neutralize+1","Calculated Gamble+1","Deadly Poison+1","Blur","Well Laid Plans","Deflect","Envenom+1","Distraction+1","Footwork+1","Calculated Gamble+1","Prepared+1","Poisoned Stab","Apotheosis","Secret Technique","Bouncing Flask+1"],"max_hp_per_floor":[70,70,70,70,70,70,70,80,80,80,80,80,80,80,80,80,80,80,85,85,85,85,85,85,85,85,85,85,85,85,85,85,85,85,85,85,85,85,85,85,99,99,99,99,99,99,99,104,104,104],"relics":["Ring of the Snake","Pear","Regal Pillow","Ectoplasm","Oddly Smooth Stone","Red Mask","Tough Bandages","Toolbox","Lizard Tail","Mango","Ginger"],"card_choices":[{"not_picked":["PiercingWail","Dagger Spray"],"picked":"Calculated Gamble","floor":1},{"not_picked":["Bane","Flying Knee"],"picked":"Deadly Poison","floor":2},{"not_picked":["Sucker Punch","Underhanded Strike"],"picked":"Blur","floor":3},{"not_picked":["Outmaneuver","Caltrops"],"picked":"Deflect","floor":6},{"not_picked":["Poisoned Stab","Cloak And Dagger"],"picked":"Envenom","floor":8},{"not_picked":["Endless Agony","Cloak And Dagger"],"picked":"Distraction","floor":11},{"not_picked":["Deadly Poison","Cloak And Dagger"],"picked":"Footwork","floor":14},{"not_picked":["PiercingWail+1","Flying Knee","Outmaneuver"],"picked":"SKIP","floor":18},{"not_picked":["Infinite Blades","All Out Attack","Underhanded Strike"],"picked":"SKIP","floor":23},{"not_picked":["Heel Hook","Crippling Poison"],"picked":"Poisoned Stab","floor":25},{"not_picked":["Wraith Form v2","Underhanded Strike","Leg Sweep"],"picked":"SKIP","floor":27},{"not_picked":["Leg Sweep+1","Deflect","Choke"],"picked":"SKIP","floor":29},{"not_picked":["Dodge and Roll+1","Blade Dance","Masterful Stab"],"picked":"SKIP","floor":31},{"not_picked":["PiercingWail+1","Sucker Punch+1"],"picked":"Calculated Gamble","floor":35},{"not_picked":["Eviscerate","Choke+1","Dagger Throw"],"picked":"SKIP","floor":37},{"not_picked":["Slice+1","Underhanded Strike","Dodge and Roll"],"picked":"SKIP","floor":38},{"not_picked":["Distraction+1","Envenom"],"picked":"Prepared+1","floor":41},{"not_picked":["Prepared+1","Dagger Throw"],"picked":"Poisoned Stab","floor":44},{"not_picked":["Trip","Deep Breath"],"picked":"Apotheosis","floor":46},{"not_picked":["Flash of Steel","Bandage Up"],"picked":"Secret Technique","floor":46},{"not_picked":["Dodge and Roll","Underhanded Strike"],"picked":"Bouncing Flask+1","floor":48}],"player_experience":177901,"potions_floor_usage":[8,11,16,27,33,38,38,41,48],"damage_taken":[{"damage":2,"enemies":"Small Slimes","floor":1,"turns":5},{"damage":0,"enemies":"2 Louse","floor":2,"turns":3},{"damage":0,"enemies":"Jaw Worm","floor":3,"turns":5},{"damage":0,"enemies":"Looter","floor":6,"turns":5},{"damage":17,"enemies":"Gremlin Nob","floor":8,"turns":5},{"damage":3,"enemies":"Lots of Slimes","floor":11,"turns":6},{"damage":0,"enemies":"2 Fungi Beasts","floor":14,"turns":6},{"damage":5,"enemies":"Hexaghost","floor":16,"turns":13},{"damage":0,"enemies":"3 Byrds","floor":18,"turns":8},{"damage":31,"enemies":"Masked Bandits","floor":21,"turns":13},{"damage":0,"enemies":"Book of Stabbing","floor":23,"turns":10},{"damage":0,"enemies":"Spheric Guardian","floor":25,"turns":7},{"damage":26,"enemies":"3 Cultists","floor":27,"turns":10},{"damage":6,"enemies":"Snecko","floor":29,"turns":8},{"damage":2,"enemies":"Slaver and Parasite","floor":31,"turns":10},{"damage":39,"enemies":"Champ","floor":33,"turns":19},{"damage":2,"enemies":"Orb Walker","floor":35,"turns":5},{"damage":0,"enemies":"3 Shapes","floor":37,"turns":7},{"damage":1,"enemies":"Sphere and 2 Shapes","floor":38,"turns":9},{"damage":69,"enemies":"Giant Head","floor":41,"turns":14},{"damage":0,"enemies":"4 Shapes","floor":44,"turns":8},{"damage":0,"enemies":"Maw","floor":48,"turns":9},{"damage":21,"enemies":"Donu and Deca","floor":50,"turns":14}],"relics_obtained":[{"floor":8,"key":"Pear"},{"floor":9,"key":"Regal Pillow"},{"floor":21,"key":"Red Mask"},{"floor":23,"key":"Tough Bandages"},{"floor":26,"key":"Toolbox"},{"floor":41,"key":"Mango"},{"floor":43,"key":"Ginger"}],"event_choices":[{"event_name":"Golden Wing","player_choice":"Card Removal","floor":5,"damage_taken":0},{"event_name":"Accursed Blacksmith","player_choice":"Forge","floor":12,"damage_taken":0},{"event_name":"Forgotten Altar","player_choice":"Shed Blood","floor":19,"damage_taken":0},{"event_name":"The Mausoleum","player_choice":"Yes","floor":20,"damage_taken":0},{"event_name":"Masked Bandits","player_choice":"Fought over 127 gold","floor":21,"damage_taken":0},{"event_name":"The Lab","player_choice":"Got Potions","floor":36,"damage_taken":0},{"event_name":"Fountain of Cleansing","player_choice":"Removed Curse","floor":39,"damage_taken":0},{"event_name":"Golden Shrine","player_choice":"Pray","floor":45,"damage_taken":0},{"event_name":"SensoryStone","player_choice":"Memory 2","floor":46,"damage_taken":0}],"boss_relics":[{"not_picked":["Velvet Choker","Tiny House"],"picked":"Ectoplasm"},{"not_picked":["Sozu","Calling Bell"],"picked":"Lizard Tail"}],"items_purged_floors":[4,13,22],"potions_floor_spawned":[1,8,14,21,27,29,35,44,48],"seed_played":"8978801680738739721","ascension_level":0,"potions_obtained":[{"floor":1,"key":"Poison Potion"},{"floor":8,"key":"SteroidPotion"},{"floor":14,"key":"SkillPotion"},{"floor":21,"key":"Block Potion"},{"floor":27,"key":"Explosive Potion"},{"floor":29,"key":"Dexterity Potion"},{"floor":35,"key":"Swift Potion"},{"floor":36,"key":"AttackPotion"},{"floor":44,"key":"Fruit Juice"},{"floor":48,"key":"SpeedPotion"}],"is_trial":false}