{"gold_per_floor":[113,125,200,213,213,249,249,249,249,287,287,306,337,337,337,337],"floor_reached":16,"playtime":680,"items_purged":[],"score":148,"play_id":"b39807a3-0db9-4609-9397-34cbf90cb72b","local_time":"20190221134027","is_ascension_mode":true,"campfire_choices":[{"data":"Madness","floor":7,"key":"SMITH"},{"data":"Rage","floor":11,"key":"SMITH"},{"floor":15,"key":"REST"}],"neow_cost":"NONE","seed_source_timestamp":738924060455409,"circlet_count":0,"master_deck":["Strike_R","Strike_R","Strike_R","Strike_R","Strike_R","Defend_R","Defend_R","Defend_R","Defend_R","Bash","Madness+1","Clothesline","Disarm","Flame Barrier","Shrug It Off","Rage+1","Dark Embrace"],"relics":["Burning Blood","Golden Idol","Unceasing Top","Bag of Preparation","Question Card","Juzu Bracelet","Anchor","Meat on the Bone"],"potions_floor_usage":[6,6,6,6,10,10,12],"damage_taken":[{"damage":0,"enemies":"Small Slimes","floor":1,"turns":4},{"damage":7,"enemies":"2 Louse","floor":2,"turns":3},{"damage":8,"enemies":"Cultist","floor":4,"turns":4},{"damage":17,"enemies":"3 Sentries","floor":6,"turns":10},{"damage":26,"enemies":"Gremlin Nob","floor":10,"turns":5},{"damage":3,"enemies":"Large Slime","floor":12,"turns":7},{"damage":23,"enemies":"3 Sentries","floor":13,"turns":14},{"damage":49,"enemies":"Slime Boss","floor":16,"turns":10}],"seed_played":"-2054456259289466080","potions_obtained":[{"floor":2,"key":"LiquidBronze"},{"floor":4,"key":"EntropicBrew"},{"floor":6,"key":"Weak Potion"},{"floor":10,"key":"EssenceOfSteel"}],"is_trial":false,"path_per_floor":["M","M","?","M","?","E","R","?","T","E","R","M","E","T","R","B"],"character_chosen":"IRONCLAD","items_purchased":[],"campfire_rested":1,"item_purchase_floors":[],"current_hp_per_floor":[80,79,68,66,66,55,55,55,55,35,35,38,21,21,43,0],"gold":337,"neow_bonus":"RANDOM_COLORLESS","is_prod":false,"is_daily":false,"chose_seed":false,"campfire_upgraded":2,"win_rate":0,"timestamp":1550774427,"path_taken":["M","M","?","M","?","E","R","?","T","E","R","M","E","?","R","BOSS"],"build_version":"2019-01-23","purchased_purges":0,"victory":false,"max_hp_per_floor":[80,80,80,80,74,74,74,74,74,74,74,74,74,74,74,74],"card_choices":[{"not_picked":["Perfected Strike","Headbutt"],"picked":"Clothesline","floor":1},{"not_picked":["Armaments","Pommel Strike"],"picked":"Disarm","floor":2},{"not_picked":["Disarm","Thunderclap"],"picked":"Flame Barrier","floor":4},{"not_picked":["Entrench","Battle Trance"],"picked":"Shrug It Off","floor":6},{"not_picked":["Heavy Blade","Anger","Headbutt"],"picked":"Rage","floor":10},{"not_picked":["Twin Strike","Perfected Strike","Blood for Blood","Heavy Blade"],"picked":"SKIP","floor":12},{"not_picked":["Second Wind","Heavy Blade","Battle Trance"],"picked":"Dark Embrace","floor":13}],"player_experience":332117,"relics_obtained":[{"floor":6,"key":"Unceasing Top"},{"floor":9,"key":"Question Card"},{"floor":10,"key":"Juzu Bracelet"},{"floor":13,"key":"Anchor"},{"floor":14,"key":"Meat on the Bone"}],"event_choices":[{"damage_healed":0,"gold_gain":75,"player_choice":"Gather Gold","damage_taken":11,"max_hp_gain":0,"max_hp_loss":0,"event_name":"World of Goop","floor":3,"gold_loss":0},{"damage_healed":0,"gold_gain":0,"player_choice":"Lose Max HP","damage_taken":0,"relics_obtained":["Golden Idol"],"max_hp_gain":0,"max_hp_loss":6,"event_name":"Golden Idol","floor":5,"gold_loss":0},{"damage_healed":0,"gold_gain":0,"player_choice":"Searched \u00271\u0027 times","damage_taken":0,"relics_obtained":["Bag of Preparation"],"max_hp_gain":0,"max_hp_loss":0,"event_name":"Dead Adventurer","floor":8,"gold_loss":0}],"is_beta":false,"boss_relics":[],"items_purged_floors":[],"is_endless":false,"potions_floor_spawned":[2,4,6,10],"killed_by":"Slime Boss","ascension_level":5}