{"gold_per_floor":[110,125,144,144,160,192,192,227,227,302,302,319,334,352,352,447,447,457,92,0,14,14,14,27,38,38,49,49,59,59,71,71,169,169,188,234,284,80,94,127,27,90,90,0,0,34,50,62,62,62],"floor_reached":51,"playtime":4170,"items_purged":["Hello World","Defragment"],"score":946,"play_id":"f23f8843-8c74-4966-b20e-8e0e04a9d92b","local_time":"20180702005725","is_ascension_mode":true,"campfire_choices":[{"data":"Rip and Tear","floor":7,"key":"SMITH"},{"floor":11,"key":"REST"},{"floor":15,"key":"REST"},{"data":"Recycle","floor":23,"key":"SMITH"},{"data":"Chill","floor":28,"key":"SMITH"},{"data":"Dualcast","floor":30,"key":"SMITH"},{"data":"Coolheaded","floor":32,"key":"SMITH"},{"data":"Echo Form","floor":45,"key":"SMITH"},{"data":"Sweeping Beam","floor":49,"key":"SMITH"}],"neow_cost":"NONE","seed_source_timestamp":146130443797885,"circlet_count":0,"master_deck":["Zap","Dualcast+1","Skim","Beam Cell+1","Rip and Tear+1","BootSequence","Rainbow","Sweeping Beam","Chill+1","Machine Learning","Sweeping Beam+1","Gash","Recycle+1","Consume+1","Coolheaded+1","Cold Snap","Reprogram+1","Fusion+1","Capacitor","Self Repair+1","Force Field","FTL+1","Echo Form+1","Force Field+1","Turbo+1","Coolheaded+1","Seek","Scrape+1","Hologram+1"],"relics":["White Beast Statue","Omamori","Whetstone","DataDisk","Pandora\u0027s Box","Potion Belt","Orichalcum","Gremlin Horn","Coffee Dripper","Gambling Chip","Oddly Smooth Stone","Runic Capacitor","Pantograph","Tiny Chest","War Paint","Red Mask","Prayer Wheel"],"potions_floor_usage":[5,6,8,8,12,14,16,16,25,25,25,27,31,33,33,36,36,40,40,40,48,50,50,50,50,50],"damage_taken":[{"damage":15,"enemies":"Small Slimes","floor":1,"turns":4},{"damage":1,"enemies":"2 Louse","floor":2,"turns":2},{"damage":7,"enemies":"Jaw Worm","floor":3,"turns":3},{"damage":1,"enemies":"Exordium Wildlife","floor":5,"turns":4},{"damage":9,"enemies":"3 Sentries","floor":6,"turns":3},{"damage":17,"enemies":"Lagavulin","floor":8,"turns":5},{"damage":0,"enemies":"Large Slime","floor":12,"turns":5},{"damage":4,"enemies":"Red Slaver","floor":13,"turns":2},{"damage":8,"enemies":"3 Louse","floor":14,"turns":3},{"damage":8,"enemies":"The Guardian","floor":16,"turns":10},{"damage":0,"enemies":"Spheric Guardian","floor":18,"turns":4},{"damage":3,"enemies":"Shell Parasite","floor":21,"turns":6},{"damage":0,"enemies":"Centurion and Healer","floor":24,"turns":7},{"damage":19,"enemies":"Slaver and Parasite","floor":25,"turns":6},{"damage":10,"enemies":"Snecko","floor":27,"turns":4},{"damage":8,"enemies":"Centurion and Healer","floor":29,"turns":8},{"damage":7,"enemies":"Snake Plant","floor":31,"turns":6},{"damage":19,"enemies":"Automaton","floor":33,"turns":9},{"damage":7,"enemies":"Orb Walker","floor":35,"turns":6},{"damage":11,"floor":36,"turns":7},{"damage":6,"enemies":"3 Shapes","floor":39,"turns":7},{"damage":4,"enemies":"Nemesis","floor":40,"turns":7},{"damage":45,"enemies":"2 Orb Walkers","floor":42,"turns":6},{"damage":4,"enemies":"Nemesis","floor":46,"turns":11},{"damage":15,"enemies":"3 Darklings","floor":47,"turns":6},{"damage":29,"enemies":"4 Shapes","floor":48,"turns":4},{"damage":12,"enemies":"Awakened One","floor":50,"turns":14}],"seed_played":"-2755254992740630731","potions_obtained":[{"floor":1,"key":"Fire Potion"},{"floor":2,"key":"PowerPotion"},{"floor":3,"key":"GamblersBrew"},{"floor":5,"key":"Strength Potion"},{"floor":6,"key":"SkillPotion"},{"floor":8,"key":"Strength Potion"},{"floor":12,"key":"Dexterity Potion"},{"floor":13,"key":"Strength Potion"},{"floor":14,"key":"SpeedPotion"},{"floor":16,"key":"Weak Potion"},{"floor":18,"key":"Ancient Potion"},{"floor":21,"key":"Poison Potion"},{"floor":24,"key":"SneckoOil"},{"floor":25,"key":"SpeedPotion"},{"floor":27,"key":"LiquidBronze"},{"floor":29,"key":"Strength Potion"},{"floor":31,"key":"SpeedPotion"},{"floor":33,"key":"Poison Potion"},{"floor":35,"key":"AttackPotion"},{"floor":36,"key":"Dexterity Potion"},{"floor":39,"key":"EssenceOfSteel"},{"floor":40,"key":"Ancient Potion"},{"floor":42,"key":"PowerPotion"},{"floor":46,"key":"Regen Potion"},{"floor":47,"key":"Swift Potion"},{"floor":48,"key":"LiquidBronze"}],"is_trial":false,"path_per_floor":["M","M","M","?","M","E","R","E","T","?","R","M","M","M","R","B",null,"M","$","?","M","?","R","M","M","T","M","R","M","R","M","R","B",null,"M","?","T","$","M","E","$","E","T","?","R","E","M","M","R","B"],"character_chosen":"DEFECT","items_purchased":["Potion Belt","Orichalcum","Runic Capacitor"],"campfire_rested":2,"item_purchase_floors":[19,19,38],"current_hp_per_floor":[53,52,45,45,44,35,35,18,18,7,29,29,25,17,39,31,64,64,64,64,61,61,61,61,42,42,42,42,44,44,47,47,38,66,69,68,68,68,75,75,75,40,40,40,40,46,51,41,41,71],"gold":62,"neow_bonus":"BOSS_RELIC","is_prod":false,"is_daily":false,"chose_seed":false,"campfire_upgraded":7,"win_rate":0,"timestamp":1530507445,"path_taken":["M","M","M","?","M","E","R","E","T","?","R","?","M","M","R","BOSS","M","$","?","M","?","R","M","?","T","M","R","M","R","M","R","BOSS","M","?","?","$","M","E","?","E","T","?","R","E","M","?","R","BOSS"],"build_version":"2018-06-28","purchased_purges":2,"victory":true,"max_hp_per_floor":[75,75,75,75,75,75,75,75,75,75,75,75,75,75,75,75,75,75,75,75,75,75,75,75,75,75,75,75,75,75,75,75,75,75,75,75,75,75,75,75,75,75,75,75,75,75,75,75,75,75],"card_choices":[{"not_picked":["Tempest","Steam"],"picked":"Skim","floor":1},{"not_picked":["Go for the Eyes","Undo"],"picked":"Beam Cell","floor":2},{"not_picked":["Fusion","Heatsinks"],"picked":"Defragment","floor":3},{"not_picked":["Electrodynamics","Leap"],"picked":"Rip and Tear","floor":5},{"not_picked":["Reinforced Body","Streamline"],"picked":"BootSequence","floor":6},{"not_picked":["FTL","Steam"],"picked":"Rainbow","floor":8},{"not_picked":["Go for the Eyes","Barrage"],"picked":"Sweeping Beam","floor":12},{"not_picked":["White Noise","Ball Lightning","Turbo"],"picked":"SKIP","floor":13},{"not_picked":["Defragment","Rebound"],"picked":"Chill","floor":14},{"not_picked":["Fission","Reboot"],"picked":"Machine Learning","floor":16},{"not_picked":["Turbo","Rebound"],"picked":"Fusion+1","floor":18},{"not_picked":["Melter","Streamline"],"picked":"Capacitor","floor":21},{"not_picked":["Hologram","Consume","Skim"],"picked":"SKIP","floor":24},{"not_picked":["Hologram","Coolheaded+1"],"picked":"Self Repair+1","floor":25},{"not_picked":["Undo","Hologram","Sweeping Beam+1"],"picked":"SKIP","floor":27},{"not_picked":["Coolheaded+1","Defragment"],"picked":"Force Field","floor":29},{"not_picked":["Turbo","Gash+1"],"picked":"FTL+1","floor":31},{"not_picked":["Machine Learning","Amplify"],"picked":"Echo Form","floor":33},{"not_picked":["Ball Lightning","Coolheaded"],"picked":"Force Field+1","floor":35},{"not_picked":["Hello World+1","Beam Cell"],"picked":"Turbo+1","floor":36},{"not_picked":["Leap","Darkness","Streamline+1"],"picked":"SKIP","floor":39},{"not_picked":["Ball Lightning","Compile Driver","Go for the Eyes"],"picked":"SKIP","floor":40},{"not_picked":["Fusion+1","Darkness+1"],"picked":"Coolheaded+1","floor":42},{"not_picked":["Streamline","Chaos+1"],"picked":"Seek","floor":46},{"not_picked":["Lockon","Go for the Eyes"],"picked":"Scrape+1","floor":47},{"not_picked":["Redo","Skim","Chaos+1"],"picked":"SKIP","floor":47},{"not_picked":["Coolheaded+1","Redo"],"picked":"Hologram+1","floor":48},{"not_picked":["Compile Driver+1","Lockon+1","Steam Power"],"picked":"SKIP","floor":48}],"player_experience":355570,"relics_obtained":[{"floor":6,"key":"Omamori"},{"floor":8,"key":"Whetstone"},{"floor":9,"key":"DataDisk"},{"floor":26,"key":"Gremlin Horn"},{"floor":36,"key":"Gambling Chip"},{"floor":37,"key":"Oddly Smooth Stone"},{"floor":40,"key":"Pantograph"},{"floor":42,"key":"Tiny Chest"},{"floor":43,"key":"War Paint"},{"floor":46,"key":"Prayer Wheel"}],"event_choices":[{"event_name":"Living Wall","player_choice":"Grow","floor":4,"damage_taken":0},{"event_name":"World of Goop","player_choice":"Gather Gold","floor":10,"damage_taken":0},{"event_name":"Masked Bandits","player_choice":"Paid Bandits 92 gold","floor":20,"damage_taken":0},{"event_name":"Drug Dealer","player_choice":"Ignored","floor":22,"damage_taken":0},{"event_name":"Mysterious Sphere","player_choice":"Fight","floor":36,"damage_taken":0},{"event_name":"Tomb of Lord Red Mask","player_choice":"Paid","floor":44,"damage_taken":0}],"boss_relics":[{"not_picked":["Sozu","Tiny House"],"picked":"Pandora\u0027s Box"},{"not_picked":["Black Star","Lizard Tail"],"picked":"Coffee Dripper"}],"items_purged_floors":[19,41],"is_endless":false,"potions_floor_spawned":[1,2,3,5,6,8,12,13,14,16,18,21,24,25,27,29,31,33,35,36,39,40,42,46,47,48],"ascension_level":7}