{"gold_per_floor":[209,209,174,12,12,12,46,46,46,65,81,110,110,145,145,220,220,238,52,52,41,41,41,112,112,188,251,251,261,321,333,333,409,409,409],"floor_reached":35,"playtime":1568,"items_purged":[],"score":719,"play_id":"435c8410-ec81-4e2a-b2eb-b98ecb470493","local_time":"20181201092431","is_ascension_mode":true,"campfire_choices":[{"data":"Uppercut","floor":6,"key":"SMITH"},{"data":"Dramatic Entrance","floor":8,"key":"SMITH"},{"data":"Disarm","floor":15,"key":"SMITH"},{"data":"Corruption","floor":23,"key":"SMITH"},{"data":"HandOfGreed","floor":25,"key":"SMITH"},{"data":"Armaments","floor":28,"key":"SMITH"},{"data":"Demon Form","floor":32,"key":"SMITH"}],"neow_cost":"NONE","seed_source_timestamp":904807569297215,"circlet_count":0,"master_deck":["AscendersBane","Strike_R+1","Strike_R","Strike_R","Strike_R","Strike_R+1","Defend_R","Defend_R","Defend_R","Defend_R","Bash","Uppercut+1","Corruption+1","Dramatic Entrance+1","Shrug It Off","Infernal Blade","Whirlwind+1","Berserk","Disarm+1","Demon Form+1","Shrug It Off","HandOfGreed+1","Sentinel","Flame Barrier","Armaments+1","Dark Embrace","Feel No Pain+1","Double Tap"],"relics":["Burning Blood","Meat on the Bone","Pantograph","Orichalcum","Eternal Feather","Ornamental Fan","Kunai","Gremlin Horn","Bronze Scales","Black Star"],"potions_floor_usage":[7,12,29],"damage_taken":[{"damage":6,"enemies":"Cultist","floor":1,"turns":3},{"damage":29,"enemies":"Lagavulin","floor":7,"turns":6},{"damage":0,"enemies":"Small Slimes","floor":10,"turns":2},{"damage":7,"enemies":"Jaw Worm","floor":11,"turns":2},{"damage":12,"enemies":"3 Sentries","floor":12,"turns":4},{"damage":19,"enemies":"Gremlin Nob","floor":14,"turns":3},{"damage":28,"enemies":"Hexaghost","floor":16,"turns":11},{"damage":9,"enemies":"Chosen","floor":18,"turns":4},{"damage":17,"enemies":"2 Thieves","floor":21,"turns":4},{"damage":37,"enemies":"Slavers","floor":24,"turns":6},{"damage":20,"enemies":"Shelled Parasite and Fungi","floor":27,"turns":8},{"damage":42,"enemies":"Sentry and Sphere","floor":29,"turns":6},{"damage":41,"enemies":"Gremlin Leader","floor":30,"turns":9},{"damage":0,"enemies":"Snecko","floor":31,"turns":4},{"damage":64,"enemies":"Collector","floor":33,"turns":8},{"damage":67,"enemies":"3 Darklings","floor":35,"turns":3}],"seed_played":"-1282638782630044087","potions_obtained":[{"floor":1,"key":"Weak Potion"},{"floor":7,"key":"SteroidPotion"},{"floor":27,"key":"Regen Potion"},{"floor":30,"key":"SpeedPotion"},{"floor":33,"key":"GamblersBrew"}],"is_trial":false,"path_per_floor":["M","?","?","$","$","R","E","R","T","M","M","E","?","E","R","B",null,"M","$","T","M","?","R","E","R","T","M","R","M","E","M","R","B",null,"M"],"character_chosen":"IRONCLAD","items_purchased":["Corruption","Dramatic Entrance","HandOfGreed"],"campfire_rested":0,"item_purchase_floors":[4,4,19],"current_hp_per_floor":[68,45,63,63,63,63,40,40,40,46,45,51,51,50,50,53,70,67,67,67,56,56,68,49,61,61,47,62,50,27,45,60,29,64,0],"gold":409,"neow_bonus":"HUNDRED_GOLD","is_prod":false,"is_daily":false,"chose_seed":false,"campfire_upgraded":7,"win_rate":0,"timestamp":1543674271,"path_taken":["M","?","?","?","$","R","E","R","T","M","?","E","?","E","R","BOSS","M","$","?","M","?","R","E","R","T","M","R","M","E","M","R","BOSS","M"],"build_version":"2018-11-15","purchased_purges":0,"victory":false,"max_hp_per_floor":[75,75,75,75,75,75,75,75,75,75,75,75,75,75,75,75,75,75,75,75,75,75,75,75,75,75,75,75,75,75,75,75,75,75,75],"card_choices":[{"not_picked":["Heavy Blade","Wild Strike"],"picked":"Uppercut","floor":1},{"not_picked":["Clothesline","Twin Strike"],"picked":"Shrug It Off","floor":7},{"not_picked":["Perfected Strike","Thunderclap"],"picked":"Infernal Blade","floor":10},{"not_picked":["Clash","Uppercut"],"picked":"Whirlwind","floor":11},{"not_picked":["Heavy Blade","Hemokinesis"],"picked":"Berserk","floor":12},{"not_picked":["Thunderclap","Body Slam"],"picked":"Disarm","floor":14},{"not_picked":["Bludgeon","Offering"],"picked":"Demon Form","floor":16},{"not_picked":["Corruption","Body Slam+1"],"picked":"Shrug It Off","floor":18},{"not_picked":["Spot Weakness","Rupture"],"picked":"Sentinel","floor":21},{"not_picked":["Fire Breathing","Headbutt"],"picked":"Flame Barrier","floor":24},{"not_picked":["Wild Strike","Thunderclap"],"picked":"Armaments","floor":27},{"not_picked":["Armaments+1","Shrug It Off"],"picked":"Dark Embrace","floor":29},{"not_picked":["Second Wind","True Grit"],"picked":"Feel No Pain+1","floor":30},{"not_picked":["Second Wind","Searing Blow+1","Fire Breathing"],"picked":"SKIP","floor":31},{"not_picked":["Feed","Berserk"],"picked":"Double Tap","floor":33}],"player_experience":951070,"relics_obtained":[{"floor":7,"key":"Meat on the Bone"},{"floor":12,"key":"Pantograph"},{"floor":14,"key":"Orichalcum"},{"floor":20,"key":"Ornamental Fan"},{"floor":24,"key":"Kunai"},{"floor":26,"key":"Gremlin Horn"},{"floor":30,"key":"Bronze Scales"}],"event_choices":[{"damage_healed":0,"gold_gain":0,"player_choice":"Entered Light","damage_taken":23,"max_hp_gain":0,"max_hp_loss":0,"event_name":"Shining Light","floor":2,"gold_loss":0,"cards_upgraded":["Strike_R","Strike_R"]},{"damage_healed":18,"gold_gain":0,"player_choice":"Healed","damage_taken":0,"max_hp_gain":0,"max_hp_loss":0,"event_name":"The Cleric","floor":3,"gold_loss":35},{"damage_healed":0,"gold_gain":0,"player_choice":"Upgraded","damage_taken":0,"max_hp_gain":0,"max_hp_loss":0,"event_name":"Upgrade Shrine","floor":13,"gold_loss":0,"cards_upgraded":["Whirlwind"]},{"damage_healed":0,"gold_gain":0,"player_choice":"Ignored","damage_taken":0,"max_hp_gain":0,"max_hp_loss":0,"event_name":"Ghosts","floor":22,"gold_loss":0}],"is_beta":false,"boss_relics":[{"not_picked":["Coffee Dripper","Runic Dome"],"picked":"Eternal Feather"},{"not_picked":["Tiny House","Busted Crown"],"picked":"Black Star"}],"items_purged_floors":[],"is_endless":false,"potions_floor_spawned":[1,7,27,30,33],"killed_by":"3 Darklings","ascension_level":15}