{"gold_per_floor":[110,70,245,245,245,245,278,228,228,269,290,308,308,278,278,278],"floor_reached":16,"playtime":848,"items_purged":[],"score":172,"play_id":"4e100aa2-d09b-435e-96e2-f0042a5b4504","local_time":"20180818170831","is_ascension_mode":true,"campfire_choices":[{"data":"Loop","floor":6,"key":"SMITH"},{"data":"Biased Cognition","floor":13,"key":"SMITH"},{"data":"Glacier","floor":15,"key":"SMITH"}],"neow_cost":"NONE","seed_source_timestamp":54857131912955,"circlet_count":0,"master_deck":["Strike_B","Strike_B","Strike_B","Defend_B","Defend_B","Defend_B","Defend_B","Zap","Dualcast","Loop+1","Biased Cognition+1","All For One","Coolheaded","Glacier+1"],"relics":["Cracked Core","NeowsBlessing","Golden Idol","Emotion Chip","Frozen Egg 2","Dream Catcher"],"potions_floor_usage":[],"damage_taken":[{"damage":0,"enemies":"Jaw Worm","floor":1,"turns":1},{"damage":0,"enemies":"Gremlin Nob","floor":7,"turns":1},{"damage":0,"enemies":"3 Sentries","floor":10,"turns":2},{"damage":0,"enemies":"2 Louse","floor":11,"turns":2},{"damage":3,"enemies":"Small Slimes","floor":12,"turns":4},{"damage":1,"enemies":"Looter","floor":14,"turns":4},{"damage":30,"enemies":"Hexaghost","floor":16,"turns":13}],"seed_played":"2927950582056647214","potions_obtained":[{"floor":7,"key":"FearPotion"}],"is_trial":false,"path_per_floor":["M","$","?","?","?","R","E","?","T","E","M","M","R","M","R"],"character_chosen":"DEFECT","items_purchased":["Loop"],"campfire_rested":0,"item_purchase_floors":[2],"current_hp_per_floor":[75,75,75,68,50,50,50,50,50,50,50,47,47,46,46,16],"gold":278,"neow_bonus":"THREE_ENEMY_KILL","is_prod":false,"is_daily":false,"chose_seed":false,"campfire_upgraded":3,"win_rate":0,"timestamp":1534608511,"path_taken":["M","$","?","?","?","R","E","?","T","E","?","M","R","?","R","BOSS"],"build_version":"2018-08-16","purchased_purges":0,"victory":false,"max_hp_per_floor":[75,75,75,75,75,75,75,75,75,75,75,75,75,75,75,75],"card_choices":[{"not_picked":["Redo","Sweeping Beam","Undo"],"picked":"SKIP","floor":1},{"not_picked":["Scrape","Turbo"],"picked":"Biased Cognition","floor":7},{"not_picked":["Double Energy","Static Discharge+1"],"picked":"All For One","floor":10},{"not_picked":["Stack","Lockon","Rebound"],"picked":"SKIP","floor":11},{"not_picked":["Turbo","Hologram"],"picked":"Coolheaded","floor":12},{"not_picked":["Melter","Go for the Eyes"],"picked":"Glacier","floor":14}],"player_experience":435729,"relics_obtained":[{"floor":7,"key":"Emotion Chip"},{"floor":9,"key":"Frozen Egg 2"},{"floor":10,"key":"Dream Catcher"}],"event_choices":[{"event_name":"Liars Game","player_choice":"agreed","floor":3,"damage_taken":0},{"event_name":"Golden Wing","player_choice":"Card Removal","floor":4,"damage_taken":0},{"event_name":"Golden Idol","player_choice":"Take Damage","floor":5,"damage_taken":0},{"event_name":"The Cleric","player_choice":"Card Removal","floor":8,"damage_taken":0}],"is_beta":false,"boss_relics":[],"items_purged_floors":[],"is_endless":false,"potions_floor_spawned":[7],"killed_by":"Hexaghost","ascension_level":2}