{"path_per_floor":["M","$","M","M","?","R","E","R","T","E","M","R","?","?","R","B",null,"M","M","?","M","M","R"],"character_chosen":"THE_SILENT","items_purchased":["Calculated Gamble"],"gold_per_floor":[116,38,56,68,143,143,176,176,222,255,266,266,266,216,216,335,335,354,370,370,384,404,404],"floor_reached":24,"campfire_rested":2,"playtime":1613,"current_hp_per_floor":[70,70,70,70,59,59,35,56,63,34,34,34,34,34,55,31,71,68,63,63,45,38,38],"items_purged":[],"gold":404,"play_id":"0cfb2591-9e4c-4cdb-8648-4cf7758502ff","is_prod":false,"is_daily":false,"is_ascension_mode":true,"campfire_upgraded":3,"path_taken":["M","$","M","M","?","R","E","R","T","E","M","R","?","?","R","BOSS","M","M","?","M","?","R","E"],"build_version":"2018-02-01-PROD3","purchased_purges":0,"victory":false,"master_deck":["Defend_G+1","Defend_G+1","Defend_G+1","Defend_G+1","Defend_G+1","Strike_G+1","Strike_G+1","Strike_G+1","Strike_G+1","Survivor","Neutralize+1","Dash","Calculated Gamble+1","Dagger Spray+1","Terror","Prepared","Tools of the Trade","Backflip","Leg Sweep+1"],"max_hp_per_floor":[70,70,70,70,70,70,70,70,77,77,77,77,71,71,71,71,71,71,71,71,71,71,71],"relics":["Ring of the Snake","Vajra","Dodecahedron","Strawberry","Pantograph","Golden Idol","Runic Dome"],"card_choices":[{"not_picked":["Dagger Spray","Poisoned Stab"],"picked":"Dash"},{"not_picked":["Dodge and Roll","Dagger Throw"],"picked":"Dagger Spray"},{"not_picked":["Night Terror","Crippling Poison"],"picked":"Terror"},{"not_picked":["Leg Sweep","Calculated Gamble"],"picked":"Prepared"},{"not_picked":["Phantasmal Killer","Doppelganger"],"picked":"Tools of the Trade"},{"not_picked":["Quick Slash","Slice"],"picked":"Backflip"},{"not_picked":["All Out Attack","Bouncing Flask"],"picked":"Leg Sweep"}],"player_experience":112991,"potions_floor_usage":[16,19,21,24],"damage_taken":[{"damage":0.0,"enemies":"Blue Slaver","floor":1.0,"turns":4.0},{"damage":0.0,"enemies":"Cultist","floor":3.0,"turns":3.0},{"damage":0.0,"enemies":"2 Louse","floor":4.0,"turns":3.0},{"damage":24.0,"enemies":"Gremlin Nob","floor":7.0,"turns":5.0},{"damage":29.0,"enemies":"Lagavulin","floor":10.0,"turns":6.0},{"damage":0,"enemies":"Looter","floor":11,"turns":3},{"damage":40,"enemies":"Hexaghost","floor":16,"turns":12},{"damage":3,"enemies":"Shell Parasite","floor":18,"turns":4},{"damage":5,"enemies":"2 Thieves","floor":19,"turns":4},{"damage":18,"enemies":"Slaver and Parasite","floor":21,"turns":9},{"damage":7,"enemies":"Snake Plant","floor":22,"turns":5},{"damage":40,"enemies":"Gremlin Leader","floor":24,"turns":4}],"event_choices":[{"event_name":"World of Goop","player_choice":"Gather Gold","floor":5.0,"damage_taken":0.0},{"event_name":"Golden Idol","player_choice":"Lose Max HP","floor":13,"damage_taken":0},{"event_name":"The Cleric","player_choice":"Card Removal","floor":14,"damage_taken":0},{"event_name":"Back to Basics","player_choice":"Simplicity","floor":20,"damage_taken":0}],"boss_relics":[{"not_picked":["Ectoplasm","White Beast Statue"],"picked":"Runic Dome"}],"potions_floor_spawned":[10,16,18,21],"seed_played":"-1771540358837489008","killed_by":"Gremlin Leader","ascension_level":1,"is_trial":false}