{"gold_per_floor":[110,110,110,110,124,158,158,158,205,236,236,254,271,304,304,404,404,417,434,434,450,146,173,173,155,181,211,0,50,0,68,68,165,165,177,324,374,434,484,484,519,519,519,552,575,0,27,189,201,213,225,237,20,20],"floor_reached":54,"playtime":3907,"items_purged":["Defend_B","Writhe"],"score":1064,"play_id":"0e92e2a5-af8d-44b2-8ae1-31c81bd21255","local_time":"20190203215315","is_ascension_mode":true,"campfire_choices":[{"data":"White Noise","floor":7.0,"key":"SMITH"},{"data":"Zap","floor":11.0,"key":"SMITH"},{"data":"Dualcast","floor":15.0,"key":"SMITH"},{"floor":24.0,"key":"REST"},{"data":"Defragment","floor":32.0,"key":"SMITH"},{"floor":40,"key":"RECALL"},{"data":"Beam Cell","floor":42,"key":"SMITH"},{"floor":49,"key":"REST"},{"data":"Thunder Strike","floor":52,"key":"SMITH"}],"neow_cost":"TEN_PERCENT_HP_LOSS","seed_source_timestamp":0,"circlet_count":0,"master_deck":["Strike_B+1","Defend_B+1","Defend_B+1","Defend_B+1","Zap+1","Dualcast+1","Go for the Eyes+1","Ball Lightning","White Noise+1","Auto Shields","Auto Shields","Sweeping Beam","Beam Cell+1","Cold Snap","Thunder Strike+1","Conserve Battery+1","Hologram+1","Darkness+1","Defragment+1","Buffer+1","Steam+1","Steam","Consume+1","Hello World+1","Storm+1","Parasite","Double Energy+1","Hologram+1","Force Field+1"],"special_seed":0,"relics":["FrozenCore","Darkstone Periapt","Centennial Puzzle","Bag of Preparation","Mango","Smiling Mask","White Beast Statue","SsserpentHead","Ornamental Fan","Letter Opener","War Paint","Frozen Egg 2","The Courier","Peace Pipe","Vajra","MawBank","Red Mask","Nunchaku","Bird Faced Urn"],"potions_floor_usage":[44,44,45,50,50,50],"damage_taken":[{"damage":0.0,"enemies":"Cultist","floor":1.0,"turns":5.0},{"damage":0.0,"enemies":"Small Slimes","floor":5.0,"turns":2.0},{"damage":10.0,"enemies":"Gremlin Nob","floor":6.0,"turns":3.0},{"damage":9.0,"enemies":"Lagavulin","floor":10.0,"turns":7.0},{"damage":1.0,"enemies":"Jaw Worm","floor":12.0,"turns":2.0},{"damage":0.0,"enemies":"2 Fungi Beasts","floor":13.0,"turns":2.0},{"damage":8.0,"enemies":"Gremlin Nob","floor":14.0,"turns":3.0},{"damage":1.0,"enemies":"The Guardian","floor":16.0,"turns":11.0},{"damage":11.0,"enemies":"Spheric Guardian","floor":18.0,"turns":4.0},{"damage":0.0,"enemies":"2 Thieves","floor":19.0,"turns":3.0},{"damage":5.0,"enemies":"Centurion and Healer","floor":21.0,"turns":6.0},{"damage":3.0,"enemies":"Slavers","floor":23.0,"turns":2.0},{"damage":26.0,"enemies":"Gremlin Leader","floor":27.0,"turns":7.0},{"damage":9.0,"enemies":"Snake Plant","floor":31.0,"turns":4.0},{"damage":31.0,"enemies":"Champ","floor":33.0,"turns":11.0},{"damage":0.0,"enemies":"Orb Walker","floor":35.0,"turns":4.0},{"damage":45.0,"enemies":"2 Orb Walkers","floor":36.0,"turns":10.0},{"damage":9,"enemies":"3 Darklings","floor":38,"turns":8},{"damage":11,"enemies":"Nemesis","floor":41,"turns":11},{"damage":19,"enemies":"Reptomancer","floor":44,"turns":8},{"damage":5,"enemies":"Writhing Mass","floor":45,"turns":10},{"damage":0,"enemies":"Transient","floor":47,"turns":5},{"damage":2,"enemies":"Mind Bloom Boss Battle","floor":48,"turns":5},{"damage":28,"enemies":"Awakened One","floor":50,"turns":11},{"damage":109,"enemies":"Shield and Spear","floor":54,"turns":6}],"seed_played":"-2363161930222464125","potions_obtained":[{"floor":1.0,"key":"FearPotion"},{"floor":10.0,"key":"Poison Potion"},{"floor":13.0,"key":"EssenceOfSteel"},{"floor":14.0,"key":"SpeedPotion"},{"floor":18.0,"key":"Swift Potion"},{"floor":19.0,"key":"SpeedPotion"},{"floor":23.0,"key":"GamblersBrew"},{"floor":27.0,"key":"Regen Potion"},{"floor":31.0,"key":"SteroidPotion"},{"floor":33.0,"key":"EssenceOfSteel"},{"floor":35.0,"key":"GamblersBrew"},{"floor":36,"key":"Dexterity Potion"},{"floor":38,"key":"FearPotion"},{"floor":41,"key":"Fruit Juice"},{"floor":44,"key":"Weak Potion"},{"floor":45,"key":"Strength Potion"},{"floor":47,"key":"Weak Potion"},{"floor":48,"key":"Explosive Potion"}],"is_trial":false,"path_per_floor":["M","?","?","?","M","E","R","$","T","E","R","M","M","E","R","B",null,"M","M","?","M","$","E","R","$","T","E","?","?","$","M","R","B",null,"M","?","?","M","?","R","E","R","T","E","M","?","M","?","R","B",null,"R","$","E"],"character_chosen":"DEFECT","items_purchased":["Ornamental Fan","Defragment","Bird Faced Urn"],"campfire_rested":2,"item_purchase_floors":[22,25,53],"current_hp_per_floor":[68,68,56,42,42,32,32,32,32,37,37,36,36,28,28,27,68,57,57,57,52,52,49,73,73,73,47,47,53,53,56,56,25,72,72,27,27,18,77,77,66,66,66,52,53,53,53,51,77,49,78,78,78,0],"gold":20,"neow_bonus":"REMOVE_TWO","is_prod":false,"is_daily":false,"chose_seed":false,"campfire_upgraded":6,"win_rate":0,"timestamp":1549248795,"path_taken":["M","?","?","?","M","E","R","?","T","E","R","M","M","E","R","BOSS","M","M","?","M","$","E","R","?","T","E","?","?","$","?","R","BOSS","M","?","?","?","?","R","E","R","T","E","M","?","M","?","R","BOSS","R","$","E"],"build_version":"2019-01-23","purchased_purges":2,"victory":false,"max_hp_per_floor":[68,68,68,68,68,68,68,68,68,82,82,82,82,82,82,82,82,82,82,82,82,82,82,82,82,82,82,82,88,88,88,88,88,88,88,88,88,88,77,77,77,77,77,82,88,88,88,88,88,88,88,88,88,88],"card_choices":[{"not_picked":["Heatsinks","Melter"],"picked":"Go for the Eyes","floor":1.0},{"not_picked":["Sweeping Beam","Redo"],"picked":"White Noise","floor":5.0},{"not_picked":["Go for the Eyes","Self Repair"],"picked":"Auto Shields","floor":6.0},{"not_picked":["Steam Power","Fusion"],"picked":"Auto Shields","floor":10.0},{"not_picked":["Barrage","Stack"],"picked":"Sweeping Beam","floor":12.0},{"not_picked":["Streamline","Gash"],"picked":"Beam Cell","floor":13.0},{"not_picked":["Steam Power","Undo"],"picked":"Cold Snap","floor":14.0},{"not_picked":["Multi-Cast","Meteor Strike"],"picked":"Thunder Strike","floor":16.0},{"not_picked":["Cold Snap+1","Recycle"],"picked":"Conserve Battery+1","floor":18.0},{"not_picked":["Streamline","Stack"],"picked":"Hologram+1","floor":19.0},{"not_picked":["Reinforced Body","Cold Snap"],"picked":"Darkness+1","floor":21.0},{"not_picked":["Hologram","Rainbow","Hello World"],"picked":"SKIP","floor":23.0},{"not_picked":["Stack","Ball Lightning","Rebound"],"picked":"SKIP","floor":27.0},{"not_picked":["Static Discharge+1","Darkness","Beam Cell"],"picked":"SKIP","floor":31.0},{"not_picked":["Seek","All For One"],"picked":"Buffer+1","floor":33.0},{"not_picked":["Coolheaded+1","Storm+1"],"picked":"Steam+1","floor":35.0},{"not_picked":["Sweeping Beam","Rainbow"],"picked":"Steam","floor":36},{"not_picked":["Skim+1","Barrage"],"picked":"Consume+1","floor":38},{"not_picked":["Gash","Blizzard"],"picked":"Hello World+1","floor":41},{"not_picked":["Darkness","Leap"],"picked":"Storm+1","floor":44},{"not_picked":["Self Repair+1","Redo"],"picked":"Double Energy+1","floor":45},{"not_picked":["Gash+1","Chaos"],"picked":"Hologram+1","floor":47},{"not_picked":["Hologram","Redo"],"picked":"Force Field+1","floor":48}],"player_experience":245608,"relics_obtained":[{"floor":6.0,"key":"Centennial Puzzle"},{"floor":9.0,"key":"Bag of Preparation"},{"floor":10.0,"key":"Mango"},{"floor":14.0,"key":"Smiling Mask"},{"floor":23.0,"key":"Letter Opener"},{"floor":26.0,"key":"War Paint"},{"floor":27.0,"key":"Frozen Egg 2"},{"floor":36,"key":"Peace Pipe"},{"floor":41,"key":"Vajra"},{"floor":44,"key":"MawBank"},{"floor":48,"key":"Nunchaku"}],"event_choices":[{"damage_healed":0.0,"max_hp_gain":0.0,"max_hp_loss":0.0,"gold_gain":0.0,"cards_transformed":["Strike_B"],"event_name":"Living Wall","player_choice":"Change","floor":2.0,"gold_loss":0.0,"damage_taken":0.0,"cards_obtained":["Ball Lightning"]},{"damage_healed":0.0,"max_hp_gain":0.0,"max_hp_loss":0.0,"gold_gain":0.0,"event_name":"Scrap Ooze","player_choice":"Success","floor":3.0,"gold_loss":0.0,"damage_taken":12.0,"relics_obtained":["Darkstone Periapt"]},{"damage_healed":0.0,"max_hp_gain":0.0,"max_hp_loss":0.0,"gold_gain":0.0,"event_name":"Shining Light","player_choice":"Entered Light","floor":4.0,"gold_loss":0.0,"damage_taken":14.0,"cards_upgraded":["Defend_B","Strike_B"]},{"damage_healed":0.0,"max_hp_gain":0.0,"max_hp_loss":0.0,"gold_gain":0.0,"event_name":"FaceTrader","player_choice":"Trade","floor":20.0,"gold_loss":0.0,"damage_taken":0.0,"relics_obtained":["SsserpentHead"]},{"damage_healed":0.0,"max_hp_gain":0.0,"max_hp_loss":0.0,"gold_gain":0.0,"event_name":"Masked Bandits","player_choice":"Paid Fearfully","floor":28.0,"gold_loss":261.0,"damage_taken":0.0},{"damage_healed":0.0,"max_hp_gain":0.0,"max_hp_loss":0.0,"gold_gain":0.0,"event_name":"The Mausoleum","player_choice":"Opened","floor":29.0,"gold_loss":0.0,"damage_taken":0.0,"relics_obtained":["The Courier"],"cards_obtained":["Writhe"]},{"damage_healed":0.0,"max_hp_gain":0.0,"max_hp_loss":0.0,"gold_gain":0.0,"event_name":"Mysterious Sphere","player_choice":"Fight","floor":36.0,"gold_loss":0.0,"damage_taken":0.0},{"damage_healed":0,"gold_gain":0,"player_choice":"Upgraded","damage_taken":0,"max_hp_gain":0,"max_hp_loss":0,"event_name":"Upgrade Shrine","floor":37,"gold_loss":0,"cards_upgraded":["Go for the Eyes"]},{"damage_healed":77,"gold_gain":0,"player_choice":"Heal","damage_taken":0,"max_hp_gain":0,"max_hp_loss":11,"event_name":"The Moai Head","floor":39,"gold_loss":0},{"damage_healed":0,"gold_gain":0,"player_choice":"Paid","damage_taken":0,"relics_obtained":["Red Mask"],"max_hp_gain":0,"max_hp_loss":0,"event_name":"Tomb of Lord Red Mask","floor":46,"gold_loss":637},{"damage_healed":0,"gold_gain":0,"player_choice":"Fight","damage_taken":0,"max_hp_gain":0,"max_hp_loss":0,"event_name":"MindBloom","floor":48,"gold_loss":0}],"is_beta":false,"boss_relics":[{"not_picked":["Eternal Feather","Snecko Eye"],"picked":"White Beast Statue"},{"not_picked":["Lizard Tail","Pandora\u0027s Box"],"picked":"FrozenCore"}],"items_purged_floors":[22,30],"is_endless":false,"potions_floor_spawned":[1,10,13,14,18,19,21,23,27,31,33,35,36,38,41,44,45,47,48],"killed_by":"Shield and Spear","ascension_level":8}