{"gold_per_floor":[118,138,26,26,39,39,39,67,117,136,136,171,171,214,226,312,324,349,375,437,449,484,496,542,13,13,13],"floor_reached":27,"playtime":717,"items_purged":["Strike_B"],"score":494,"play_id":"57ddb46c-96b1-4448-96f9-a0b1ceb23096","local_time":"20181103235429","is_ascension_mode":true,"campfire_choices":[{"data":"Static Discharge","floor":6,"key":"SMITH"},{"floor":11,"key":"REST"},{"data":"Defragment","floor":15,"key":"SMITH"},{"data":"Zap","floor":23,"key":"SMITH"}],"neow_cost":"NONE","seed_source_timestamp":2172898182403348,"circlet_count":0,"master_deck":["AscendersBane","Strike_B","Strike_B","Defend_B","Defend_B","Defend_B","Defend_B","Zap+1","Dualcast","Compile Driver","Ball Lightning","Loop","Static Discharge+1","Defragment+1","Coolheaded","BootSequence","Thunder Strike","Turbo+1","Leap","Cold Snap","Conserve Battery"],"relics":["Cracked Core","NeowsBlessing","DataDisk","Bag of Marbles","Dream Catcher","MawBank","Torii","Sozu","Juzu Bracelet","Bag of Preparation","Meat on the Bone","ClockworkSouvenir","Art of War"],"potions_floor_usage":[10,16],"damage_taken":[{"damage":0,"enemies":"2 Louse","floor":1,"turns":1},{"damage":0,"enemies":"Cultist","floor":2,"turns":1},{"damage":0,"enemies":"Jaw Worm","floor":5,"turns":1},{"damage":20,"enemies":"Lagavulin","floor":8,"turns":6},{"damage":9,"enemies":"3 Louse","floor":10,"turns":2},{"damage":8,"enemies":"Gremlin Nob","floor":12,"turns":3},{"damage":17,"enemies":"Lagavulin","floor":14,"turns":5},{"damage":26,"enemies":"The Guardian","floor":16,"turns":10},{"damage":7,"enemies":"Chosen","floor":18,"turns":3},{"damage":19,"enemies":"3 Byrds","floor":19,"turns":3},{"damage":37,"enemies":"Gremlin Leader","floor":24,"turns":4},{"damage":10,"enemies":"3 Cultists","floor":27,"turns":3}],"seed_played":"2920400157924696137","potions_obtained":[{"floor":2,"key":"Weak Potion"},{"floor":5,"key":"Dexterity Potion"}],"is_trial":false,"path_per_floor":["M","M","$","?","M","R","?","E","T","M","R","E","T","E","R","B",null,"M","M","?","?","T","R","E","$","T","M"],"character_chosen":"DEFECT","items_purchased":["Loop","Meat on the Bone","ClockworkSouvenir","Conserve Battery"],"campfire_rested":1,"item_purchase_floors":[3,25,25,25],"current_hp_per_floor":[64,64,64,64,64,64,64,44,44,35,56,48,48,31,31,5,55,48,29,29,43,43,43,6,6,6,0],"gold":13,"neow_bonus":"THREE_ENEMY_KILL","is_prod":false,"is_daily":false,"chose_seed":false,"campfire_upgraded":3,"win_rate":0,"timestamp":1541303669,"path_taken":["M","M","$","?","M","R","?","E","T","?","R","E","?","E","R","BOSS","M","?","?","?","?","R","E","$","T","M"],"build_version":"2018-11-01","purchased_purges":1,"victory":false,"max_hp_per_floor":[71,71,71,71,71,71,71,71,71,71,71,71,71,71,71,71,71,71,71,71,71,71,71,71,71,71,71],"card_choices":[{"not_picked":["Conserve Battery","FTL"],"picked":"Compile Driver","floor":1},{"not_picked":["Leap","Compile Driver"],"picked":"Ball Lightning","floor":2},{"not_picked":["Redo","Reprogram"],"picked":"Static Discharge","floor":5},{"not_picked":["Coolheaded","Gash"],"picked":"Defragment","floor":8},{"not_picked":["Redo","Barrage"],"picked":"Coolheaded","floor":10},{"not_picked":["Lockon","Rebound","Hello World"],"picked":"SKIP","floor":12},{"not_picked":["Lockon","Fusion"],"picked":"BootSequence","floor":14},{"not_picked":["Hyperbeam","Meteor Strike"],"picked":"Thunder Strike","floor":16},{"not_picked":["Compile Driver","Coolheaded"],"picked":"Turbo+1","floor":18},{"not_picked":["Go for the Eyes","Static Discharge"],"picked":"Leap","floor":19},{"not_picked":["Sweeping Beam","Hello World"],"picked":"Cold Snap","floor":24}],"player_experience":888150,"relics_obtained":[{"floor":8,"key":"DataDisk"},{"floor":9,"key":"Bag of Marbles"},{"floor":12,"key":"Dream Catcher"},{"floor":13,"key":"MawBank"},{"floor":14,"key":"Torii"},{"floor":22,"key":"Juzu Bracelet"},{"floor":24,"key":"Bag of Preparation"},{"floor":26,"key":"Art of War"}],"event_choices":[{"damage_healed":0,"gold_gain":0,"player_choice":"Leave","damage_taken":0,"max_hp_gain":0,"max_hp_loss":0,"event_name":"The Cleric","floor":4,"gold_loss":0},{"cards_removed":["Strike_B"],"damage_healed":0,"gold_gain":0,"player_choice":"Purged","damage_taken":0,"max_hp_gain":0,"max_hp_loss":0,"event_name":"Purifier","floor":7,"gold_loss":0},{"damage_healed":0,"gold_gain":50,"player_choice":"Stole From Cult","damage_taken":0,"max_hp_gain":0,"max_hp_loss":0,"event_name":"Nest","floor":20,"gold_loss":0},{"damage_healed":14,"gold_gain":0,"player_choice":"Heal","damage_taken":0,"max_hp_gain":0,"max_hp_loss":0,"event_name":"The Library","floor":21,"gold_loss":0}],"is_beta":false,"boss_relics":[{"not_picked":["Calling Bell","Velvet Choker"],"picked":"Sozu"}],"items_purged_floors":[3],"is_endless":false,"potions_floor_spawned":[2,5,8,18],"killed_by":"3 Cultists","ascension_level":20}