{"gold_per_floor":[111,81,98,112,112,147,147,175,224,249,324,60,79,109,121,133],"floor_reached":16,"playtime":457,"items_purged":[],"score":198,"play_id":"0c75e1f2-ea83-4e95-bddf-224f3812f59b","local_time":"20190219115431","is_ascension_mode":true,"campfire_choices":[{"floor":7,"key":"REST"},{"floor":15,"key":"REST"}],"neow_cost":"NONE","seed_source_timestamp":559993197944925,"circlet_count":0,"master_deck":["AscendersBane","Strike_B","Strike_B+1","Strike_B","Strike_B+1","Defend_B","Defend_B","Defend_B","Defend_B","Zap+1","Dualcast","Compile Driver+1","Coolheaded","Hologram","Stack+1","Beam Cell+1","Streamline","Echo Form","White Noise","Doom and Gloom","Defragment","Steam"],"relics":["Cracked Core","Matryoshka","DataDisk","War Paint","Whetstone","Kunai","Happy Flower","MawBank"],"potions_floor_usage":[6,6,8,14],"damage_taken":[{"damage":0,"enemies":"Cultist","floor":1,"turns":3},{"damage":7,"enemies":"Jaw Worm","floor":3,"turns":4},{"damage":3,"enemies":"2 Louse","floor":4,"turns":4},{"damage":16,"enemies":"Gremlin Nob","floor":6,"turns":3},{"damage":8,"enemies":"3 Sentries","floor":8,"turns":4},{"damage":16,"enemies":"Lagavulin","floor":10,"turns":5},{"damage":0,"enemies":"Exordium Wildlife","floor":13,"turns":3},{"damage":13,"enemies":"3 Sentries","floor":14,"turns":6},{"damage":23,"enemies":"Slime Boss","floor":16,"turns":3}],"seed_played":"-2541235462766344827","potions_obtained":[{"floor":2,"key":"AttackPotion"},{"floor":2,"key":"GamblersBrew"},{"floor":6,"key":"PowerPotion"},{"floor":10,"key":"SpeedPotion"}],"is_trial":false,"path_per_floor":["M","?","M","M","?","E","R","E","T","E","?","$","M","E","R","B"],"character_chosen":"DEFECT","items_purchased":["White Noise","Doom and Gloom","Happy Flower"],"campfire_rested":2,"item_purchase_floors":[12,12,12],"current_hp_per_floor":[68,68,61,58,43,27,49,41,41,25,14,14,14,1,23,0],"gold":133,"neow_bonus":"THREE_CARDS","is_prod":false,"is_daily":false,"chose_seed":false,"campfire_upgraded":0,"win_rate":0,"timestamp":1550595271,"path_taken":["M","?","?","M","?","E","R","E","T","E","?","?","M","E","R","BOSS"],"build_version":"2019-01-23","purchased_purges":0,"victory":false,"max_hp_per_floor":[75,75,75,75,75,75,75,75,75,75,75,75,75,75,75,75],"card_choices":[{"not_picked":["Stack","Aggregate"],"picked":"Compile Driver","floor":0},{"not_picked":["Beam Cell","Stack"],"picked":"Coolheaded","floor":1},{"not_picked":["FTL","Rebound"],"picked":"Hologram","floor":3},{"not_picked":["Chaos","Streamline"],"picked":"Stack","floor":4},{"not_picked":["Double Energy","Lockon"],"picked":"Beam Cell","floor":6},{"not_picked":["Melter","Recycle"],"picked":"Streamline","floor":8},{"not_picked":["Cold Snap","Turbo"],"picked":"Echo Form","floor":10},{"not_picked":["Go for the Eyes","Undo"],"picked":"Defragment","floor":13},{"not_picked":["Cold Snap","Blizzard"],"picked":"Steam","floor":14}],"player_experience":313034,"relics_obtained":[{"floor":6,"key":"Matryoshka"},{"floor":8,"key":"DataDisk"},{"floor":9,"key":"War Paint"},{"floor":9,"key":"Whetstone"},{"floor":10,"key":"Kunai"},{"floor":14,"key":"MawBank"}],"event_choices":[{"damage_healed":0,"gold_gain":0,"player_choice":"Bought 2 Potions","damage_taken":0,"max_hp_gain":0,"max_hp_loss":0,"event_name":"The Woman in Blue","floor":2,"gold_loss":0},{"damage_healed":0,"gold_gain":0,"player_choice":"Entered Light","damage_taken":15,"max_hp_gain":0,"max_hp_loss":0,"event_name":"Shining Light","floor":5,"gold_loss":0,"cards_upgraded":["Compile Driver","Strike_B"]},{"damage_healed":0,"gold_gain":75,"player_choice":"Gather Gold","damage_taken":11,"max_hp_gain":0,"max_hp_loss":0,"event_name":"World of Goop","floor":11,"gold_loss":0}],"is_beta":false,"boss_relics":[],"items_purged_floors":[],"is_endless":false,"potions_floor_spawned":[6,10],"killed_by":"Slime Boss","ascension_level":11}