{"path_per_floor":["M","?","M","M","?","E","R","E","T","T","M","R","M","?","R","B",null,"M","M","$","?","?","R","E","M","T","T","$","R","M","M","R","B",null,"M","?","?","?","M","R","E","M","T","$","T","T","M","M","R"],"character_chosen":"THE_SILENT","items_purchased":["Singing Bowl","Bronze Scales","Pantograph","Snake Skull"],"gold_per_floor":[210,210,228,245,420,452,452,513,513,513,483,483,498,498,498,602,602,621,632,255,255,255,255,284,295,295,321,17,17,36,54,54,158,158,173,133,133,133,151,151,176,187,187,40,40,40,58,71,71],"floor_reached":50,"campfire_rested":8,"playtime":4165,"current_hp_per_floor":[67,60,60,60,60,23,44,2,2,2,4,25,25,25,46,8,70,50,33,33,33,33,53,36,10,10,10,10,32,4,11,32,11,73,72,72,72,72,56,77,28,9,11,11,11,13,11,5,31],"items_purged":["Parasite","Underhanded Strike"],"gold":71,"score":523,"play_id":"13a286c4-ba3e-4f2c-8414-b141146067dc","is_prod":false,"is_daily":false,"is_ascension_mode":false,"campfire_upgraded":0,"path_taken":["M","?","M","M","?","E","R","E","T","?","M","R","M","?","R","BOSS","M","M","$","?","?","R","E","M","T","?","?","R","?","M","R","BOSS","M","?","?","?","M","R","E","M","T","$","?","?","?","M","R","BOSS"],"build_version":"2018-02-22-PROD2","purchased_purges":2,"victory":false,"master_deck":["Survivor","Neutralize","Slice","Deflect","Flying Knee","Noxious Fumes","Endless Agony","After Image","Dagger Spray","Bite","Bite","Bite","Bite","Bite","Catalyst","Bouncing Flask+1","Cloak And Dagger+1","Bouncing Flask+1","Caltrops","Cloak And Dagger","Calculated Gamble","Escape Plan","Poisoned Stab","Prepared","Terror+1","Noxious Fumes+1","Backstab"],"max_hp_per_floor":[70,70,70,70,70,70,70,70,70,70,70,70,70,70,70,70,70,70,70,67,67,67,67,67,67,67,67,67,69,69,71,71,73,73,75,75,75,75,77,77,79,81,83,83,83,85,87,89,89],"relics":["Ring of the Snake","Mummified Hand","Tiny Chest","Girya","Peace Pipe","Spirit Poop","Calling Bell","Dream Catcher","Paper Crane","Gremlin Horn","Singing Bowl","Bronze Scales","Ornamental Fan","Smiling Mask","Prayer Wheel","Pantograph","Pandora\u0027s Box","Toxic Egg 2","Happy Flower","Snake Skull","Ginger","Dead Branch"],"card_choices":[{"not_picked":["Crippling Poison","Prepared"],"picked":"Slice"},{"not_picked":["Flying Knee","Predator"],"picked":"Deflect"},{"not_picked":["Envenom","Riddle With Holes"],"picked":"Flying Knee"},{"not_picked":["Acrobatics","Eviscerate"],"picked":"Underhanded Strike"},{"not_picked":["Escape Plan","Cloak And Dagger"],"picked":"Noxious Fumes"},{"not_picked":["Dodge and Roll","Choke"],"picked":"Poisoned Stab"},{"not_picked":["Deflect","Dodge and Roll"],"picked":"Endless Agony"},{"not_picked":["Unload","Corpse Explosion"],"picked":"After Image"},{"not_picked":["Calculated Gamble","Underhanded Strike"],"picked":"Dagger Spray"},{"not_picked":["Poisoned Stab","Dodge and Roll"],"picked":"Catalyst"},{"not_picked":["Deadly Poison","Quick Slash"],"picked":"Bouncing Flask"},{"not_picked":["Underhanded Strike","Sucker Punch"],"picked":"Cloak And Dagger"},{"not_picked":["Blade Dance","Dagger Spray"],"picked":"Bouncing Flask"},{"not_picked":["Predator","Backflip"],"picked":"Caltrops"},{"not_picked":["Deflect","Slice"],"picked":"Terror"},{"not_picked":["Deadly Poison","Crippling Poison"],"picked":"Noxious Fumes"},{"not_picked":["Slice","Poisoned Stab"],"picked":"Backstab"}],"player_experience":195269,"potions_floor_usage":[33,39,39,39,48,50],"damage_taken":[{"damage":3.0,"enemies":"Jaw Worm","floor":1.0,"turns":11.0},{"damage":0.0,"enemies":"Small Slimes","floor":3.0,"turns":3.0},{"damage":0.0,"enemies":"2 Louse","floor":4.0,"turns":3.0},{"damage":37.0,"enemies":"3 Sentries","floor":6.0,"turns":15.0},{"damage":44.0,"enemies":"Gremlin Nob","floor":8.0,"turns":6.0},{"damage":0.0,"enemies":"Looter","floor":11.0,"turns":4.0},{"damage":2.0,"enemies":"Exordium Wildlife","floor":13.0,"turns":5.0},{"damage":40.0,"enemies":"Slime Boss","floor":16.0,"turns":13.0},{"damage":20.0,"enemies":"Chosen","floor":18.0,"turns":7.0},{"damage":19.0,"enemies":"Shell Parasite","floor":19.0,"turns":9.0},{"damage":39.0,"enemies":"Gremlin Leader","floor":24.0,"turns":10.0},{"damage":38.0,"enemies":"Chosen and Byrds","floor":25.0,"turns":6.0},{"damage":30.0,"enemies":"3 Cultists","floor":30.0,"turns":5.0},{"damage":1.0,"enemies":"Sentry and Sphere","floor":31.0,"turns":3.0},{"damage":74,"enemies":"Champ","floor":33,"turns":13},{"damage":5,"enemies":"Orb Walker","floor":35,"turns":3},{"damage":34,"enemies":"3 Shapes","floor":39,"turns":5},{"damage":59,"enemies":"2 Orb Walkers","floor":41,"turns":5},{"damage":31,"enemies":"3 Darklings","floor":42,"turns":5},{"damage":16,"enemies":"4 Shapes","floor":47,"turns":5},{"damage":20,"enemies":"Sphere and 2 Shapes","floor":48,"turns":5},{"damage":72,"enemies":"Donu and Deca","floor":50,"turns":6}],"event_choices":[{"event_name":"Scrap Ooze","player_choice":"success","floor":2.0,"damage_taken":7.0},{"event_name":"Liars Game","player_choice":"agreed","floor":5.0,"damage_taken":0.0},{"event_name":"Bonfire Elementals","player_choice":"CURSE","floor":14.0,"damage_taken":0.0},{"event_name":"Vampires","player_choice":"Became a vampire (Vial)","floor":21.0,"damage_taken":0.0},{"event_name":"Fountain of Cleansing","player_choice":"Removed Curse","floor":22.0,"damage_taken":0.0},{"event_name":"The Woman in Blue","player_choice":"Bought 3 Potions","floor":36,"damage_taken":0},{"event_name":"Mysterious Sphere","player_choice":"Ignore","floor":37,"damage_taken":0}],"boss_relics":[{"not_picked":["Astrolabe","Runic Pyramid"],"picked":"Pandora\u0027s Box"}],"potions_floor_spawned":[1,13,16,25,31,39,48],"seed_played":"3618466991440030822","killed_by":"Donu and Deca","ascension_level":0,"is_trial":false}