{"gold_per_floor":[111,131,147,6,6,6,40,40,121,148,166,194,194,208,208,281,281,281,206,131,131,131,131,46,46,46,46,46,46,46,46,46,46],"floor_reached":33,"playtime":1490,"items_purged":["Defend_G"],"score":538,"play_id":"96326221-948c-4abc-9647-5e0284c9ec14","local_time":"20181025003258","is_ascension_mode":true,"campfire_choices":[{"data":"Sucker Punch","floor":6,"key":"SMITH"},{"data":"Dagger Spray","floor":8,"key":"SMITH"},{"data":"Noxious Fumes","floor":15,"key":"SMITH"},{"data":"Night Terror","floor":23,"key":"SMITH"},{"data":"Backstab","floor":28,"key":"SMITH"},{"floor":32,"key":"REST"}],"neow_cost":"NONE","seed_source_timestamp":1310413043475333,"circlet_count":0,"master_deck":["Defend_G+1","Defend_G","Defend_G","Defend_G+1","Strike_G","Strike_G","Strike_G","Strike_G","Survivor","Neutralize","AscendersBane","Dagger Spray+1","Sucker Punch+1","Backstab","Noxious Fumes+1","Backstab+1","Backflip","Dash+1","Well Laid Plans","Night Terror+1","Sucker Punch+1","Flying Knee+1","Backstab+1","Riddle With Holes+1","PiercingWail","Footwork+1"],"relics":["Ring of the Snake","War Paint","Bottled Lightning","Bird Faced Urn","Molten Egg 2","Ectoplasm","The Courier","Juzu Bracelet"],"potions_floor_usage":[10,12,16,18,30,31,33],"damage_taken":[{"damage":4,"enemies":"Small Slimes","floor":1,"turns":5},{"damage":12,"enemies":"Cultist","floor":2,"turns":4},{"damage":1,"enemies":"Jaw Worm","floor":3,"turns":4},{"damage":24,"enemies":"Gremlin Nob","floor":7,"turns":4},{"damage":13,"enemies":"3 Sentries","floor":10,"turns":7},{"damage":0,"enemies":"Looter","floor":11,"turns":2},{"damage":10,"enemies":"Lagavulin","floor":12,"turns":9},{"damage":0,"enemies":"2 Fungi Beasts","floor":14,"turns":1},{"damage":10,"enemies":"Hexaghost","floor":16,"turns":12},{"damage":24,"enemies":"Shell Parasite","floor":18,"turns":7},{"damage":1,"enemies":"3 Byrds","floor":21,"turns":5},{"damage":11,"enemies":"Centurion and Healer","floor":22,"turns":6},{"damage":12,"enemies":"3 Cultists","floor":25,"turns":6},{"damage":13,"enemies":"Colosseum Slavers","floor":27,"turns":5},{"damage":15,"enemies":"Snake Plant","floor":29,"turns":5},{"damage":8,"enemies":"Shelled Parasite and Fungi","floor":30,"turns":4},{"damage":13,"enemies":"Sentry and Sphere","floor":31,"turns":4},{"damage":37,"enemies":"Collector","floor":33,"turns":3}],"seed_played":"-1789119676853898335","potions_obtained":[{"floor":3,"key":"Swift Potion"},{"floor":10,"key":"Dexterity Potion"},{"floor":14,"key":"SkillPotion"},{"floor":18,"key":"EssenceOfSteel"},{"floor":22,"key":"Ancient Potion"},{"floor":29,"key":"GhostInAJar"},{"floor":30,"key":"AttackPotion"}],"is_trial":false,"path_per_floor":["M","M","M","$","?","R","E","R","T","E","M","E","?","M","R","B",null,"M","?","$","M","M","R","?","M","T","?","R","M","M","M","R"],"character_chosen":"THE_SILENT","items_purchased":["Noxious Fumes","Dexterity Potion"],"campfire_rested":1,"item_purchase_floors":[4,4],"current_hp_per_floor":[61,49,48,48,48,48,24,24,24,11,11,3,27,27,27,21,59,45,45,45,48,41,41,41,37,37,34,34,23,19,8,29,0],"gold":46,"neow_bonus":"TEN_PERCENT_HP_BONUS","is_prod":false,"is_daily":false,"chose_seed":false,"campfire_upgraded":5,"win_rate":0,"timestamp":1540441978,"path_taken":["M","M","M","$","?","R","E","R","T","E","M","E","?","M","R","BOSS","M","?","$","M","M","R","?","M","T","?","R","M","M","M","R","BOSS"],"build_version":"2018-10-18","purchased_purges":1,"victory":false,"max_hp_per_floor":[72,72,72,72,72,72,72,72,72,72,72,72,72,72,72,72,72,72,72,72,72,72,72,72,72,72,72,72,72,72,72,72,72],"card_choices":[{"not_picked":["Dodge and Roll","Slice"],"picked":"Dagger Spray","floor":1},{"not_picked":["Prepared","Calculated Gamble"],"picked":"Sucker Punch","floor":2},{"not_picked":["Flying Knee","Escape Plan"],"picked":"Backstab","floor":3},{"not_picked":["Blade Dance","Reflex","Heel Hook"],"picked":"SKIP","floor":7},{"not_picked":["Underhanded Strike","Backflip"],"picked":"Backstab","floor":10},{"not_picked":["Bane","Deflect"],"picked":"Backflip","floor":11},{"not_picked":["Well Laid Plans","Eviscerate"],"picked":"Dash","floor":12},{"not_picked":["Escape Plan","Slice+1"],"picked":"Well Laid Plans","floor":14},{"not_picked":["Storm of Steel","Venomology"],"picked":"Night Terror","floor":16},{"not_picked":["Quick Slash+1","Accuracy"],"picked":"Sucker Punch+1","floor":18},{"not_picked":["Prepared+1","Riddle With Holes+1"],"picked":"Flying Knee+1","floor":21},{"not_picked":["Sucker Punch+1","Dagger Spray+1","Backflip"],"picked":"SKIP","floor":22},{"not_picked":["Flying Knee+1","Slice+1"],"picked":"Backstab+1","floor":25},{"not_picked":["Flying Knee+1","Choke+1"],"picked":"Riddle With Holes+1","floor":29},{"not_picked":["Prepared","Deflect"],"picked":"PiercingWail","floor":30},{"not_picked":["Dodge and Roll+1","Bullet Time"],"picked":"Footwork+1","floor":31}],"player_experience":821818,"relics_obtained":[{"floor":7,"key":"War Paint"},{"floor":9,"key":"Bottled Lightning"},{"floor":10,"key":"Bird Faced Urn"},{"floor":12,"key":"Molten Egg 2"},{"floor":26,"key":"Juzu Bracelet"}],"event_choices":[{"damage_healed":0,"gold_gain":0,"player_choice":"Leave","damage_taken":0,"max_hp_gain":0,"max_hp_loss":0,"event_name":"The Cleric","floor":5,"gold_loss":0},{"damage_healed":24,"gold_gain":0,"player_choice":"Banana","damage_taken":0,"max_hp_gain":0,"max_hp_loss":0,"event_name":"Big Fish","floor":13,"gold_loss":0},{"cards_removed":["Strike_G"],"damage_healed":0,"gold_gain":0,"player_choice":"Gave Gold","damage_taken":0,"max_hp_gain":0,"max_hp_loss":0,"event_name":"Beggar","floor":19,"gold_loss":75},{"damage_healed":0,"gold_gain":0,"player_choice":"Obtained Relic","damage_taken":0,"relics_obtained":["The Courier"],"max_hp_gain":0,"max_hp_loss":0,"event_name":"Addict","floor":24,"gold_loss":85},{"damage_healed":0,"gold_gain":0,"player_choice":"Fight","damage_taken":0,"max_hp_gain":0,"max_hp_loss":0,"event_name":"Colosseum","floor":27,"gold_loss":0},{"damage_healed":0,"gold_gain":0,"player_choice":"Fled From Nobs","damage_taken":0,"max_hp_gain":0,"max_hp_loss":0,"event_name":"Colosseum","floor":27,"gold_loss":0}],"is_beta":false,"boss_relics":[{"not_picked":["Lizard Tail","WristBlade"],"picked":"Ectoplasm"}],"items_purged_floors":[20],"is_endless":false,"potions_floor_spawned":[3,7,10,14,18,22,29,30],"killed_by":"Collector","ascension_level":20}