{"gold_per_floor":[113,132,143,143,143,143,168,52,78,107,119,144,156,181,193,281,293,324,11,11,21,36,36,66,66,66,116,129,129],"floor_reached":29,"playtime":1305,"items_purged":["Defend_G"],"score":478,"play_id":"a5e895c8-08c9-4645-b6f8-1a8cdbc45998","local_time":"20181021204656","is_ascension_mode":true,"campfire_choices":[{"data":"Sucker Punch","floor":6.0,"key":"SMITH"},{"floor":11.0,"key":"REST"},{"data":"Malaise","floor":15.0,"key":"SMITH"},{"data":"Apotheosis","floor":23.0,"key":"SMITH"}],"neow_cost":"PERCENT_DAMAGE","seed_source_timestamp":1037742382835556,"circlet_count":0,"master_deck":["Defend_G","Defend_G","Defend_G","Defend_G","Strike_G","Strike_G","Strike_G","Survivor","Neutralize+1","AscendersBane","Well Laid Plans","Sucker Punch+1","Crippling Poison","Terror","Leg Sweep","Footwork+1","Deflect","Malaise+1","Die Die Die","Deadly Poison","Noxious Fumes","Apotheosis+1","Bouncing Flask","Dodge and Roll","Eviscerate"],"special_seed":0,"relics":["Ring of the Snake","Du-Vu Doll","Omamori","MawBank","Snecko Eye","Anchor","Dream Catcher"],"potions_floor_usage":[24,24,29],"damage_taken":[{"damage":0.0,"enemies":"2 Louse","floor":1.0,"turns":3.0},{"damage":3.0,"enemies":"Cultist","floor":2.0,"turns":4.0},{"damage":0.0,"enemies":"Small Slimes","floor":3.0,"turns":5.0},{"damage":33.0,"enemies":"Lagavulin","floor":7.0,"turns":8.0},{"damage":0.0,"enemies":"Blue Slaver","floor":10.0,"turns":6.0},{"damage":3.0,"enemies":"3 Louse","floor":12.0,"turns":3.0},{"damage":2.0,"enemies":"Exordium Wildlife","floor":14.0,"turns":6.0},{"damage":20.0,"enemies":"The Guardian","floor":16.0,"turns":15.0},{"damage":7.0,"enemies":"Chosen","floor":18.0,"turns":8.0},{"damage":4.0,"enemies":"Shell Parasite","floor":21.0,"turns":6.0},{"damage":10.0,"enemies":"Snake Plant","floor":22.0,"turns":6.0},{"damage":36,"enemies":"Slavers","floor":24,"turns":4},{"damage":0,"enemies":"Centurion and Healer","floor":28,"turns":6},{"damage":9,"enemies":"Shelled Parasite and Fungi","floor":29,"turns":3}],"seed_played":"-5044139186090094356","potions_obtained":[{"floor":2.0,"key":"Ancient Potion"},{"floor":10.0,"key":"LiquidBronze"},{"floor":14.0,"key":"Energy Potion"},{"floor":16.0,"key":"Regen Potion"},{"floor":21.0,"key":"Dexterity Potion"},{"floor":22.0,"key":"PowerPotion"},{"floor":28,"key":"Energy Potion"}],"is_trial":false,"path_per_floor":["M","M","M","?","?","R","E","$","T","M","R","M","?","M","R","B",null,"M","$","$","M","M","R","E","?","T","?","M"],"character_chosen":"THE_SILENT","items_purchased":["Leg Sweep","Noxious Fumes","Apotheosis","Explosive Potion"],"campfire_rested":1,"item_purchase_floors":[8,19,19,19],"current_hp_per_floor":[44,41,41,41,41,41,8,8,8,8,27,24,24,22,22,2,50,58,58,58,54,44,44,8,8,8,8,8,0],"gold":129,"neow_bonus":"ONE_RARE_RELIC","is_prod":false,"is_daily":false,"chose_seed":false,"campfire_upgraded":3,"win_rate":0,"timestamp":1540169216,"path_taken":["M","M","M","?","?","R","E","$","T","M","R","M","?","M","R","BOSS","M","?","$","M","?","R","E","?","T","?","M","M"],"build_version":"2018-10-18","purchased_purges":1,"victory":false,"max_hp_per_floor":[66,66,66,66,66,66,66,66,66,66,66,66,66,66,66,66,66,66,66,66,66,66,66,66,66,66,66,66,66],"card_choices":[{"not_picked":["Flying Knee","Deflect"],"picked":"Well Laid Plans","floor":1.0},{"not_picked":["Slice","Choke"],"picked":"Sucker Punch","floor":2.0},{"not_picked":["Poisoned Stab","Setup"],"picked":"Crippling Poison","floor":3.0},{"not_picked":["Noxious Fumes","Backflip"],"picked":"Terror","floor":7.0},{"not_picked":["Prepared","Finisher"],"picked":"Footwork","floor":10.0},{"not_picked":["Well Laid Plans","Reflex"],"picked":"Deflect","floor":12.0},{"not_picked":["Cloak And Dagger","Sucker Punch"],"picked":"Malaise","floor":14.0},{"not_picked":["Venomology","Adrenaline"],"picked":"Die Die Die","floor":16.0},{"not_picked":["Dagger Spray","Acrobatics"],"picked":"Deadly Poison","floor":18.0},{"not_picked":["Outmaneuver","Distraction+1"],"picked":"Bouncing Flask","floor":21.0},{"not_picked":["Endless Agony","Dagger Spray","Heel Hook"],"picked":"SKIP","floor":22.0},{"not_picked":["Prepared","Terror"],"picked":"Dodge and Roll","floor":24},{"not_picked":["PiercingWail","Blade Dance"],"picked":"Eviscerate","floor":28}],"player_experience":790960,"relics_obtained":[{"floor":7.0,"key":"Omamori"},{"floor":9.0,"key":"MawBank"},{"floor":24,"key":"Anchor"},{"floor":26,"key":"Dream Catcher"}],"event_choices":[{"cards_removed":["Strike_G"],"damage_healed":0.0,"max_hp_gain":0.0,"max_hp_loss":0.0,"gold_gain":0.0,"event_name":"Purifier","player_choice":"Purged","floor":4.0,"gold_loss":0.0,"damage_taken":0.0},{"damage_healed":0.0,"max_hp_gain":0.0,"max_hp_loss":0.0,"gold_gain":0.0,"event_name":"Living Wall","player_choice":"Grow","floor":5.0,"gold_loss":0.0,"damage_taken":0.0,"cards_upgraded":["Neutralize"]},{"damage_healed":0.0,"max_hp_gain":0.0,"max_hp_loss":0.0,"gold_gain":0.0,"event_name":"Upgrade Shrine","player_choice":"Upgraded","floor":13.0,"gold_loss":0.0,"damage_taken":0.0,"cards_upgraded":["Footwork"]},{"cards_removed":["Strike_G"],"damage_healed":0,"gold_gain":0,"player_choice":"Offered Basic","damage_taken":0,"max_hp_gain":0,"max_hp_loss":0,"event_name":"Bonfire Elementals","floor":25,"gold_loss":0},{"damage_healed":0,"gold_gain":100,"player_choice":"Pray","damage_taken":0,"max_hp_gain":0,"max_hp_loss":0,"event_name":"Golden Shrine","floor":27,"gold_loss":0}],"is_beta":false,"boss_relics":[{"not_picked":["HoveringKite","Empty Cage"],"picked":"Snecko Eye"}],"items_purged_floors":[8],"is_endless":false,"potions_floor_spawned":[2,10,14,16,21,22,28],"killed_by":"Shelled Parasite and Fungi","ascension_level":19}