{"gold_per_floor":[114,124,136,11,11,11,11,25,25,57,57,87,102,121,121,200,200,220,240,260,260],"floor_reached":21,"playtime":971,"items_purged":["Strike_B"],"score":436,"play_id":"4c74fc6a-0cf7-455c-916c-efb6165d018b","local_time":"20190108213920","is_ascension_mode":true,"campfire_choices":[{"data":"Go for the Eyes","floor":7,"key":"SMITH"},{"data":"Rainbow","floor":11,"key":"SMITH"},{"data":"Genetic Algorithm","floor":15,"key":"SMITH"}],"neow_cost":"NONE","seed_source_timestamp":48159939793177,"circlet_count":0,"master_deck":["AscendersBane","Strike_B","Strike_B","Strike_B","Defend_B","Defend_B","Defend_B","Zap","Dualcast","Chill+1","Barrage","Ball Lightning","Go for the Eyes+1","Rainbow+1","Genetic Algorithm+1","BootSequence","Echo Form","Conserve Battery"],"relics":["Cracked Core","Lantern","Dodecahedron","Bird Faced Urn","Runic Pyramid"],"potions_floor_usage":[10,16,18,19,20],"damage_taken":[{"damage":0,"enemies":"Cultist","floor":1,"turns":3},{"damage":5,"enemies":"Jaw Worm","floor":2,"turns":3},{"damage":2,"enemies":"Small Slimes","floor":3,"turns":3},{"damage":3,"enemies":"Gremlin Gang","floor":8,"turns":5},{"damage":0,"enemies":"3 Sentries","floor":10,"turns":6},{"damage":17,"enemies":"Gremlin Nob","floor":12,"turns":4},{"damage":5,"enemies":"2 Fungi Beasts","floor":13,"turns":4},{"damage":0,"enemies":"Blue Slaver","floor":14,"turns":3},{"damage":22,"enemies":"Hexaghost","floor":16,"turns":8},{"damage":19,"enemies":"2 Thieves","floor":18,"turns":4},{"damage":24,"enemies":"3 Byrds","floor":19,"turns":5},{"damage":3,"enemies":"Shelled Parasite and Fungi","floor":20,"turns":5},{"damage":14,"enemies":"Cultist and Chosen","floor":21,"turns":4}],"seed_played":"-1610683513221662814","potions_obtained":[{"floor":2,"key":"FocusPotion"},{"floor":12,"key":"GamblersBrew"},{"floor":13,"key":"SteroidPotion"},{"floor":14,"key":"LiquidBronze"},{"floor":16,"key":"AttackPotion"},{"floor":18,"key":"EssenceOfSteel"}],"is_trial":false,"path_per_floor":["M","M","M","$","?","?","R","M","T","E","R","E","M","M","R","B",null,"M","M","M","M"],"character_chosen":"DEFECT","items_purchased":["Go for the Eyes"],"campfire_rested":0,"item_purchase_floors":[4],"current_hp_per_floor":[64,59,57,57,57,57,57,54,54,54,54,37,32,32,32,10,56,37,13,12,0],"gold":260,"neow_bonus":"REMOVE_CARD","is_prod":false,"is_daily":false,"chose_seed":false,"campfire_upgraded":3,"win_rate":0,"timestamp":1547001560,"path_taken":["M","M","?","$","?","?","R","M","T","E","R","E","?","M","R","BOSS","M","M","?","M"],"build_version":"2019-01-03v4","purchased_purges":1,"victory":false,"max_hp_per_floor":[71,71,71,71,71,71,71,71,71,71,71,71,71,71,71,71,71,71,71,71,71],"card_choices":[{"not_picked":["Stack","Redo"],"picked":"Chill","floor":1},{"not_picked":["Lockon","Stack"],"picked":"Barrage","floor":2},{"not_picked":["Hologram","Chill"],"picked":"Ball Lightning","floor":3},{"not_picked":["Barrage","Stack","Go for the Eyes"],"picked":"SKIP","floor":8},{"not_picked":["Chaos","White Noise"],"picked":"Rainbow","floor":10},{"not_picked":["Cold Snap","White Noise"],"picked":"Genetic Algorithm","floor":12},{"not_picked":["Beam Cell","Redo"],"picked":"BootSequence","floor":13},{"not_picked":["Barrage","Gash","Leap"],"picked":"SKIP","floor":14},{"not_picked":["Machine Learning","Multi-Cast"],"picked":"Echo Form","floor":16},{"not_picked":["Fusion","Stack"],"picked":"Conserve Battery","floor":18},{"not_picked":["Beam Cell","Compile Driver","Ball Lightning+1"],"picked":"SKIP","floor":19},{"not_picked":["Darkness","Tempest","Leap"],"picked":"SKIP","floor":20}],"player_experience":1005770,"relics_obtained":[{"floor":9,"key":"Lantern"},{"floor":10,"key":"Dodecahedron"},{"floor":12,"key":"Bird Faced Urn"}],"event_choices":[{"damage_healed":0,"gold_gain":0,"player_choice":"Ignored","damage_taken":0,"max_hp_gain":0,"max_hp_loss":0,"event_name":"Golden Wing","floor":5,"gold_loss":0},{"damage_healed":0,"gold_gain":0,"player_choice":"Upgraded","damage_taken":0,"max_hp_gain":0,"max_hp_loss":0,"event_name":"Upgrade Shrine","floor":6,"gold_loss":0,"cards_upgraded":["Chill"]}],"is_beta":false,"boss_relics":[{"not_picked":["Velvet Choker","Cursed Key"],"picked":"Runic Pyramid"}],"items_purged_floors":[4],"is_endless":false,"potions_floor_spawned":[2,12,13,14,16,18],"killed_by":"Cultist and Chosen","ascension_level":20}