{"gold_per_floor":[20,20,31,41,57,57,82,82,137,167,177,193,226,241,241,319,319,291,301,3,3,18,18,18,18,18,18,37,51,67,67,67,144,144,156,156,156],"floor_reached":37,"playtime":2149,"items_purged":["Defend_B"],"score":727,"play_id":"26d12db9-950e-41af-944a-267ae7b1db04","local_time":"20180919232532","is_ascension_mode":true,"campfire_choices":[{"data":"Rip and Tear","floor":6.0,"key":"SMITH"},{"floor":15.0,"key":"REST"},{"floor":23,"key":"REST"},{"floor":25,"key":"REST"},{"floor":27,"key":"REST"},{"floor":32,"key":"REST"}],"neow_cost":"NO_GOLD","seed_source_timestamp":0,"circlet_count":0,"master_deck":["Defend_B+1","Zap+1","AscendersBane","Rebound","Rip and Tear+1","Steam","Beam Cell","Consume","Coolheaded","Steam","Capacitor","Reboot","Redo+1","Conserve Battery","Turbo","Creative AI","Ball Lightning","Defragment","Conserve Battery","Chill+1","Chaos","Recycle+1","Sweeping Beam","Thunder Strike","Reprogram+1","Hyperbeam+1","Beam Cell+1"],"special_seed":0,"relics":["Cracked Core","Pear","War Paint","Pen Nib","Dream Catcher","Fusion Hammer","ClockworkSouvenir","WingedGreaves","Astrolabe"],"potions_floor_usage":[28,33,37],"damage_taken":[{"damage":4.0,"enemies":"Small Slimes","floor":1.0,"turns":3.0},{"damage":2.0,"enemies":"Jaw Worm","floor":3.0,"turns":3.0},{"damage":1.0,"enemies":"2 Louse","floor":4.0,"turns":2.0},{"damage":3.0,"enemies":"Blue Slaver","floor":5.0,"turns":3.0},{"damage":22.0,"enemies":"Gremlin Nob","floor":7.0,"turns":4.0},{"damage":19.0,"enemies":"3 Sentries","floor":10.0,"turns":5.0},{"damage":5.0,"enemies":"Gremlin Gang","floor":11.0,"turns":4.0},{"damage":1.0,"enemies":"Red Slaver","floor":12.0,"turns":3.0},{"damage":16.0,"enemies":"Gremlin Nob","floor":13.0,"turns":4.0},{"damage":0.0,"enemies":"2 Fungi Beasts","floor":14.0,"turns":2.0},{"damage":21.0,"enemies":"The Guardian","floor":16.0,"turns":10.0},{"damage":25,"enemies":"2 Thieves","floor":18,"turns":4},{"damage":6,"enemies":"Chosen","floor":19,"turns":5},{"damage":30,"enemies":"Shelled Parasite and Fungi","floor":22,"turns":5},{"damage":16,"enemies":"Snake Plant","floor":28,"turns":6},{"damage":9,"enemies":"Snecko","floor":29,"turns":4},{"damage":7,"enemies":"Sentry and Sphere","floor":30,"turns":7},{"damage":62,"enemies":"Automaton","floor":33,"turns":12},{"damage":15,"enemies":"Orb Walker","floor":35,"turns":3},{"damage":53,"enemies":"3 Darklings","floor":37,"turns":4}],"seed_played":"3004258771949741570","potions_obtained":[{"floor":1.0,"key":"Fire Potion"},{"floor":5.0,"key":"SpeedPotion"},{"floor":7.0,"key":"Fire Potion"},{"floor":11.0,"key":"GamblersBrew"},{"floor":12.0,"key":"Explosive Potion"},{"floor":22,"key":"SkillPotion"},{"floor":30,"key":"Swift Potion"},{"floor":33,"key":"SpeedPotion"},{"floor":35,"key":"Explosive Potion"}],"is_trial":false,"path_per_floor":["M","?","M","M","M","R","E","?","T","E","M","M","E","M","R","B",null,"M","M","$","?","M","R","$","R","T","R","M","M","M","?","R","B",null,"M","?"],"character_chosen":"DEFECT","items_purchased":["ClockworkSouvenir"],"campfire_rested":5,"item_purchase_floors":[20],"current_hp_per_floor":[60,60,58,57,54,54,42,42,42,23,18,17,1,1,25,4,62,37,31,31,31,1,25,25,49,49,73,57,48,41,41,65,3,62,47,47,0],"gold":156,"neow_bonus":"REMOVE_TWO","is_prod":false,"is_daily":false,"chose_seed":false,"campfire_upgraded":1,"win_rate":0,"timestamp":1537413932,"path_taken":["M","?","M","M","M","R","E","?","T","E","M","?","E","M","R","BOSS","M","M","$","?","M","R","$","R","T","R","?","M","M","?","R","BOSS","M","?","M"],"build_version":"2018-09-06","purchased_purges":1,"victory":false,"max_hp_per_floor":[71,71,71,71,71,71,81,81,81,81,81,81,81,81,81,81,81,81,81,81,81,81,81,81,81,81,81,81,81,81,81,81,81,81,81,81,81],"card_choices":[{"not_picked":["Double Energy","Heatsinks","Hologram"],"picked":"SKIP","floor":1.0},{"not_picked":["Static Discharge","Go for the Eyes"],"picked":"Rebound","floor":3.0},{"not_picked":["Hologram","Conserve Battery"],"picked":"Rip and Tear","floor":4.0},{"not_picked":["Redo","Undo"],"picked":"Steam","floor":5.0},{"not_picked":["Tempest","Reprogram"],"picked":"Beam Cell","floor":7.0},{"not_picked":["Skim","Thunder Strike"],"picked":"Cold Snap","floor":10.0},{"not_picked":["Heatsinks","FTL"],"picked":"Consume","floor":11.0},{"not_picked":["Barrage","Turbo","Ball Lightning"],"picked":"SKIP","floor":12.0},{"not_picked":["Chaos","Streamline"],"picked":"Coolheaded","floor":13.0},{"not_picked":["Barrage","Streamline"],"picked":"Steam","floor":14.0},{"not_picked":["Stack","Ball Lightning"],"picked":"Capacitor","floor":15.0},{"not_picked":["Thunder Strike","Amplify"],"picked":"Reboot","floor":16.0},{"not_picked":["Rebound","Doom and Gloom"],"picked":"Redo+1","floor":18},{"not_picked":["Stack","Recycle"],"picked":"Conserve Battery","floor":19},{"not_picked":["Heatsinks","Beam Cell"],"picked":"Defragment","floor":22},{"not_picked":["Hologram","Static Discharge"],"picked":"Conserve Battery","floor":23},{"not_picked":["Hologram","Compile Driver"],"picked":"Chill","floor":25},{"not_picked":["Stack","Streamline"],"picked":"Chaos","floor":27},{"not_picked":["Defragment","Beam Cell","Conserve Battery"],"picked":"SKIP","floor":28},{"not_picked":["Coolheaded","Go for the Eyes"],"picked":"Hologram","floor":29},{"not_picked":["Darkness","Coolheaded"],"picked":"Recycle+1","floor":30},{"not_picked":["All For One","Leap"],"picked":"Sweeping Beam","floor":32},{"not_picked":["Buffer","Fission"],"picked":"Thunder Strike","floor":33},{"not_picked":["Compile Driver","Rebound+1","Fusion+1"],"picked":"SKIP","floor":35}],"player_experience":672620,"relics_obtained":[{"floor":7.0,"key":"Pear"},{"floor":9.0,"key":"War Paint"},{"floor":10.0,"key":"Pen Nib"},{"floor":13.0,"key":"Dream Catcher"},{"floor":26,"key":"WingedGreaves"}],"event_choices":[{"event_name":"The Cleric","player_choice":"Leave","floor":2.0,"damage_taken":0.0},{"event_name":"Bonfire Elementals","player_choice":"BASIC","floor":8.0,"damage_taken":0.0},{"event_name":"Drug Dealer","player_choice":"Became Test Subject","floor":21,"damage_taken":0},{"event_name":"Transmorgrifier","player_choice":"Transform","floor":31,"damage_taken":0},{"event_name":"Upgrade Shrine","player_choice":"Upgraded","floor":36,"damage_taken":0}],"is_beta":false,"boss_relics":[{"not_picked":["Tiny House","Orrery"],"picked":"Fusion Hammer"},{"not_picked":["Pandora\u0027s Box","Nuclear Battery"],"picked":"Astrolabe"}],"items_purged_floors":[20],"is_endless":false,"potions_floor_spawned":[1,5,7,11,12,22,30,33,35],"killed_by":"3 Darklings","ascension_level":17}