{"gold_per_floor":[109,121,121,221,234,277,293,293,293,293,334,358,52,76,76,206,206,231,252,252],"floor_reached":20,"playtime":1235,"items_purged":[],"score":186,"play_id":"8dd4c63b-71af-4fb2-868a-7491e396ef71","local_time":"20190115105511","is_ascension_mode":false,"campfire_choices":[{"floor":8,"key":"REST"},{"floor":10,"key":"REST"},{"floor":15,"key":"REST"}],"neow_cost":"NONE","seed_source_timestamp":492823997484018,"circlet_count":0,"master_deck":["Defend_G","Defend_G","Defend_G","Defend_G","Defend_G","Strike_G","Strike_G","Strike_G","Strike_G","Strike_G","Survivor","Neutralize","Deep Breath","Blade Dance","PiercingWail","Flying Knee","Poisoned Stab","Deflect","Poisoned Stab","Flying Knee","Trip","Glass Knife","Dagger Throw","Envenom","Sucker Punch","Bane+1"],"relics":["Ring of the Snake","Golden Idol","Bag of Marbles","Bag of Preparation","Matryoshka","Lantern","HoveringKite"],"potions_floor_usage":[6,6,16],"damage_taken":[{"damage":1,"enemies":"Cultist","floor":1,"turns":4},{"damage":1,"enemies":"Jaw Worm","floor":2,"turns":5},{"damage":0,"enemies":"2 Louse","floor":5,"turns":3},{"damage":35,"enemies":"Gremlin Nob","floor":6,"turns":5},{"damage":0,"enemies":"Looter","floor":7,"turns":4},{"damage":21,"enemies":"3 Sentries","floor":11,"turns":9},{"damage":2,"enemies":"3 Louse","floor":12,"turns":3},{"damage":0,"enemies":"Gremlin Gang","floor":14,"turns":4},{"damage":26,"enemies":"Hexaghost","floor":16,"turns":9},{"damage":25,"enemies":"Spheric Guardian","floor":18,"turns":5},{"damage":22,"enemies":"Shell Parasite","floor":19,"turns":8},{"damage":28,"enemies":"Centurion and Healer","floor":20,"turns":3}],"seed_played":"4843170345864423069","potions_obtained":[{"floor":1,"key":"Strength Potion"},{"floor":2,"key":"SkillPotion"},{"floor":7,"key":"PowerPotion"}],"is_trial":false,"path_per_floor":["M","M","?","?","M","E","M","R","T","R","E","M","$","M","R","B",null,"M","M","M"],"character_chosen":"THE_SILENT","items_purchased":["Trip","Glass Knife","Lantern"],"campfire_rested":3,"item_purchase_floors":[13,13,13],"current_hp_per_floor":[69,68,51,51,51,16,16,37,37,58,37,35,35,35,56,30,70,45,23,0],"gold":252,"neow_bonus":"RANDOM_COLORLESS","is_prod":false,"is_daily":false,"chose_seed":false,"campfire_upgraded":0,"win_rate":0.0,"timestamp":1547567711,"path_taken":["M","M","?","?","M","E","M","R","T","R","E","M","$","M","R","BOSS","M","M","M"],"build_version":"2019-01-10","purchased_purges":0,"victory":false,"max_hp_per_floor":[70,70,70,70,70,70,70,70,70,70,70,70,70,70,70,70,70,70,70,70],"card_choices":[{"not_picked":["Leg Sweep","Riddle With Holes"],"picked":"Blade Dance","floor":1},{"not_picked":["Distraction","Acrobatics"],"picked":"PiercingWail","floor":2},{"not_picked":["Acrobatics","Dagger Throw"],"picked":"Flying Knee","floor":5},{"not_picked":["Expertise","Night Terror"],"picked":"Poisoned Stab","floor":6},{"not_picked":["Outmaneuver","Backflip"],"picked":"Deflect","floor":7},{"not_picked":["Acrobatics","Flying Knee"],"picked":"Poisoned Stab","floor":11},{"not_picked":["Outmaneuver","Dash"],"picked":"Flying Knee","floor":12},{"not_picked":["Skewer","Tactician"],"picked":"Dagger Throw","floor":14},{"not_picked":["Tools of the Trade","Unload"],"picked":"Envenom","floor":16},{"not_picked":["PiercingWail","Backflip+1"],"picked":"Sucker Punch","floor":18},{"not_picked":["Footwork","Quick Slash+1"],"picked":"Bane+1","floor":19}],"player_experience":49757,"relics_obtained":[{"floor":6,"key":"Bag of Marbles"},{"floor":9,"key":"Bag of Preparation"},{"floor":11,"key":"Matryoshka"}],"event_choices":[{"damage_healed":0,"gold_gain":0,"player_choice":"Take Damage","damage_taken":17,"relics_obtained":["Golden Idol"],"max_hp_gain":0,"max_hp_loss":0,"event_name":"Golden Idol","floor":3,"gold_loss":0},{"damage_healed":0,"gold_gain":100,"player_choice":"Pray","damage_taken":0,"max_hp_gain":0,"max_hp_loss":0,"event_name":"Golden Shrine","floor":4,"gold_loss":0}],"is_beta":false,"boss_relics":[{"not_picked":["Snecko Eye","Runic Pyramid"],"picked":"HoveringKite"}],"items_purged_floors":[],"is_endless":false,"potions_floor_spawned":[1,2,7],"killed_by":"Centurion and Healer","ascension_level":0}