{"gold_per_floor":[109,109,122,47,100,134,134,34,58,113,143,159,159,175,175,273,273,292,305,305,220,58,58,58,92,92,103,134,134,134,62,62,157,157,176,176,176,26,26,60,60,0,0,0,0,35,35,49,49,49],"floor_reached":51,"playtime":6583,"items_purged":["Strike_G","Strike_G","Defend_G","Strike_G+1"],"score":886,"play_id":"788997e4-b994-4011-b118-43170728ae51","local_time":"20190426211047","is_ascension_mode":true,"campfire_choices":[{"data":"Neutralize","floor":7.0,"key":"SMITH"},{"floor":13.0,"key":"REST"},{"floor":15.0,"key":"REST"},{"data":"Footwork","floor":23.0,"key":"SMITH"},{"floor":29.0,"key":"REST"},{"data":"Ghostly","floor":32.0,"key":"SMITH"},{"data":"Corpse Explosion","floor":41,"key":"SMITH"}],"neow_cost":"NONE","seed_source_timestamp":0,"circlet_count":0,"master_deck":["Defend_G+1","Survivor+1","Neutralize+1","Deadly Poison+1","Poisoned Stab+1","Poisoned Stab+1","Blur+1","Poisoned Stab+1","Burst+1","Sucker Punch+1","Heel Hook+1","Endless Agony+1","Footwork+1","Doppelganger+1","Neutralize+1","Noxious Fumes+1","Ghostly+1","Ghostly+1","Ghostly+1","Ghostly+1","Ghostly+1","Footwork+1","After Image+1","Corpse Explosion+1"],"special_seed":0,"relics":["Ring of the Snake","Snake Skull","Ancient Tea Set","Strawberry","Whetstone","Juzu Bracelet","Bronze Scales","Odd Mushroom","Astrolabe","Anchor","Molten Egg 2","Matryoshka","Oddly Smooth Stone","Coffee Dripper","Mark of the Bloom","Bird Faced Urn","Red Mask","Omamori","Letter Opener","Art of War","Bag of Marbles","Orichalcum"],"potions_floor_usage":[33,50,50],"damage_taken":[{"damage":3.0,"enemies":"2 Louse","floor":1.0,"turns":3.0},{"damage":2.0,"enemies":"Cultist","floor":3.0,"turns":4.0},{"damage":32.0,"enemies":"3 Sentries","floor":6.0,"turns":13.0},{"damage":8.0,"enemies":"Lagavulin Event","floor":10.0,"turns":5.0},{"damage":19.0,"enemies":"The Mushroom Lair","floor":11.0,"turns":5.0},{"damage":2.0,"enemies":"Small Slimes","floor":12.0,"turns":3.0},{"damage":0.0,"enemies":"Gremlin Gang","floor":14.0,"turns":5.0},{"damage":6.0,"enemies":"Hexaghost","floor":16.0,"turns":7.0},{"damage":6.0,"enemies":"Spheric Guardian","floor":18.0,"turns":3.0},{"damage":0.0,"enemies":"Chosen","floor":19.0,"turns":4.0},{"damage":7.0,"enemies":"Slavers","floor":25.0,"turns":5.0},{"damage":11.0,"enemies":"Sentry and Sphere","floor":27.0,"turns":4.0},{"damage":30.0,"enemies":"Gremlin Leader","floor":28.0,"turns":6.0},{"damage":4,"enemies":"Automaton","floor":33,"turns":11},{"damage":2,"enemies":"3 Darklings","floor":35,"turns":5},{"damage":28,"enemies":"Giant Head","floor":40,"turns":9},{"damage":0,"enemies":"Reptomancer","floor":46,"turns":5},{"damage":0,"enemies":"3 Shapes","floor":48,"turns":3},{"damage":0,"enemies":"Awakened One","floor":50,"turns":12}],"seed_played":"-8850047663064494191","potions_obtained":[{"floor":1.0,"key":"FearPotion"},{"floor":6.0,"key":"SkillPotion"},{"floor":14.0,"key":"Ancient Potion"},{"floor":16.0,"key":"SteroidPotion"},{"floor":25.0,"key":"PowerPotion"},{"floor":28.0,"key":"SkillPotion"},{"floor":33,"key":"Strength Potion"},{"floor":35,"key":"Energy Potion"}],"is_trial":false,"path_per_floor":["M","?","M","$","T","E","R","$","T","?","?","M","R","M","R","B",null,"M","M","?","?","$","R","?","E","T","M","E","R","?","$","R","B",null,"M","?","?","$","?","E","R","?","T","R","T","E","R","M","R","B",null],"character_chosen":"THE_SILENT","items_purchased":["Footwork","Footwork"],"campfire_rested":3,"item_purchase_floors":[22,31],"current_hp_per_floor":[67,67,65,65,72,40,40,40,40,32,13,11,34,34,57,51,77,71,71,71,71,71,71,71,64,64,53,23,46,38,38,38,34,38,36,36,36,36,36,8,8,8,8,8,8,8,8,8,8,8],"gold":49,"neow_bonus":"RANDOM_COMMON_RELIC","is_prod":false,"is_daily":false,"chose_seed":false,"campfire_upgraded":4,"win_rate":0,"timestamp":1556309447,"path_taken":["M","?","M","$","?","E","R","$","T","?","?","M","R","M","R","BOSS","M","M","?","?","$","R","?","E","T","M","E","R","?","$","R","BOSS","M","?","?","$","?","E","R","?","T","R","?","E","R","M","R","BOSS"],"build_version":"2019-01-23","purchased_purges":4,"victory":true,"max_hp_per_floor":[70,70,70,70,77,77,77,77,77,77,77,77,77,77,77,77,77,77,77,77,77,77,77,77,77,77,77,77,77,38,38,38,38,38,38,38,38,38,38,38,38,38,38,38,38,38,38,38,38,38],"card_choices":[{"not_picked":["Finisher","Slice","Underhanded Strike"],"picked":"SKIP","floor":1.0},{"not_picked":["Quick Slash","Calculated Gamble"],"picked":"Deadly Poison","floor":3.0},{"not_picked":["Choke","Cloak And Dagger"],"picked":"Poisoned Stab","floor":6.0},{"not_picked":["Acrobatics","Deadly Poison"],"picked":"Poisoned Stab","floor":11.0},{"not_picked":["Caltrops","Backstab"],"picked":"Blur","floor":12.0},{"not_picked":["Setup","Leg Sweep"],"picked":"Poisoned Stab","floor":14.0},{"not_picked":["Unload","Grand Finale"],"picked":"Burst","floor":16.0},{"not_picked":["Terror","Poisoned Stab","Dagger Spray"],"picked":"SKIP","floor":18.0},{"not_picked":["Endless Agony","Poisoned Stab+1","Blade Dance"],"picked":"SKIP","floor":19.0},{"not_picked":["Deadly Poison","Prepared","Expertise"],"picked":"SKIP","floor":25.0},{"not_picked":["All Out Attack+1","PiercingWail","Quick Slash+1"],"picked":"SKIP","floor":27.0},{"not_picked":["Prepared+1","All Out Attack+1"],"picked":"Noxious Fumes","floor":28.0},{"not_picked":["Malaise","Envenom"],"picked":"After Image","floor":33},{"not_picked":["Blade Dance+1","Infinite Blades","Masterful Stab+1"],"picked":"SKIP","floor":35},{"not_picked":["Acrobatics+1","Deflect+1"],"picked":"Corpse Explosion","floor":40},{"not_picked":["Flying Knee+1","Grand Finale+1","Dodge and Roll"],"picked":"SKIP","floor":46},{"not_picked":["Slice+1","Dagger Spray+1","Cloak And Dagger+1"],"picked":"SKIP","floor":48}],"player_experience":486601,"relics_obtained":[{"floor":5.0,"key":"Strawberry"},{"floor":6.0,"key":"Whetstone"},{"floor":9.0,"key":"Juzu Bracelet"},{"floor":10.0,"key":"Bronze Scales"},{"floor":11.0,"key":"Odd Mushroom"},{"floor":25.0,"key":"Molten Egg 2"},{"floor":26.0,"key":"Matryoshka"},{"floor":28.0,"key":"Oddly Smooth Stone"},{"floor":40,"key":"Bird Faced Urn"},{"floor":43,"key":"Omamori"},{"floor":43,"key":"Letter Opener"},{"floor":45,"key":"Art of War"},{"floor":45,"key":"Bag of Marbles"},{"floor":46,"key":"Orichalcum"}],"event_choices":[{"damage_healed":0.0,"max_hp_gain":0.0,"max_hp_loss":0.0,"gold_gain":0.0,"event_name":"WeMeetAgain","player_choice":"Gave Potion","floor":2.0,"gold_loss":0.0,"damage_taken":0.0,"relics_obtained":["Ancient Tea Set"]},{"damage_healed":0.0,"max_hp_gain":0.0,"max_hp_loss":0.0,"gold_gain":30.0,"event_name":"Dead Adventurer","player_choice":"Searched \u00272\u0027 times","floor":10.0,"gold_loss":0.0,"damage_taken":0.0},{"damage_healed":0.0,"max_hp_gain":0.0,"max_hp_loss":0.0,"gold_gain":0.0,"event_name":"Mushrooms","player_choice":"Fought Mushrooms","floor":11.0,"gold_loss":0.0,"damage_taken":0.0},{"damage_healed":0.0,"max_hp_gain":0.0,"max_hp_loss":0.0,"gold_gain":0.0,"event_name":"Upgrade Shrine","player_choice":"Upgraded","floor":20.0,"gold_loss":0.0,"damage_taken":0.0,"cards_upgraded":["Burst"]},{"damage_healed":0.0,"max_hp_gain":0.0,"max_hp_loss":0.0,"gold_gain":0.0,"event_name":"Addict","player_choice":"Obtained Relic","floor":21.0,"gold_loss":85.0,"damage_taken":0.0,"relics_obtained":["Anchor"]},{"damage_healed":0.0,"max_hp_gain":0.0,"max_hp_loss":0.0,"gold_gain":0.0,"event_name":"Match and Keep!","player_choice":"2 cards matched","floor":24.0,"gold_loss":0.0,"damage_taken":0.0,"cards_obtained":["Doppelganger","Neutralize"]},{"damage_healed":0.0,"max_hp_gain":0.0,"max_hp_loss":39.0,"gold_gain":0.0,"event_name":"Ghosts","player_choice":"Became a Ghost","floor":30.0,"gold_loss":0.0,"damage_taken":0.0,"cards_obtained":["Ghostly","Ghostly","Ghostly","Ghostly","Ghostly"]},{"cards_removed":["Defend_G"],"damage_healed":0,"gold_gain":0,"player_choice":"Removed Skill","damage_taken":0,"max_hp_gain":0,"max_hp_loss":0,"event_name":"Falling","floor":36,"gold_loss":0},{"damage_healed":0,"gold_gain":0,"player_choice":"Upgrade","damage_taken":0,"relics_obtained":["Mark of the Bloom"],"max_hp_gain":0,"max_hp_loss":0,"event_name":"MindBloom","floor":37,"gold_loss":0,"cards_upgraded":["Defend_G","Survivor","Deadly Poison","Poisoned Stab","Poisoned Stab","Blur","Poisoned Stab","Doppelganger","Neutralize","Noxious Fumes","Ghostly","Ghostly","Ghostly","Ghostly","Footwork","After Image"]},{"cards_removed":["Strike_G"],"damage_healed":0,"gold_gain":0,"player_choice":"Purged","damage_taken":0,"max_hp_gain":0,"max_hp_loss":0,"event_name":"Purifier","floor":39,"gold_loss":0},{"damage_healed":0,"gold_gain":0,"player_choice":"Paid","damage_taken":0,"relics_obtained":["Red Mask"],"max_hp_gain":0,"max_hp_loss":0,"event_name":"Tomb of Lord Red Mask","floor":42,"gold_loss":60}],"is_beta":false,"boss_relics":[{"not_picked":["Cursed Key","Snecko Eye"],"picked":"Astrolabe"},{"not_picked":["Fusion Hammer","Pandora\u0027s Box"],"picked":"Coffee Dripper"}],"items_purged_floors":[4,8,22,38],"is_endless":false,"potions_floor_spawned":[1,6,14,16,25,28,33,35,40],"ascension_level":2}