{"gold_per_floor":[119,129,129,147,147,147,178,178,178,210,210,225,253,266,266,371,371,390,390,38,38,38,38],"floor_reached":23,"playtime":1000,"items_purged":[],"score":371,"play_id":"cc4dfda2-5004-4d8f-a73c-6e5494583081","local_time":"20180710201132","is_ascension_mode":true,"campfire_choices":[{"data":"Bash","floor":6,"key":"SMITH"},{"data":"Spot Weakness","floor":8,"key":"SMITH"},{"data":"Offering","floor":11,"key":"SMITH"},{"data":"Shrug It Off","floor":15,"key":"SMITH"}],"neow_cost":"NONE","seed_source_timestamp":909775578121748,"circlet_count":0,"master_deck":["Bash+1","AscendersBane","Flex+1","Cleave","Reckless Charge","Offering+1","Spot Weakness+1","Pummel","Shrug It Off+1","Offering","Body Slam","Cleave","Metallicize","Cleave","Heavy Blade","Feel No Pain","Hemokinesis","Dropkick","True Grit","Armaments"],"relics":["Burning Blood","Happy Flower","Self Forming Clay","Pear","Centennial Puzzle","Pandora\u0027s Box","NlothsMask","Thread and Needle"],"potions_floor_usage":[16,16],"damage_taken":[{"damage":7,"enemies":"Jaw Worm","floor":1,"turns":3},{"damage":7,"enemies":"2 Louse","floor":2,"turns":2},{"damage":7,"enemies":"Small Slimes","floor":4,"turns":3},{"damage":34,"enemies":"Lagavulin","floor":7,"turns":4},{"damage":4,"enemies":"Gremlin Nob","floor":10,"turns":2},{"damage":8,"enemies":"3 Louse","floor":12,"turns":4},{"damage":31,"enemies":"Lagavulin","floor":13,"turns":5},{"damage":11,"enemies":"Lots of Slimes","floor":14,"turns":2},{"damage":15,"enemies":"The Guardian","floor":16,"turns":9},{"damage":8,"enemies":"Spheric Guardian","floor":18,"turns":3},{"damage":77,"enemies":"Gremlin Leader","floor":23,"turns":8}],"seed_played":"-1874628351175938653","potions_obtained":[{"floor":1,"key":"FearPotion"},{"floor":7,"key":"LiquidBronze"},{"floor":14,"key":"Swift Potion"}],"is_trial":false,"path_per_floor":["M","M","?","M","?","R","E","R","T","E","R","M","E","M","R","B",null,"M","?","$","?","$"],"character_chosen":"IRONCLAD","items_purchased":["Thread and Needle","Armaments"],"campfire_rested":0,"item_purchase_floors":[20,20],"current_hp_per_floor":[71,70,70,69,69,69,41,41,41,53,53,51,26,21,21,12,71,69,69,69,69,69,0],"gold":38,"neow_bonus":"THREE_CARDS","is_prod":false,"is_daily":false,"chose_seed":false,"campfire_upgraded":4,"win_rate":0,"timestamp":1531267892,"path_taken":["M","M","?","M","?","R","E","R","T","E","R","M","E","M","R","BOSS","M","?","$","?","?","E"],"build_version":"2018-07-05","purchased_purges":0,"victory":false,"max_hp_per_floor":[80,80,80,80,80,80,80,80,80,90,90,90,90,90,90,90,90,90,90,90,90,90,90],"card_choices":[{"not_picked":["Heavy Blade","Metallicize"],"picked":"Flex","floor":0},{"not_picked":["Uppercut","Pommel Strike"],"picked":"Cleave","floor":1},{"not_picked":["Clash","Bloodletting"],"picked":"Reckless Charge","floor":2},{"not_picked":["Corruption","Rupture"],"picked":"Offering","floor":4},{"not_picked":["Infernal Blade","Cleave"],"picked":"Spot Weakness","floor":7},{"not_picked":["Hemokinesis","Power Through","Rupture"],"picked":"SKIP","floor":10},{"not_picked":["Body Slam","Wild Strike"],"picked":"Pummel","floor":12},{"not_picked":["Havoc","Wild Strike","Cleave"],"picked":"SKIP","floor":13},{"not_picked":["Thunderclap","Anger"],"picked":"Shrug It Off","floor":14},{"not_picked":["Feed","Impervious"],"picked":"Offering","floor":16},{"not_picked":["Twin Strike+1","Iron Wave","True Grit"],"picked":"SKIP","floor":18}],"player_experience":429040,"relics_obtained":[{"floor":7,"key":"Happy Flower"},{"floor":9,"key":"Self Forming Clay"},{"floor":10,"key":"Pear"},{"floor":13,"key":"Centennial Puzzle"}],"event_choices":[{"event_name":"Living Wall","player_choice":"Grow","floor":3,"damage_taken":0},{"event_name":"Liars Game","player_choice":"disagreed","floor":5,"damage_taken":0},{"event_name":"FaceTrader","player_choice":"Trade","floor":19,"damage_taken":0},{"event_name":"Vampires","player_choice":"Ignored","floor":21,"damage_taken":0}],"boss_relics":[{"not_picked":["Velvet Choker","Philosopher\u0027s Stone"],"picked":"Pandora\u0027s Box"}],"items_purged_floors":[],"is_endless":false,"potions_floor_spawned":[1,7,10,12,14],"killed_by":"Gremlin Leader","ascension_level":12}