{"gold_per_floor":[116,128,148,148,159,159,219,219,243,259,259,273,273,290,290,367,367,378,303,303,316,9,41,41,41],"floor_reached":25,"playtime":1733,"items_purged":[],"score":373,"play_id":"efa622da-f941-417e-bdba-ee862758f07f","local_time":"20190212003227","is_ascension_mode":true,"campfire_choices":[{"data":"Riddle With Holes","floor":6,"key":"SMITH"},{"floor":8,"key":"REST"},{"floor":11,"key":"REST"},{"data":"Envenom","floor":13,"key":"SMITH"},{"floor":15,"key":"REST"},{"floor":24,"key":"REST"}],"neow_cost":"NONE","seed_source_timestamp":2093652256517058,"circlet_count":0,"master_deck":["AscendersBane","Neutralize","Infinite Blades","Deflect","Backstab","PiercingWail","Doppelganger","Riddle With Holes+1","Deflect","Flying Knee","All Out Attack","Envenom+1","Catalyst","Dodge and Roll","Dodge and Roll","Backstab","Distraction","Accuracy","Terror","Prepared","After Image","Deflect+1","Decay","Noxious Fumes","Cloak And Dagger"],"relics":["Pandora\u0027s Box","Bag of Marbles","Art of War","HoveringKite","Gremlin Horn","Bottled Lightning"],"potions_floor_usage":[10,16,16,18,23,25],"damage_taken":[{"damage":8,"enemies":"Jaw Worm","floor":1,"turns":2},{"damage":0,"enemies":"Cultist","floor":2,"turns":3},{"damage":0,"enemies":"Small Slimes","floor":3,"turns":2},{"damage":6,"enemies":"2 Fungi Beasts","floor":5,"turns":4},{"damage":29,"enemies":"Lagavulin Event","floor":7,"turns":4},{"damage":0,"enemies":"Red Slaver","floor":10,"turns":1},{"damage":9,"enemies":"Blue Slaver","floor":12,"turns":3},{"damage":10,"enemies":"Lots of Slimes","floor":14,"turns":4},{"damage":1,"enemies":"The Guardian","floor":16,"turns":9},{"damage":32,"enemies":"2 Thieves","floor":18,"turns":5},{"damage":20,"enemies":"Chosen","floor":21,"turns":8},{"damage":7,"enemies":"Gremlin Leader","floor":23,"turns":6},{"damage":26,"enemies":"Book of Stabbing","floor":25,"turns":4}],"seed_played":"-564667708940775951","potions_obtained":[{"floor":1,"key":"LiquidBronze"},{"floor":4,"key":"Fire Potion"},{"floor":14,"key":"Block Potion"},{"floor":16,"key":"Strength Potion"},{"floor":23,"key":"FearPotion"}],"is_trial":false,"path_per_floor":["M","M","M","?","M","R","?","R","T","M","R","M","R","M","R","B",null,"M","?","?","M","$","E","R","E"],"character_chosen":"THE_SILENT","items_purchased":["Gremlin Horn","Block Potion"],"campfire_rested":4,"item_purchase_floors":[22,22],"current_hp_per_floor":[51,51,51,51,45,45,16,35,35,35,54,45,45,35,54,53,63,31,31,31,11,11,4,23,0],"gold":41,"neow_bonus":"BOSS_RELIC","is_prod":false,"is_daily":false,"chose_seed":false,"campfire_upgraded":2,"win_rate":0,"timestamp":1549956747,"path_taken":["M","M","M","?","?","R","?","R","T","M","R","M","R","M","R","BOSS","M","?","?","M","$","E","R","E"],"build_version":"2019-01-23","purchased_purges":0,"victory":false,"max_hp_per_floor":[66,66,66,66,66,66,66,66,66,66,66,66,66,66,66,66,66,66,66,66,66,66,66,66,66],"card_choices":[{"not_picked":["Calculated Gamble","Dagger Spray"],"picked":"Catalyst","floor":1},{"not_picked":["Underhanded Strike","Deadly Poison"],"picked":"Dodge and Roll","floor":2},{"not_picked":["Backstab","Dagger Throw"],"picked":"Dodge and Roll","floor":3},{"not_picked":["Eviscerate","Bane"],"picked":"Backstab","floor":5},{"not_picked":["Deflect","Caltrops"],"picked":"Distraction","floor":7},{"not_picked":["Unload","Backflip"],"picked":"Accuracy","floor":10},{"not_picked":["Poisoned Stab","Crippling Poison"],"picked":"Terror","floor":12},{"not_picked":["All Out Attack","Sucker Punch"],"picked":"Prepared","floor":14},{"not_picked":["Tools of the Trade","Burst"],"picked":"After Image","floor":16},{"not_picked":["Dagger Throw","Terror+1"],"picked":"Deflect+1","floor":18},{"not_picked":["Sucker Punch","Backstab"],"picked":"Noxious Fumes","floor":21},{"not_picked":["Flechettes","Dagger Throw"],"picked":"Cloak And Dagger","floor":23}],"player_experience":1084474,"relics_obtained":[{"floor":7,"key":"Bag of Marbles"},{"floor":9,"key":"Art of War"},{"floor":23,"key":"Bottled Lightning"}],"event_choices":[{"damage_healed":0,"gold_gain":0,"player_choice":"Got Potions","damage_taken":0,"max_hp_gain":0,"max_hp_loss":0,"event_name":"Lab","floor":4,"gold_loss":0},{"damage_healed":0,"gold_gain":0,"player_choice":"Searched \u00271\u0027 times","damage_taken":0,"max_hp_gain":0,"max_hp_loss":0,"event_name":"Dead Adventurer","floor":7,"gold_loss":0},{"cards_removed":["Survivor"],"damage_healed":0,"gold_gain":0,"player_choice":"Gave Gold","damage_taken":0,"max_hp_gain":0,"max_hp_loss":0,"event_name":"Beggar","floor":19,"gold_loss":75},{"damage_healed":0,"gold_gain":0,"player_choice":"Cursed","damage_taken":0,"max_hp_gain":0,"max_hp_loss":0,"event_name":"Wheel of Change","floor":20,"gold_loss":0,"cards_obtained":["Decay"]}],"is_beta":false,"boss_relics":[{"not_picked":["Eternal Feather","Runic Dome"],"picked":"HoveringKite"}],"items_purged_floors":[],"is_endless":false,"potions_floor_spawned":[1,5,14,16,23],"killed_by":"Book of Stabbing","ascension_level":15}