{"gold_per_floor":[114,114,35,35,110,144,144,179,179,193,193,193,252,264,264,340,340,351,369,644,644,644,201,211,243,243,258,258,293,293,293,293,369,369,384,384,384,36,36,65,40,73,73,108,8,8,0,12,12,12,12,12,12,12],"floor_reached":54,"playtime":2174,"items_purged":["Zap","Self Repair+1"],"score":1756,"play_id":"77049573-96c9-48e3-b50b-5b09ea37bf12","local_time":"20190316195838","is_ascension_mode":true,"campfire_choices":[{"data":"Sunder","floor":7,"key":"SMITH"},{"data":"Defragment","floor":15,"key":"SMITH"},{"floor":28,"key":"REST"},{"floor":32,"key":"RECALL"},{"floor":49,"key":"REST"},{"floor":52,"key":"REST"}],"neow_cost":"NONE","seed_source_timestamp":264080880027601,"circlet_count":0,"master_deck":["AscendersBane","Strike_B+1","Strike_B+1","Strike_B+1","Strike_B+1","Defend_B+1","Defend_B+1","Defend_B+1","Defend_B+1","Dualcast+1","Defragment+1","Sunder+1","Cold Snap+1","Coolheaded+1","Defragment+1","Gash+1","Seek+1","Coolheaded+1","Mayhem+1","Sweeping Beam+1","Cold Snap+1","Gash+1","Creative AI+1","Defragment+1","Gash+1","Defragment+1","Hologram+1","Cold Snap","Loop"],"relics":["Cracked Core","NeowsBlessing","Omamori","Boot","Juzu Bracelet","Mercury Hourglass","PreservedInsect","Tiny Chest","Fusion Hammer","Anchor","Orichalcum","Singing Bowl","Pantograph","Cursed Key","DollysMirror","Mark of the Bloom","Blood Vial","DataDisk","Ornamental Fan","Thread and Needle","Red Mask"],"potions_floor_usage":[8,16,16,29,33,35,40,50],"damage_taken":[{"damage":0,"enemies":"Jaw Worm","floor":1,"turns":1},{"damage":0,"enemies":"Lagavulin","floor":6,"turns":1},{"damage":0,"enemies":"3 Sentries","floor":8,"turns":1},{"damage":2,"enemies":"Small Slimes","floor":10,"turns":2},{"damage":9,"enemies":"Lagavulin","floor":13,"turns":5},{"damage":0,"enemies":"Cultist","floor":14,"turns":3},{"damage":10,"enemies":"The Guardian","floor":16,"turns":9},{"damage":2,"enemies":"Chosen","floor":18,"turns":6},{"damage":12,"enemies":"Shell Parasite","floor":19,"turns":7},{"damage":10,"enemies":"Chosen and Byrds","floor":24,"turns":6},{"damage":3,"enemies":"Gremlin Leader","floor":25,"turns":6},{"damage":16,"enemies":"Snake Plant","floor":27,"turns":4},{"damage":8,"enemies":"Slavers","floor":29,"turns":4},{"damage":46,"enemies":"Collector","floor":33,"turns":13},{"damage":20,"enemies":"3 Darklings","floor":35,"turns":7},{"damage":0,"enemies":"Reptomancer","floor":40,"turns":5},{"damage":0,"enemies":"Giant Head","floor":42,"turns":8},{"damage":8,"enemies":"Nemesis","floor":44,"turns":7},{"damage":0,"enemies":"Orb Walker","floor":48,"turns":4},{"damage":0,"enemies":"Time Eater","floor":50,"turns":12},{"damage":48,"enemies":"Shield and Spear","floor":54,"turns":3}],"seed_played":"5432601133369237867","potions_obtained":[{"floor":1,"key":"Explosive Potion"},{"floor":8,"key":"Fire Potion"},{"floor":13,"key":"LiquidBronze"},{"floor":18,"key":"Dexterity Potion"},{"floor":27,"key":"AttackPotion"},{"floor":33,"key":"Fire Potion"},{"floor":35,"key":"Block Potion"},{"floor":37,"key":"FairyPotion"},{"floor":40,"key":"FocusPotion"}],"is_trial":false,"path_per_floor":["M","?","$","?","?","E","R","E","T","M","?","T","E","M","R","B",null,"M","M","?","?","T","$","M","E","T","M","R","E","?","?","R","B",null,"M","?","?","$","?","E","$","E","T","E","$","?","?","M","R","B",null,"R","$","E"],"character_chosen":"DEFECT","items_purchased":["Sunder","Mayhem","Anchor","Defragment","Gash","DollysMirror","Cold Snap"],"campfire_rested":3,"item_purchase_floors":[3,23,23,38,38,38,41],"current_hp_per_floor":[64,64,64,69,58,58,58,58,58,56,56,56,47,47,47,44,68,73,68,68,68,68,68,65,62,62,53,75,74,74,74,74,37,66,55,55,55,55,55,55,55,55,55,47,47,47,47,47,47,47,47,47,47,0],"gold":12,"neow_bonus":"THREE_ENEMY_KILL","is_prod":false,"is_daily":false,"chose_seed":false,"campfire_upgraded":2,"win_rate":0,"timestamp":1552759118,"path_taken":["M","?","$","?","?","E","R","E","T","M","?","?","E","M","R","BOSS","M","M","?","?","?","$","M","E","T","M","R","E","?","?","R","BOSS","M","?","?","$","?","E","$","E","T","E","$","?","?","M","R","BOSS","R","$","E"],"build_version":"2019-01-23","purchased_purges":2,"victory":false,"max_hp_per_floor":[71,71,71,76,76,76,76,76,76,76,76,76,76,76,76,76,76,76,76,76,76,76,76,76,76,76,76,76,76,76,76,76,76,76,78,74,74,74,74,74,74,74,74,76,76,76,76,78,78,78,78,78,78,78],"card_choices":[{"not_picked":["Storm","Redo"],"picked":"Defragment","floor":1},{"not_picked":["Compile Driver","Go for the Eyes"],"picked":"Cold Snap","floor":6},{"not_picked":["Consume","Turbo"],"picked":"Coolheaded","floor":8},{"not_picked":["Machine Learning","Darkness"],"picked":"Defragment","floor":10},{"not_picked":["Ball Lightning","Lockon"],"picked":"Gash","floor":13},{"not_picked":["Skim","Turbo"],"picked":"Self Repair","floor":14},{"not_picked":["Biased Cognition","Thunder Strike"],"picked":"Seek","floor":16},{"not_picked":["Fusion","Leap"],"picked":"Coolheaded","floor":18},{"not_picked":["Hologram","Go for the Eyes","Consume"],"picked":"SKIP","floor":19},{"not_picked":["Hello World","Doom and Gloom"],"picked":"Sweeping Beam","floor":24},{"not_picked":["Melter","Steam+1","Auto Shields"],"picked":"SKIP","floor":25},{"not_picked":["Stack","Rip and Tear"],"picked":"Cold Snap","floor":27},{"not_picked":["Compile Driver","FTL"],"picked":"Reinforced Body","floor":29},{"not_picked":["Core Surge","Biased Cognition"],"picked":"Creative AI","floor":33},{"not_picked":["Leap","Tempest","Steam+1"],"picked":"Singing Bowl","floor":35},{"not_picked":["Reinforced Body+1","Turbo+1"],"picked":"Hologram+1","floor":40},{"not_picked":["Skim","Chill"],"picked":"Loop","floor":42},{"not_picked":["Skim+1","Coolheaded","Stack+1"],"picked":"Singing Bowl","floor":44},{"not_picked":["Steam","Loop","Genetic Algorithm"],"picked":"Singing Bowl","floor":48}],"player_experience":784837,"relics_obtained":[{"floor":6,"key":"Omamori"},{"floor":8,"key":"Boot"},{"floor":9,"key":"Juzu Bracelet"},{"floor":12,"key":"PreservedInsect"},{"floor":13,"key":"Tiny Chest"},{"floor":25,"key":"Orichalcum"},{"floor":26,"key":"Singing Bowl"},{"floor":29,"key":"Pantograph"},{"floor":40,"key":"Blood Vial"},{"floor":42,"key":"DataDisk"},{"floor":43,"key":"Ornamental Fan"},{"floor":44,"key":"Thread and Needle"}],"event_choices":[{"damage_healed":0,"gold_gain":0,"player_choice":"Grow","damage_taken":0,"max_hp_gain":0,"max_hp_loss":0,"event_name":"Living Wall","floor":2,"gold_loss":0,"cards_upgraded":["Defragment"]},{"damage_healed":0,"gold_gain":0,"player_choice":"Donut","damage_taken":0,"max_hp_gain":5,"max_hp_loss":0,"event_name":"Big Fish","floor":4,"gold_loss":0},{"damage_healed":0,"gold_gain":75,"player_choice":"Gather Gold","damage_taken":11,"max_hp_gain":0,"max_hp_loss":0,"event_name":"World of Goop","floor":5,"gold_loss":0},{"damage_healed":0,"gold_gain":0,"player_choice":"Searched \u00271\u0027 times","damage_taken":0,"relics_obtained":["Mercury Hourglass"],"max_hp_gain":0,"max_hp_loss":0,"event_name":"Dead Adventurer","floor":11,"gold_loss":0},{"damage_healed":0,"gold_gain":275,"player_choice":"Desecrate","damage_taken":0,"max_hp_gain":0,"max_hp_loss":0,"event_name":"Golden Shrine","floor":20,"gold_loss":0,"cards_obtained":["Regret"]},{"damage_healed":0,"gold_gain":0,"player_choice":"Simplicity","damage_taken":0,"max_hp_gain":0,"max_hp_loss":0,"event_name":"Back to Basics","floor":21,"gold_loss":0,"cards_upgraded":["Strike_B","Strike_B","Strike_B","Strike_B","Defend_B","Defend_B","Defend_B","Defend_B"]},{"damage_healed":0,"gold_gain":0,"player_choice":"Ignored","damage_taken":0,"max_hp_gain":0,"max_hp_loss":0,"event_name":"Ghosts","floor":30,"gold_loss":0},{"damage_healed":0,"gold_gain":0,"player_choice":"Read","damage_taken":0,"max_hp_gain":0,"max_hp_loss":0,"event_name":"The Library","floor":31,"gold_loss":0,"cards_obtained":["Gash"]},{"damage_healed":0,"gold_gain":0,"player_choice":"Max HP","damage_taken":0,"max_hp_gain":0,"max_hp_loss":4,"event_name":"Winding Halls","floor":36,"gold_loss":0},{"damage_healed":0,"gold_gain":0,"player_choice":"Got Potions","damage_taken":0,"max_hp_gain":0,"max_hp_loss":0,"event_name":"Lab","floor":37,"gold_loss":0},{"damage_healed":0,"gold_gain":0,"player_choice":"Upgrade","damage_taken":0,"relics_obtained":["Mark of the Bloom"],"max_hp_gain":0,"max_hp_loss":0,"event_name":"MindBloom","floor":39,"gold_loss":0,"cards_upgraded":["Dualcast","Cold Snap","Coolheaded","Gash","Self Repair","Seek","Coolheaded","Mayhem","Sweeping Beam","Cold Snap","Reinforced Body","Gash","Creative AI","Defragment","Gash"]},{"cards_removed":["Reinforced Body"],"damage_healed":0,"gold_gain":0,"player_choice":"Removed Skill","damage_taken":0,"max_hp_gain":0,"max_hp_loss":0,"event_name":"Falling","floor":46,"gold_loss":0},{"damage_healed":0,"gold_gain":0,"player_choice":"Paid","damage_taken":0,"relics_obtained":["Red Mask"],"max_hp_gain":0,"max_hp_loss":0,"event_name":"Tomb of Lord Red Mask","floor":47,"gold_loss":8}],"is_beta":false,"boss_relics":[{"not_picked":["Runic Dome","Orrery"],"picked":"Fusion Hammer"},{"not_picked":["Inserter","Philosopher\u0027s Stone"],"picked":"Cursed Key"}],"items_purged_floors":[23,45],"is_endless":false,"potions_floor_spawned":[1,8,13,18,27,33,35,40],"killed_by":"Shield and Spear","ascension_level":18}