{"gold_per_floor":[116,116,116,135,60,60,91,107,185,185,214,226,226,239,239,315,315,330,345,345,345,345,345,362,362],"floor_reached":25,"playtime":1256,"items_purged":["Strike_R"],"score":448,"play_id":"bed0cd3b-d6de-4274-bb17-9f0add1fead6","local_time":"20190220231343","is_ascension_mode":true,"campfire_choices":[{"data":"Searing Blow","floor":6,"key":"SMITH"},{"data":"Searing Blow+1","floor":10,"key":"SMITH"},{"data":"Searing Blow+2","floor":13,"key":"SMITH"},{"data":"Searing Blow+3","floor":15,"key":"SMITH"},{"data":"Searing Blow+4","floor":23,"key":"SMITH"}],"neow_cost":"NONE","seed_source_timestamp":456591463287879,"circlet_count":0,"master_deck":["AscendersBane","Strike_R+1","Strike_R+1","Strike_R+1","Defend_R+1","Defend_R+1","Defend_R+1","Defend_R+1","Bash","Inflame+1","Searing Blow+5","Uppercut","Shrug It Off","Flex","Ghostly Armor","Offering","Barricade","Cleave","Writhe","Pain","Armaments"],"relics":["Black Blood","NeowsBlessing","Oddly Smooth Stone","Bottled Lightning","Ancient Tea Set","Centennial Puzzle","WarpedTongs"],"potions_floor_usage":[8,11,24,25],"damage_taken":[{"damage":0,"enemies":"Cultist","floor":1,"turns":1},{"damage":0,"enemies":"2 Louse","floor":4,"turns":1},{"damage":0,"enemies":"Lagavulin","floor":7,"turns":1},{"damage":12,"enemies":"Small Slimes","floor":8,"turns":6},{"damage":16,"enemies":"3 Sentries","floor":11,"turns":8},{"damage":7,"enemies":"Looter","floor":12,"turns":3},{"damage":10,"enemies":"2 Fungi Beasts","floor":14,"turns":4},{"damage":26,"enemies":"The Guardian","floor":16,"turns":10},{"damage":28,"enemies":"Shell Parasite","floor":18,"turns":7},{"damage":20,"enemies":"2 Thieves","floor":19,"turns":4},{"damage":32,"enemies":"Cultist and Chosen","floor":24,"turns":5},{"damage":17,"enemies":"Slavers","floor":25,"turns":3}],"seed_played":"6512061710141696510","potions_obtained":[{"floor":1,"key":"Regen Potion"},{"floor":7,"key":"BloodPotion"},{"floor":12,"key":"SpeedPotion"},{"floor":19,"key":"SkillPotion"}],"is_trial":false,"path_per_floor":["M","?","?","M","$","R","E","M","T","R","E","M","R","M","R","B",null,"M","M","?","?","?","R","M","E"],"character_chosen":"IRONCLAD","items_purchased":[],"campfire_rested":0,"item_purchase_floors":[],"current_hp_per_floor":[74,74,51,57,57,57,63,72,72,72,69,68,68,64,64,44,67,49,39,39,39,39,39,17,0],"gold":362,"neow_bonus":"THREE_ENEMY_KILL","is_prod":false,"is_daily":false,"chose_seed":false,"campfire_upgraded":5,"win_rate":0,"timestamp":1550729623,"path_taken":["M","?","?","M","$","R","E","M","T","R","E","M","R","M","R","BOSS","M","M","?","?","?","R","M","E"],"build_version":"2019-01-23","purchased_purges":1,"victory":false,"max_hp_per_floor":[75,75,75,75,75,75,75,75,75,75,75,75,75,75,75,75,75,75,75,75,75,75,75,75,75],"card_choices":[{"not_picked":["Dropkick","True Grit"],"picked":"Inflame","floor":1},{"not_picked":["Cleave","Disarm"],"picked":"Searing Blow","floor":4},{"not_picked":["Disarm","Havoc"],"picked":"Uppercut","floor":7},{"not_picked":["Rage","Sever Soul"],"picked":"Shrug It Off","floor":8},{"not_picked":["Fire Breathing","Infernal Blade"],"picked":"Flex","floor":11},{"not_picked":["Anger","Headbutt"],"picked":"Ghostly Armor","floor":12},{"not_picked":["Reckless Charge","Pommel Strike"],"picked":"Offering","floor":14},{"not_picked":["Offering","Immolate"],"picked":"Barricade","floor":16},{"not_picked":["Perfected Strike","Sword Boomerang"],"picked":"Cleave","floor":18},{"not_picked":["Flex","Pommel Strike","Clothesline"],"picked":"SKIP","floor":19},{"not_picked":["Searing Blow","Inflame"],"picked":"Armaments","floor":24}],"player_experience":1187910,"relics_obtained":[{"floor":7,"key":"Oddly Smooth Stone"},{"floor":9,"key":"Bottled Lightning"},{"floor":11,"key":"Ancient Tea Set"}],"event_choices":[{"cards_removed":["Strike_R"],"damage_healed":0,"gold_gain":0,"player_choice":"Forget","damage_taken":0,"max_hp_gain":0,"max_hp_loss":0,"event_name":"Living Wall","floor":2,"gold_loss":0},{"damage_healed":0,"gold_gain":0,"player_choice":"Entered Light","damage_taken":23,"max_hp_gain":0,"max_hp_loss":0,"event_name":"Shining Light","floor":3,"gold_loss":0,"cards_upgraded":["Defend_R","Inflame"]},{"damage_healed":0,"gold_gain":0,"player_choice":"Simplicity","damage_taken":0,"max_hp_gain":0,"max_hp_loss":0,"event_name":"Back to Basics","floor":20,"gold_loss":0,"cards_upgraded":["Strike_R","Strike_R","Strike_R","Defend_R","Defend_R","Defend_R"]},{"damage_healed":0,"gold_gain":0,"player_choice":"Opened","damage_taken":0,"relics_obtained":["Centennial Puzzle"],"max_hp_gain":0,"max_hp_loss":0,"event_name":"The Mausoleum","floor":21,"gold_loss":0,"cards_obtained":["Writhe"]},{"damage_healed":0,"gold_gain":0,"player_choice":"Rummage","damage_taken":0,"relics_obtained":["WarpedTongs"],"max_hp_gain":0,"max_hp_loss":0,"event_name":"Accursed Blacksmith","floor":22,"gold_loss":0,"cards_obtained":["Pain"]}],"is_beta":false,"boss_relics":[{"not_picked":["Eternal Feather","Snecko Eye"],"picked":"Black Blood"}],"items_purged_floors":[5],"is_endless":false,"potions_floor_spawned":[1,7,12,19],"killed_by":"Slavers","ascension_level":18}