{"gold_per_floor":[109,109,127,144,1,1,32,32,58,70,121,156,168,201,213,323,335,372,483,495,30,49,49,49,93,93,128,128,144,144,168,168,262,262,276,276,31,50,73,73],"floor_reached":40,"playtime":2657,"items_purged":["Strike_B"],"score":683,"play_id":"d808e944-27d8-4d08-a2ab-694d7c20d9bc","local_time":"20190203221942","is_ascension_mode":true,"campfire_choices":[{"data":"Zap","floor":6,"key":"SMITH"},{"data":"Creative AI","floor":8,"key":"SMITH"},{"floor":15,"key":"REST"},{"data":"Fission","floor":23,"key":"SMITH"},{"floor":28,"key":"REST"},{"data":"Tempest","floor":30,"key":"SMITH"},{"data":"Go for the Eyes","floor":32,"key":"SMITH"}],"neow_cost":"NONE","seed_source_timestamp":1393537895259187,"circlet_count":0,"master_deck":["AscendersBane","Strike_B","Strike_B","Defend_B","Defend_B","Defend_B","Defend_B","Zap+1","Dualcast","Tempest+1","Conserve Battery","Glacier","Creative AI+1","Streamline","Go for the Eyes+1","White Noise","Fission+1","Sweeping Beam+1","Doom and Gloom+1","Sunder+1","Skim"],"relics":["Cracked Core","NeowsBlessing","DataDisk","Pen Nib","MawBank","Golden Idol","Bag of Marbles","Art of War","Busted Crown","Blood Vial","Molten Egg 2","Regal Pillow","Centennial Puzzle","Symbiotic Virus","Red Mask","Fusion Hammer","Bottled Lightning"],"potions_floor_usage":[7,16,29,33,40],"damage_taken":[{"damage":0,"enemies":"2 Louse","floor":1,"turns":1},{"damage":0,"enemies":"Cultist","floor":3,"turns":1},{"damage":0,"enemies":"Jaw Worm","floor":4,"turns":1},{"damage":13,"enemies":"Lagavulin","floor":7,"turns":5},{"damage":16,"enemies":"Gremlin Nob","floor":11,"turns":4},{"damage":10,"enemies":"Exordium Wildlife","floor":12,"turns":4},{"damage":0,"enemies":"Blue Slaver","floor":14,"turns":4},{"damage":29,"enemies":"Hexaghost","floor":16,"turns":10},{"damage":6,"enemies":"Spheric Guardian","floor":18,"turns":4},{"damage":9,"enemies":"Shell Parasite","floor":22,"turns":5},{"damage":21,"enemies":"Gremlin Leader","floor":25,"turns":8},{"damage":1,"enemies":"Masked Bandits","floor":27,"turns":3},{"damage":0,"enemies":"Snecko","floor":29,"turns":4},{"damage":0,"enemies":"Cultist and Chosen","floor":31,"turns":4},{"damage":31,"enemies":"Collector","floor":33,"turns":10},{"damage":3,"enemies":"3 Darklings","floor":35,"turns":4},{"damage":8,"enemies":"3 Shapes","floor":38,"turns":2},{"damage":24,"enemies":"Maw","floor":39,"turns":7},{"damage":35,"enemies":"Reptomancer","floor":40,"turns":5}],"seed_played":"4395976842480838331","potions_obtained":[{"floor":1,"key":"Fire Potion"},{"floor":12,"key":"SneckoOil"},{"floor":25,"key":"Swift Potion"},{"floor":27,"key":"Ancient Potion"},{"floor":29,"key":"FearPotion"},{"floor":38,"key":"SpeedPotion"}],"is_trial":false,"path_per_floor":["M","?","M","M","$","R","E","R","T","?","E","M","T","M","R","B",null,"M","?","?","$","M","R","$","E","T","?","R","M","R","M","R","B",null,"M","?","$","M","M","E"],"character_chosen":"DEFECT","items_purchased":["DataDisk","Molten Egg 2","Regal Pillow","Bottled Lightning"],"campfire_rested":2,"item_purchase_floors":[5,21,21,37],"current_hp_per_floor":[68,68,68,68,68,68,55,55,55,55,39,29,29,29,49,20,57,51,51,51,51,44,44,44,25,25,26,61,63,63,65,65,36,61,60,60,60,54,32,0],"gold":73,"neow_bonus":"THREE_ENEMY_KILL","is_prod":false,"is_daily":false,"chose_seed":false,"campfire_upgraded":5,"win_rate":0,"timestamp":1549257582,"path_taken":["M","?","M","?","$","R","E","R","T","?","E","M","?","M","R","BOSS","M","?","?","$","M","R","$","E","T","?","R","M","R","M","R","BOSS","M","?","$","M","?","E"],"build_version":"2019-01-23","purchased_purges":1,"victory":false,"max_hp_per_floor":[75,75,75,75,75,75,75,75,75,69,69,69,69,69,69,69,69,69,69,69,69,69,69,69,69,69,69,69,69,69,69,69,69,69,69,69,69,69,69,69],"card_choices":[{"not_picked":["Hologram","Streamline"],"picked":"Tempest","floor":1},{"not_picked":["Coolheaded","Gash"],"picked":"Conserve Battery","floor":3},{"not_picked":["Redo","Turbo"],"picked":"Glacier","floor":4},{"not_picked":["Double Energy","Turbo"],"picked":"Creative AI","floor":7},{"not_picked":["Gash","Hello World"],"picked":"Streamline","floor":11},{"not_picked":["Streamline","Sweeping Beam"],"picked":"Go for the Eyes","floor":12},{"not_picked":["Ball Lightning","Coolheaded"],"picked":"White Noise","floor":14},{"not_picked":["Seek","Electrodynamics"],"picked":"Fission","floor":16},{"not_picked":["Tempest"],"picked":"SKIP","floor":18},{"not_picked":[],"picked":"Sweeping Beam+1","floor":22},{"not_picked":[],"picked":"Doom and Gloom+1","floor":25},{"not_picked":["Fusion"],"picked":"SKIP","floor":29},{"not_picked":["Auto Shields+1"],"picked":"SKIP","floor":31},{"not_picked":[],"picked":"Sunder+1","floor":35},{"not_picked":[],"picked":"Skim","floor":38},{"not_picked":["Turbo"],"picked":"SKIP","floor":39}],"player_experience":954742,"relics_obtained":[{"floor":7,"key":"Pen Nib"},{"floor":9,"key":"MawBank"},{"floor":11,"key":"Bag of Marbles"},{"floor":13,"key":"Art of War"},{"floor":25,"key":"Centennial Puzzle"},{"floor":26,"key":"Symbiotic Virus"},{"floor":27,"key":"Red Mask"}],"event_choices":[{"cards_removed":["Strike_B"],"damage_healed":0,"gold_gain":0,"player_choice":"Purged","damage_taken":0,"max_hp_gain":0,"max_hp_loss":0,"event_name":"Purifier","floor":2,"gold_loss":0},{"damage_healed":0,"gold_gain":0,"player_choice":"Lose Max HP","damage_taken":0,"relics_obtained":["Golden Idol"],"max_hp_gain":0,"max_hp_loss":6,"event_name":"Golden Idol","floor":10,"gold_loss":0},{"damage_healed":0,"gold_gain":99,"player_choice":"Stole From Cult","damage_taken":0,"max_hp_gain":0,"max_hp_loss":0,"event_name":"Nest","floor":19,"gold_loss":0},{"damage_healed":0,"gold_gain":0,"player_choice":"Opened","damage_taken":0,"relics_obtained":["Blood Vial"],"max_hp_gain":0,"max_hp_loss":0,"event_name":"The Mausoleum","floor":20,"gold_loss":0},{"damage_healed":0,"gold_gain":0,"player_choice":"Fought Bandits","damage_taken":0,"max_hp_gain":0,"max_hp_loss":0,"event_name":"Masked Bandits","floor":27,"gold_loss":0},{"damage_healed":0,"gold_gain":0,"player_choice":"0 cards matched","damage_taken":0,"max_hp_gain":0,"max_hp_loss":0,"event_name":"Match and Keep!","floor":36,"gold_loss":0,"cards_obtained":[]}],"is_beta":false,"boss_relics":[{"not_picked":["Snecko Eye","Nuclear Battery"],"picked":"Busted Crown"},{"not_picked":["Velvet Choker","Runic Dome"],"picked":"Fusion Hammer"}],"items_purged_floors":[21],"is_endless":false,"potions_floor_spawned":[1,12,14,25,27,29,31,38],"killed_by":"Reptomancer","ascension_level":13}