{"gold_per_floor":[145,155,155,169,3,3,19,53,99,99,99,109,109,126,126,199,199,210,210,43,63,63],"floor_reached":22,"playtime":1334,"items_purged":[],"score":332,"play_id":"c42b324e-df76-4968-9ef0-dde5fce5cd7d","local_time":"20190204005530","is_ascension_mode":true,"campfire_choices":[{"data":"Apotheosis","floor":6,"key":"SMITH"},{"data":"Aggregate","floor":10,"key":"SMITH"},{"floor":13,"key":"REST"},{"floor":15,"key":"REST"}],"neow_cost":"NONE","seed_source_timestamp":1404209408063561,"circlet_count":0,"master_deck":["AscendersBane","Defend_B+1","Defend_B+1","Defend_B","Defend_B","Zap+1","Dualcast","Beam Cell","Cold Snap","Chill","Apotheosis+1","Aggregate+1","Hologram+1","Redo+1","Defragment","Echo Form","Sweeping Beam","Bite","Bite","Bite","Bite","Bite","Magnetism","Glacier+1"],"relics":["Cracked Core","Tiny Chest","Toxic Egg 2","Orichalcum","War Paint","Cursed Key"],"potions_floor_usage":[8,16],"damage_taken":[{"damage":0,"enemies":"2 Louse","floor":1,"turns":3},{"damage":1,"enemies":"Cultist","floor":2,"turns":3},{"damage":3,"enemies":"Small Slimes","floor":4,"turns":2},{"damage":8,"enemies":"Exordium Wildlife","floor":7,"turns":4},{"damage":16,"enemies":"Lagavulin","floor":8,"turns":4},{"damage":0,"enemies":"2 Fungi Beasts","floor":12,"turns":4},{"damage":7,"enemies":"Lots of Slimes","floor":14,"turns":4},{"damage":19,"enemies":"The Guardian","floor":16,"turns":11},{"damage":1,"enemies":"Spheric Guardian","floor":18,"turns":4},{"damage":36,"enemies":"2 Thieves","floor":21,"turns":4},{"damage":39,"enemies":"Shelled Parasite and Fungi","floor":22,"turns":3}],"seed_played":"2975683397009799267","potions_obtained":[{"floor":7,"key":"SkillPotion"},{"floor":12,"key":"FocusPotion"},{"floor":16,"key":"SteroidPotion"},{"floor":18,"key":"Ancient Potion"},{"floor":21,"key":"Fire Potion"}],"is_trial":false,"path_per_floor":["M","M","?","M","$","R","M","E","T","R","?","M","R","M","R","B",null,"M","?","$","M","M"],"character_chosen":"DEFECT","items_purchased":["Apotheosis","Magnetism"],"campfire_rested":2,"item_purchase_floors":[5,20],"current_hp_per_floor":[68,67,67,64,64,64,56,40,40,40,37,37,59,52,74,55,70,69,52,52,23,0],"gold":63,"neow_bonus":"RANDOM_COMMON_RELIC","is_prod":false,"is_daily":false,"chose_seed":false,"campfire_upgraded":2,"win_rate":0,"timestamp":1549266930,"path_taken":["M","M","?","?","$","R","M","E","T","R","?","M","R","M","R","BOSS","M","?","$","M","M"],"build_version":"2019-01-23","purchased_purges":0,"victory":false,"max_hp_per_floor":[75,75,75,75,75,75,75,75,75,75,75,75,75,75,75,75,75,75,52,52,52,52],"card_choices":[{"not_picked":["Gash","Barrage"],"picked":"Beam Cell","floor":1},{"not_picked":["Stack","Fusion"],"picked":"Cold Snap","floor":2},{"not_picked":["Steam","Compile Driver"],"picked":"Chill","floor":4},{"not_picked":["Double Energy","Storm"],"picked":"Aggregate","floor":7},{"not_picked":["Steam Power","Reprogram"],"picked":"Hologram","floor":8},{"not_picked":["Stack+1","Ball Lightning"],"picked":"Redo+1","floor":12},{"not_picked":["Thunder Strike","Cold Snap"],"picked":"Defragment","floor":14},{"not_picked":["Rainbow+1","Electrodynamics"],"picked":"Echo Form","floor":16},{"not_picked":["Barrage","Auto Shields+1"],"picked":"Sweeping Beam","floor":18},{"not_picked":["Rebound","Sweeping Beam"],"picked":"Glacier+1","floor":21}],"player_experience":961187,"relics_obtained":[{"floor":8,"key":"Toxic Egg 2"},{"floor":9,"key":"Orichalcum"}],"event_choices":[{"damage_healed":0,"gold_gain":0,"player_choice":"Upgraded","damage_taken":0,"max_hp_gain":0,"max_hp_loss":0,"event_name":"Upgrade Shrine","floor":3,"gold_loss":0,"cards_upgraded":["Zap"]},{"damage_healed":0,"gold_gain":0,"player_choice":"Success","damage_taken":3,"relics_obtained":["War Paint"],"max_hp_gain":0,"max_hp_loss":0,"event_name":"Scrap Ooze","floor":11,"gold_loss":0},{"damage_healed":0,"gold_gain":0,"player_choice":"Became a vampire","damage_taken":0,"max_hp_gain":0,"max_hp_loss":23,"event_name":"Vampires","floor":19,"gold_loss":0,"cards_obtained":["Bite","Bite","Bite","Bite","Bite"]}],"is_beta":false,"boss_relics":[{"not_picked":["Black Star","Astrolabe"],"picked":"Cursed Key"}],"items_purged_floors":[],"is_endless":false,"potions_floor_spawned":[7,12,16,18,21],"killed_by":"Shelled Parasite and Fungi","ascension_level":13}