{"gold_per_floor":[118,137,149,167,180,180,200,200,200,225,239,270,270,289,289,388,388,408,423,441,441,366,393,393,419,465,465,465,465,476,510,510,611,611,622,456,476,190,205,205,221,221,244,244,244,274,129,147,147,147,147,147,73,105,105],"floor_reached":55,"playtime":3628,"items_purged":["Strike_R"],"score":924,"play_id":"23651d74-45e8-444b-a7b3-6a32e4a769ba","local_time":"20190307235233","is_ascension_mode":true,"campfire_choices":[{"data":"Immolate","floor":6,"key":"SMITH"},{"data":"Demon Form","floor":8,"key":"SMITH"},{"data":"Clothesline","floor":13,"key":"SMITH"},{"floor":15,"key":"RECALL"},{"floor":24,"key":"REST"},{"data":"Entrench","floor":27,"key":"SMITH"},{"floor":32,"key":"REST"},{"floor":40,"key":"REST"},{"floor":42,"key":"REST"},{"floor":49,"key":"REST"},{"floor":52,"key":"REST"}],"neow_cost":"PERCENT_DAMAGE","seed_source_timestamp":278153298345828,"circlet_count":0,"master_deck":["Defend_R+1","Defend_R","Defend_R","Defend_R","Bash","Immolate+1","Shrug It Off","Metallicize","Demon Form+1","Twin Strike","Clothesline+1","Headbutt","Feed","Offering+1","Entrench+1","Bite","Bite","Bite","Bite","Bite","Shrug It Off","Apotheosis","Pommel Strike+1","Twin Strike"],"relics":["Burning Blood","Strawberry","Juzu Bracelet","Busted Crown","Nloth\u0027s Gift","Matryoshka","Dodecahedron","Bronze Scales","Enchiridion","Bottled Tornado","Fusion Hammer","Meat on the Bone","Oddly Smooth Stone","War Paint","Mummified Hand","Anchor"],"potions_floor_usage":[10,20,23,25,25,31,33,48,55,55,55],"damage_taken":[{"damage":6,"enemies":"2 Louse","floor":1,"turns":2},{"damage":0,"enemies":"Cultist","floor":2,"turns":2},{"damage":3,"enemies":"Jaw Worm","floor":3,"turns":4},{"damage":6,"enemies":"Looter","floor":4,"turns":4},{"damage":2,"enemies":"Large Slime","floor":5,"turns":4},{"damage":0,"enemies":"Exordium Wildlife","floor":7,"turns":2},{"damage":2,"enemies":"3 Sentries","floor":10,"turns":4},{"damage":9,"enemies":"Red Slaver","floor":11,"turns":3},{"damage":6,"enemies":"Gremlin Nob","floor":12,"turns":3},{"damage":0,"enemies":"2 Fungi Beasts","floor":14,"turns":1},{"damage":30,"enemies":"The Guardian","floor":16,"turns":9},{"damage":7,"enemies":"Chosen","floor":18,"turns":4},{"damage":13,"enemies":"Shell Parasite","floor":19,"turns":5},{"damage":24,"enemies":"Shelled Parasite and Fungi","floor":20,"turns":7},{"damage":34,"enemies":"Slavers","floor":23,"turns":3},{"damage":40,"enemies":"Book of Stabbing","floor":25,"turns":5},{"damage":6,"enemies":"Chosen and Byrds","floor":30,"turns":6},{"damage":47,"enemies":"Slavers","floor":31,"turns":5},{"damage":53,"enemies":"Collector","floor":33,"turns":7},{"damage":7,"enemies":"3 Shapes","floor":35,"turns":2},{"damage":16,"enemies":"Orb Walker","floor":37,"turns":3},{"damage":11,"enemies":"Writhing Mass","floor":39,"turns":7},{"damage":28,"enemies":"Transient","floor":41,"turns":5},{"damage":51,"enemies":"Nemesis","floor":46,"turns":7},{"damage":0,"enemies":"3 Darklings","floor":48,"turns":2},{"damage":39,"enemies":"Time Eater","floor":50,"turns":8},{"damage":87,"enemies":"Shield and Spear","floor":54,"turns":5},{"damage":77,"enemies":"The Heart","floor":55,"turns":3}],"seed_played":"8717345422794405367","potions_obtained":[{"floor":1,"key":"Dexterity Potion"},{"floor":5,"key":"Fire Potion"},{"floor":7,"key":"Block Potion"},{"floor":16,"key":"Regen Potion"},{"floor":20,"key":"Energy Potion"},{"floor":30,"key":"SteroidPotion"},{"floor":31,"key":"BloodPotion"},{"floor":35,"key":"EssenceOfSteel"},{"floor":37,"key":"Energy Potion"},{"floor":46,"key":"Block Potion"}],"is_trial":false,"path_per_floor":["M","M","M","M","M","R","M","R","T","E","M","E","R","M","R","B",null,"M","M","M","?","$","E","R","E","T","R","?","?","M","E","R","B",null,"M","$","M","$","M","R","M","R","T","?","?","E","$","M","R","B",null,"R","$","E","B"],"character_chosen":"IRONCLAD","items_purchased":["Apotheosis","Meat on the Bone","Twin Strike","LiquidBronze","GamblersBrew","Regen Potion"],"campfire_rested":6,"item_purchase_floors":[36,38,38,47,47,53],"current_hp_per_floor":[56,62,65,65,69,69,75,75,82,86,83,83,83,87,87,63,81,80,76,61,61,61,36,64,44,44,44,44,28,46,15,35,15,56,61,61,67,67,74,74,65,74,74,74,64,47,47,60,81,76,83,85,85,26,0],"gold":105,"neow_bonus":"THREE_RARE_CARDS","is_prod":false,"is_daily":false,"chose_seed":false,"campfire_upgraded":4,"win_rate":0,"timestamp":1552024353,"path_taken":["M","M","M","M","M","R","M","R","T","E","M","E","R","M","R","BOSS","M","M","M","?","$","E","R","E","T","R","?","?","M","E","R","BOSS","M","$","M","$","M","R","M","R","T","?","?","E","$","M","R","BOSS","R","$","E","BOSS"],"build_version":"2019-01-23","purchased_purges":1,"victory":false,"max_hp_per_floor":[80,80,80,80,80,80,80,80,87,87,87,87,87,87,87,87,87,87,90,93,93,93,96,96,96,96,96,67,67,67,67,67,70,70,70,70,74,74,74,74,74,74,74,74,74,78,78,81,81,85,85,85,85,89,89],"card_choices":[{"not_picked":["Impervious","Offering"],"picked":"Immolate","floor":0},{"not_picked":["Hemokinesis","Pommel Strike"],"picked":"Shrug It Off","floor":1},{"not_picked":["Corruption","Hemokinesis","Carnage"],"picked":"SKIP","floor":2},{"not_picked":["Havoc","Clash"],"picked":"Metallicize","floor":3},{"not_picked":["Whirlwind","Power Through"],"picked":"Demon Form","floor":4},{"not_picked":["Body Slam","Iron Wave","Searing Blow"],"picked":"SKIP","floor":5},{"not_picked":["Havoc","Clash"],"picked":"Twin Strike","floor":7},{"not_picked":["Blood for Blood","Flex"],"picked":"Clothesline","floor":10},{"not_picked":["Iron Wave","Havoc"],"picked":"Headbutt","floor":11},{"not_picked":["Combust","Blood for Blood","Wild Strike"],"picked":"SKIP","floor":11},{"not_picked":["Headbutt","Sentinel"],"picked":"Feed","floor":12},{"not_picked":["Clothesline","Perfected Strike","Intimidate"],"picked":"SKIP","floor":14},{"not_picked":["Headbutt","Anger","Hemokinesis"],"picked":"SKIP","floor":14},{"not_picked":["Juggernaut","Limit Break"],"picked":"Offering","floor":16},{"not_picked":[],"picked":"Entrench","floor":18},{"not_picked":["Heavy Blade"],"picked":"SKIP","floor":18},{"not_picked":["Anger"],"picked":"SKIP","floor":19},{"not_picked":["Dropkick+1"],"picked":"SKIP","floor":19},{"not_picked":["Flex"],"picked":"SKIP","floor":20},{"not_picked":["Headbutt"],"picked":"SKIP","floor":20},{"not_picked":["Wild Strike"],"picked":"SKIP","floor":23},{"not_picked":["Headbutt+1"],"picked":"SKIP","floor":25},{"not_picked":[],"picked":"Shrug It Off","floor":30},{"not_picked":["Burning Pact"],"picked":"SKIP","floor":31},{"not_picked":["Pommel Strike"],"picked":"SKIP","floor":35},{"not_picked":[],"picked":"Pommel Strike+1","floor":37},{"not_picked":["Armaments+1"],"picked":"SKIP","floor":39},{"not_picked":["Wild Strike+1"],"picked":"SKIP","floor":41},{"not_picked":["Juggernaut"],"picked":"SKIP","floor":46},{"not_picked":["Pommel Strike+1"],"picked":"SKIP","floor":48},{"not_picked":["Immolate"],"picked":"SKIP","floor":54}],"player_experience":550693,"relics_obtained":[{"floor":9,"key":"Strawberry"},{"floor":10,"key":"Prayer Wheel"},{"floor":12,"key":"Juzu Bracelet"},{"floor":23,"key":"Matryoshka"},{"floor":25,"key":"Dodecahedron"},{"floor":26,"key":"Bronze Scales"},{"floor":29,"key":"Enchiridion"},{"floor":31,"key":"Bottled Tornado"},{"floor":43,"key":"Oddly Smooth Stone"},{"floor":43,"key":"War Paint"},{"floor":46,"key":"Mummified Hand"},{"floor":54,"key":"Anchor"}],"event_choices":[{"damage_healed":0,"gold_gain":0,"player_choice":"Traded Relic","damage_taken":0,"relics_obtained":["Nloth\u0027s Gift"],"max_hp_gain":0,"max_hp_loss":0,"event_name":"N\u0027loth","floor":21,"relics_lost":["Prayer Wheel"],"gold_loss":0},{"damage_healed":0,"gold_gain":0,"player_choice":"Became a vampire","damage_taken":0,"max_hp_gain":0,"max_hp_loss":29,"event_name":"Vampires","floor":28,"gold_loss":0,"cards_obtained":["Bite","Bite","Bite","Bite","Bite"]},{"damage_healed":0,"gold_gain":0,"player_choice":"Obtained Book","damage_taken":16,"max_hp_gain":0,"max_hp_loss":0,"event_name":"Cursed Tome","floor":29,"gold_loss":0},{"damage_healed":0,"gold_gain":0,"player_choice":"Ignored","damage_taken":0,"max_hp_gain":0,"max_hp_loss":0,"event_name":"Tomb of Lord Red Mask","floor":44,"gold_loss":0},{"damage_healed":0,"gold_gain":0,"player_choice":"Memory 3","damage_taken":10,"max_hp_gain":0,"max_hp_loss":0,"event_name":"SensoryStone","floor":45,"gold_loss":0}],"is_beta":false,"boss_relics":[{"not_picked":["Runic Pyramid","White Beast Statue"],"picked":"Busted Crown"},{"not_picked":["Coffee Dripper","Runic Dome"],"picked":"Fusion Hammer"}],"items_purged_floors":[22],"is_endless":false,"potions_floor_spawned":[1,5,7,16,20,30,31,35,37,46],"killed_by":"The Heart","ascension_level":5}