{"gold_per_floor":[113,132,132,149,168,168,185,198,198,198,198],"floor_reached":11,"playtime":618,"items_purged":[],"score":134,"play_id":"7b9a1a20-d193-43dd-a001-08553a0763e6","local_time":"20190312194834","is_ascension_mode":true,"campfire_choices":[{"data":"Armaments","floor":6,"key":"SMITH"},{"floor":10,"key":"REST"}],"neow_cost":"NONE","seed_source_timestamp":501830850069214,"circlet_count":0,"master_deck":["AscendersBane","Strike_R","Strike_R","Strike_R","Strike_R","Strike_R","Defend_R","Defend_R","Defend_R","Defend_R","Bash","Cleave+1","Heavy Blade","Body Slam","Armaments+1","Cleave","Flex"],"relics":["Burning Blood","Omamori","Dead Branch"],"potions_floor_usage":[11],"damage_taken":[{"damage":12,"enemies":"Cultist","floor":1,"turns":4},{"damage":12,"enemies":"Jaw Worm","floor":2,"turns":2},{"damage":0,"enemies":"2 Louse","floor":4,"turns":2},{"damage":25,"enemies":"Large Slime","floor":5,"turns":8},{"damage":13,"enemies":"Red Slaver","floor":7,"turns":4},{"damage":8,"enemies":"3 Louse","floor":8,"turns":4},{"damage":86,"enemies":"Gremlin Nob","floor":11,"turns":4}],"seed_played":"-6695182458919649722","potions_obtained":[{"floor":5,"key":"SkillPotion"},{"floor":8,"key":"LiquidBronze"}],"is_trial":false,"path_per_floor":["M","M","?","M","M","R","M","M","T","R","E"],"character_chosen":"IRONCLAD","items_purchased":[],"campfire_rested":1,"item_purchase_floors":[],"current_hp_per_floor":[62,56,56,62,43,43,36,34,34,56,0],"gold":198,"neow_bonus":"RANDOM_COMMON_RELIC","is_prod":false,"is_daily":false,"chose_seed":false,"campfire_upgraded":1,"win_rate":0,"timestamp":1552441714,"path_taken":["M","M","?","M","M","R","M","?","T","R","E"],"build_version":"2019-01-23","purchased_purges":0,"victory":false,"max_hp_per_floor":[75,75,75,75,75,75,75,75,75,75,75],"card_choices":[{"not_picked":["Clash","Body Slam"],"picked":"Cleave","floor":1},{"not_picked":["Anger","Hemokinesis"],"picked":"Heavy Blade","floor":2},{"not_picked":["Iron Wave","Perfected Strike"],"picked":"Body Slam","floor":4},{"not_picked":["Clothesline","Twin Strike"],"picked":"Armaments","floor":5},{"not_picked":["Infernal Blade","Armaments"],"picked":"Cleave","floor":7},{"not_picked":["Body Slam","Anger"],"picked":"Flex","floor":8}],"player_experience":1403746,"relics_obtained":[{"floor":9,"key":"Dead Branch"}],"event_choices":[{"damage_healed":0,"gold_gain":0,"player_choice":"Upgraded","damage_taken":0,"max_hp_gain":0,"max_hp_loss":0,"event_name":"Upgrade Shrine","floor":3,"gold_loss":0,"cards_upgraded":["Cleave"]}],"is_beta":false,"boss_relics":[],"items_purged_floors":[],"is_endless":false,"potions_floor_spawned":[5,8],"killed_by":"Gremlin Nob","ascension_level":20}