{"gold_per_floor":[114,114,124,134,35,35,63,63,108,108,122,142,157,172,172,250,250,269,284,294,314,314,314,34,34,34,47,67,67,67,93,93,167,167,211,222,5,17,17,17,36,36,60,71,71,71,91,102,102,102],"floor_reached":51,"playtime":4310,"items_purged":["Strike_B","Strike_B"],"score":1148,"play_id":"4ea043ea-b4cc-4256-a5a3-6fa59934d6fc","local_time":"20190206212255","is_ascension_mode":true,"campfire_choices":[{"floor":6,"key":"REST"},{"floor":8,"key":"REST"},{"data":"Defragment","floor":10,"key":"SMITH"},{"floor":15,"key":"REST"},{"data":"Zap","floor":23,"key":"SMITH"},{"data":"Transmutation","floor":25,"key":"SMITH"},{"floor":32,"key":"REST"},{"data":"Buffer","floor":40,"key":"SMITH"},{"data":"Tempest","floor":45,"key":"SMITH"},{"floor":49,"key":"REST"}],"neow_cost":"NONE","seed_source_timestamp":1647672431248696,"circlet_count":0,"master_deck":["AscendersBane","Strike_B","Defend_B","Defend_B","Defend_B","Defend_B","Zap+1","Dualcast","Cold Snap","Self Repair","Beam Cell","Go for the Eyes","Defragment+1","Cold Snap","Doom and Gloom","Reboot","Seek","Compile Driver","Genetic Algorithm","Cold Snap","Tempest+1","J.A.X.","Transmutation+1","Redo","Conserve Battery+1","Buffer+1","Sunder+1","Stack","Reinforced Body","Stack+1","Melter","Reinforced Body"],"relics":["FrozenCore","Happy Flower","Oddly Smooth Stone","DataDisk","Philosopher\u0027s Stone","Mercury Hourglass","Nilry\u0027s Codex","Shuriken","Bronze Scales","Blood Vial"],"potions_floor_usage":[3,19,20,28,33,35,47,48,50],"damage_taken":[{"damage":5,"enemies":"Small Slimes","floor":1,"turns":3},{"damage":6,"enemies":"Jaw Worm","floor":3,"turns":3},{"damage":0,"enemies":"Cultist","floor":4,"turns":3},{"damage":33,"enemies":"Gremlin Nob","floor":7,"turns":5},{"damage":7,"enemies":"Large Slime","floor":11,"turns":6},{"damage":29,"enemies":"Gremlin Gang","floor":12,"turns":4},{"damage":0,"enemies":"2 Fungi Beasts","floor":13,"turns":3},{"damage":8,"enemies":"Looter","floor":14,"turns":2},{"damage":0,"enemies":"The Guardian","floor":16,"turns":10},{"damage":2,"enemies":"Shell Parasite","floor":18,"turns":5},{"damage":6,"enemies":"Chosen","floor":19,"turns":3},{"damage":0,"enemies":"Shelled Parasite and Fungi","floor":20,"turns":7},{"damage":2,"enemies":"Centurion and Healer","floor":21,"turns":5},{"damage":6,"enemies":"Snake Plant","floor":27,"turns":4},{"damage":10,"enemies":"Chosen and Byrds","floor":28,"turns":4},{"damage":8,"enemies":"Book of Stabbing","floor":31,"turns":5},{"damage":42,"enemies":"Collector","floor":33,"turns":7},{"damage":5,"enemies":"Orb Walker","floor":35,"turns":4},{"damage":0,"enemies":"3 Shapes","floor":36,"turns":6},{"damage":15,"enemies":"Transient","floor":38,"turns":5},{"damage":10,"enemies":"Spire Growth","floor":41,"turns":6},{"damage":4,"enemies":"Maw","floor":44,"turns":9},{"damage":45,"enemies":"4 Shapes","floor":47,"turns":7},{"damage":27,"enemies":"3 Darklings","floor":48,"turns":4},{"damage":16,"enemies":"Awakened One","floor":50,"turns":13}],"seed_played":"6155637281455756001","potions_obtained":[{"floor":1,"key":"EssenceOfSteel"},{"floor":11,"key":"LiquidBronze"},{"floor":14,"key":"Weak Potion"},{"floor":16,"key":"SkillPotion"},{"floor":19,"key":"SkillPotion"},{"floor":20,"key":"Fire Potion"},{"floor":33,"key":"SkillPotion"},{"floor":38,"key":"Weak Potion"},{"floor":39,"key":"LiquidBronze"},{"floor":47,"key":"Strength Potion"}],"is_trial":false,"path_per_floor":["M","?","M","M","$","R","E","R","T","R","M","M","M","M","R","B",null,"M","M","M","M","?","R","$","R","T","M","M","?","$","E","R","B",null,"M","M","$","M","?","R","M","?","T","M","R","?","M","M","R","B",null],"character_chosen":"DEFECT","items_purchased":["Go for the Eyes","Transmutation","Bronze Scales","Reinforced Body"],"campfire_rested":5,"item_purchase_floors":[5,24,37,37],"current_hp_per_floor":[59,52,46,46,46,67,41,62,62,62,62,40,47,39,60,67,70,71,71,71,71,71,71,71,71,71,71,61,45,45,44,65,23,59,61,68,68,60,60,60,57,57,57,62,62,67,36,18,38,24],"gold":102,"neow_bonus":"RANDOM_COMMON_RELIC","is_prod":false,"is_daily":false,"chose_seed":false,"campfire_upgraded":5,"win_rate":0,"timestamp":1549513375,"path_taken":["M","?","M","M","$","R","E","R","T","R","M","M","M","M","R","BOSS","M","M","M","M","?","R","$","R","T","M","M","?","?","E","R","BOSS","M","?","$","M","?","R","?","?","T","M","R","?","M","?","R","BOSS"],"build_version":"2019-01-23","purchased_purges":2,"victory":true,"max_hp_per_floor":[71,71,71,71,71,71,71,71,71,71,71,71,71,71,71,71,71,71,71,71,71,71,71,71,71,71,71,71,71,71,71,71,71,71,71,71,71,71,71,71,71,67,67,67,67,67,67,67,67,67],"card_choices":[{"not_picked":["Fusion","Stack"],"picked":"Cold Snap","floor":1},{"not_picked":["Scrape","Rip and Tear"],"picked":"Self Repair","floor":3},{"not_picked":["Coolheaded","Tempest"],"picked":"Beam Cell","floor":4},{"not_picked":["Auto Shields","Steam"],"picked":"Defragment","floor":7},{"not_picked":["Gash","Coolheaded","Steam"],"picked":"SKIP","floor":11},{"not_picked":["Compile Driver","Barrage"],"picked":"Cold Snap","floor":12},{"not_picked":["Auto Shields","Go for the Eyes"],"picked":"Doom and Gloom","floor":13},{"not_picked":["FTL","Rebound"],"picked":"Reboot","floor":14},{"not_picked":["Core Surge","Biased Cognition"],"picked":"Seek","floor":16},{"not_picked":["Leap","Undo"],"picked":"Compile Driver","floor":18},{"not_picked":["Go for the Eyes","Steam Power"],"picked":"Genetic Algorithm","floor":19},{"not_picked":["Consume","Compile Driver"],"picked":"Cold Snap","floor":20},{"not_picked":["Lockon","Stack"],"picked":"Tempest","floor":21},{"not_picked":["Gash","Compile Driver"],"picked":"Redo","floor":27},{"not_picked":["Chaos","Coolheaded"],"picked":"Conserve Battery+1","floor":28},{"not_picked":["Redo","Hyperbeam","Gash"],"picked":"SKIP","floor":31},{"not_picked":["Core Surge","Machine Learning"],"picked":"Buffer","floor":33},{"not_picked":["Barrage","Sweeping Beam"],"picked":"Sunder+1","floor":35},{"not_picked":["Streamline","Rebound"],"picked":"Stack","floor":36},{"not_picked":["Consume","Tempest"],"picked":"Stack+1","floor":38},{"not_picked":["Steam","Compile Driver"],"picked":"Melter","floor":41},{"not_picked":["Fusion","Redo","Coolheaded"],"picked":"SKIP","floor":44},{"not_picked":["Steam","Go for the Eyes","Fusion"],"picked":"SKIP","floor":47},{"not_picked":["Doom and Gloom","Biased Cognition"],"picked":"Reinforced Body","floor":48}],"player_experience":991843,"relics_obtained":[{"floor":7,"key":"Oddly Smooth Stone"},{"floor":9,"key":"DataDisk"},{"floor":26,"key":"Mercury Hourglass"},{"floor":29,"key":"Nilry\u0027s Codex"},{"floor":31,"key":"Shuriken"},{"floor":43,"key":"Blood Vial"}],"event_choices":[{"cards_removed":["Strike_B"],"damage_healed":0,"gold_gain":0,"player_choice":"Card Removal","damage_taken":7,"max_hp_gain":0,"max_hp_loss":0,"event_name":"Golden Wing","floor":2,"gold_loss":0},{"damage_healed":0,"gold_gain":0,"player_choice":"Obtain J.A.X.","damage_taken":0,"max_hp_gain":0,"max_hp_loss":0,"event_name":"Drug Dealer","floor":22,"gold_loss":0,"cards_obtained":["J.A.X."]},{"damage_healed":0,"gold_gain":0,"player_choice":"Obtained Book","damage_taken":16,"max_hp_gain":0,"max_hp_loss":0,"event_name":"Cursed Tome","floor":29,"gold_loss":0},{"damage_healed":0,"gold_gain":0,"player_choice":"Got Potions","damage_taken":0,"max_hp_gain":0,"max_hp_loss":0,"event_name":"Lab","floor":39,"gold_loss":0},{"damage_healed":0,"gold_gain":0,"player_choice":"Max HP","damage_taken":0,"max_hp_gain":0,"max_hp_loss":4,"event_name":"Winding Halls","floor":42,"gold_loss":0},{"damage_healed":5,"gold_gain":0,"player_choice":"Full Heal","damage_taken":0,"max_hp_gain":0,"max_hp_loss":0,"event_name":"Wheel of Change","floor":46,"gold_loss":0}],"is_beta":false,"boss_relics":[{"not_picked":["Orrery","Runic Pyramid"],"picked":"Philosopher\u0027s Stone"},{"not_picked":["Velvet Choker","Empty Cage"],"picked":"FrozenCore"}],"items_purged_floors":[5,24],"is_endless":false,"potions_floor_spawned":[1,11,14,16,19,20,33,38,41,47],"ascension_level":14}