{"gold_per_floor":[118,118,118,43,56,81,81,98,122,154,454,466,478,491,491,491],"floor_reached":16,"playtime":643,"items_purged":["Bash"],"score":260,"play_id":"1743534c-8738-4f8e-9395-4288f2b640c3","local_time":"20190219213405","is_ascension_mode":true,"campfire_choices":[{"data":"Uppercut","floor":7,"key":"SMITH"},{"floor":15,"key":"REST"}],"neow_cost":"NONE","seed_source_timestamp":364823931844910,"circlet_count":0,"master_deck":["AscendersBane","Strike_R","Strike_R","Strike_R","Strike_R","Strike_R","Defend_R","Defend_R","Defend_R","Defend_R","Uppercut+1","Cleave","Rage","Cleave","Inflame","Body Slam","Immolate"],"relics":["Burning Blood","NeowsBlessing","Anchor","Strawberry","Blood Vial","The Courier","Old Coin"],"potions_floor_usage":[12,12],"damage_taken":[{"damage":0,"enemies":"2 Louse","floor":1,"turns":1},{"damage":0,"enemies":"Jaw Worm","floor":5,"turns":1},{"damage":0,"enemies":"3 Sentries","floor":6,"turns":1},{"damage":1,"enemies":"Cultist","floor":8,"turns":4},{"damage":68,"enemies":"Gremlin Nob","floor":10,"turns":5},{"damage":22,"enemies":"Exordium Thugs","floor":12,"turns":6},{"damage":6,"enemies":"Looter","floor":13,"turns":3},{"damage":5,"enemies":"Large Slime","floor":14,"turns":4},{"damage":81,"enemies":"The Guardian","floor":16,"turns":10}],"seed_played":"1949534885834805957","potions_obtained":[{"floor":8,"key":"Regen Potion"},{"floor":10,"key":"SpeedPotion"},{"floor":14,"key":"Ancient Potion"}],"is_trial":false,"path_per_floor":["M","?","?","$","M","E","R","M","T","E","T","M","M","M","R","B"],"character_chosen":"IRONCLAD","items_purchased":[],"campfire_rested":1,"item_purchase_floors":[],"current_hp_per_floor":[74,74,67,67,73,82,82,82,82,20,20,21,23,26,50,0],"gold":491,"neow_bonus":"THREE_ENEMY_KILL","is_prod":false,"is_daily":false,"chose_seed":false,"campfire_upgraded":1,"win_rate":0,"timestamp":1550637245,"path_taken":["M","?","?","$","M","E","R","M","T","E","?","M","?","?","R","BOSS"],"build_version":"2019-01-23","purchased_purges":1,"victory":false,"max_hp_per_floor":[75,75,75,75,75,82,82,82,82,82,82,82,82,82,82,82],"card_choices":[{"not_picked":["Thunderclap","Perfected Strike"],"picked":"Uppercut","floor":1},{"not_picked":["Heavy Blade","Sword Boomerang"],"picked":"Cleave","floor":5},{"not_picked":["Sword Boomerang","Anger"],"picked":"Rage","floor":6},{"not_picked":["Clash","Sever Soul"],"picked":"Cleave","floor":8},{"not_picked":["Rupture","Intimidate"],"picked":"Inflame","floor":10},{"not_picked":["Wild Strike","Fire Breathing","Burning Pact"],"picked":"SKIP","floor":12},{"not_picked":["Combust","Sword Boomerang"],"picked":"Body Slam","floor":13},{"not_picked":["Infernal Blade","Sword Boomerang"],"picked":"Immolate","floor":14}],"player_experience":1183508,"relics_obtained":[{"floor":6,"key":"Strawberry"},{"floor":9,"key":"Blood Vial"},{"floor":10,"key":"The Courier"},{"floor":11,"key":"Old Coin"}],"event_choices":[{"damage_healed":0,"gold_gain":0,"player_choice":"Box","damage_taken":0,"relics_obtained":["Anchor"],"max_hp_gain":0,"max_hp_loss":0,"event_name":"Big Fish","floor":2,"gold_loss":0,"cards_obtained":["Regret"]},{"cards_removed":["Regret"],"damage_healed":0,"gold_gain":0,"player_choice":"Card Removal","damage_taken":7,"max_hp_gain":0,"max_hp_loss":0,"event_name":"Golden Wing","floor":3,"gold_loss":0}],"is_beta":false,"boss_relics":[],"items_purged_floors":[4],"is_endless":false,"potions_floor_spawned":[8,10,14],"killed_by":"The Guardian","ascension_level":18}