{"gold_per_floor":[113,133,133,133,133,133,174,174,174,174,17,17,40,58,58,58],"floor_reached":16,"playtime":673,"items_purged":["Strike_R"],"score":196,"play_id":"29dbe3cc-60e3-47f6-9eb7-ad4f12d4e920","local_time":"20190311233242","is_ascension_mode":true,"campfire_choices":[{"data":"Carnage","floor":6,"key":"SMITH"},{"data":"Ghostly Armor","floor":8,"key":"SMITH"},{"data":"Evolve","floor":10,"key":"SMITH"},{"data":"Armaments","floor":12,"key":"SMITH"},{"data":"Flame Barrier","floor":15,"key":"SMITH"}],"neow_cost":"NONE","seed_source_timestamp":428821233541633,"circlet_count":0,"master_deck":["AscendersBane","Strike_R","Strike_R+1","Strike_R","Strike_R","Defend_R","Defend_R","Defend_R+1","Defend_R","Bash+1","Evolve+1","Carnage+1","Injury","Ghostly Armor+1","Flex","Armaments+1","Flame Barrier+1","Whirlwind"],"relics":["Burning Blood","Golden Idol","Blue Candle","Unceasing Top"],"potions_floor_usage":[7,16],"damage_taken":[{"damage":9,"enemies":"2 Louse","floor":1,"turns":2},{"damage":7,"enemies":"Small Slimes","floor":2,"turns":3},{"damage":22,"enemies":"3 Sentries","floor":7,"turns":9},{"damage":0,"enemies":"Cultist","floor":13,"turns":3},{"damage":12,"enemies":"Exordium Wildlife","floor":14,"turns":6},{"damage":64,"enemies":"Hexaghost","floor":16,"turns":11}],"seed_played":"-1775830572668427824","potions_obtained":[{"floor":2,"key":"Energy Potion"},{"floor":13,"key":"Ancient Potion"},{"floor":14,"key":"EssenceOfSteel"}],"is_trial":false,"path_per_floor":["M","M","?","?","?","R","E","R","T","R","$","R","M","M","R","B"],"character_chosen":"IRONCLAD","items_purchased":["Flex","Armaments"],"campfire_rested":0,"item_purchase_floors":[11,11],"current_hp_per_floor":[65,64,64,41,75,75,59,59,59,59,59,59,65,59,59,0],"gold":58,"neow_bonus":"UPGRADE_CARD","is_prod":false,"is_daily":false,"chose_seed":false,"campfire_upgraded":5,"win_rate":0,"timestamp":1552368762,"path_taken":["M","M","?","?","?","R","E","R","T","R","$","R","M","M","R","BOSS"],"build_version":"2019-01-23","purchased_purges":1,"victory":false,"max_hp_per_floor":[75,75,75,75,75,75,75,75,75,75,75,75,75,75,75,75],"card_choices":[{"not_picked":["Heavy Blade","Pommel Strike"],"picked":"Evolve","floor":1},{"not_picked":["Pummel","Shockwave"],"picked":"Carnage","floor":2},{"not_picked":["Sever Soul","Body Slam"],"picked":"Ghostly Armor","floor":7},{"not_picked":["Sword Boomerang","Intimidate"],"picked":"Flame Barrier","floor":13},{"not_picked":["Iron Wave","Heavy Blade"],"picked":"Whirlwind","floor":14}],"player_experience":1398692,"relics_obtained":[{"floor":7,"key":"Blue Candle"},{"floor":9,"key":"Unceasing Top"}],"event_choices":[{"damage_healed":0,"gold_gain":0,"player_choice":"Take Wound","damage_taken":0,"relics_obtained":["Golden Idol"],"max_hp_gain":0,"max_hp_loss":0,"event_name":"Golden Idol","floor":3,"gold_loss":0,"cards_obtained":["Injury"]},{"damage_healed":0,"gold_gain":0,"player_choice":"Entered Light","damage_taken":23,"max_hp_gain":0,"max_hp_loss":0,"event_name":"Shining Light","floor":4,"gold_loss":0,"cards_upgraded":["Strike_R","Defend_R"]},{"damage_healed":34,"gold_gain":0,"player_choice":"Full Heal","damage_taken":0,"max_hp_gain":0,"max_hp_loss":0,"event_name":"Wheel of Change","floor":5,"gold_loss":0}],"is_beta":false,"boss_relics":[],"items_purged_floors":[11],"is_endless":false,"potions_floor_spawned":[2,13,14],"killed_by":"Hexaghost","ascension_level":20}