{"gold_per_floor":[116,133,153,164,10,10,28,61,61,61,61,78,78,109,109,109],"floor_reached":16,"playtime":1004,"items_purged":["Strike_R"],"score":224,"play_id":"4eccb12c-1940-4f34-9289-2cad4985436e","local_time":"20190306094850","is_ascension_mode":true,"campfire_choices":[{"data":"Armaments","floor":6,"key":"SMITH"},{"floor":10,"key":"REST"},{"floor":13,"key":"REST"},{"floor":15,"key":"REST"}],"neow_cost":"NONE","seed_source_timestamp":405349072885282,"circlet_count":0,"master_deck":["AscendersBane","Strike_R","Strike_R","Strike_R","Strike_R","Defend_R+1","Defend_R","Defend_R+1","Defend_R","Bash","Rage","Infernal Blade","Body Slam","Seeing Red","Armaments+1","Shrug It Off","Entrench","Clash","Inflame","Shrug It Off"],"relics":["Burning Blood","Blue Candle","Pantograph","Mercury Hourglass"],"potions_floor_usage":[8,8,12],"damage_taken":[{"damage":15,"enemies":"Small Slimes","floor":1,"turns":4},{"damage":0,"enemies":"2 Louse","floor":2,"turns":4},{"damage":1,"enemies":"Cultist","floor":3,"turns":3},{"damage":29,"enemies":"Exordium Wildlife","floor":4,"turns":6},{"damage":16,"enemies":"Exordium Thugs","floor":7,"turns":7},{"damage":10,"enemies":"Gremlin Nob","floor":8,"turns":3},{"damage":9,"enemies":"Red Slaver","floor":12,"turns":5},{"damage":42,"enemies":"3 Sentries","floor":14,"turns":15},{"damage":84,"enemies":"Hexaghost","floor":16,"turns":13}],"seed_played":"4808269818906537601","potions_obtained":[{"floor":3,"key":"Poison Potion"},{"floor":7,"key":"AttackPotion"},{"floor":8,"key":"BloodPotion"}],"is_trial":false,"path_per_floor":["M","M","M","M","$","R","M","E","T","R","?","M","R","E","R","B"],"character_chosen":"IRONCLAD","items_purchased":["Armaments","Shrug It Off"],"campfire_rested":3,"item_purchase_floors":[5,5],"current_hp_per_floor":[66,72,77,54,54,54,44,40,40,64,39,44,68,32,56,0],"gold":109,"neow_bonus":"TEN_PERCENT_HP_BONUS","is_prod":false,"is_daily":false,"chose_seed":false,"campfire_upgraded":1,"win_rate":0,"timestamp":1551890930,"path_taken":["M","M","M","M","$","R","M","E","T","R","?","M","R","E","R","BOSS"],"build_version":"2019-01-23","purchased_purges":1,"victory":false,"max_hp_per_floor":[82,82,82,82,82,82,82,82,82,82,82,82,82,82,82,82],"card_choices":[{"not_picked":["Heavy Blade","Bloodletting"],"picked":"Rage","floor":1},{"not_picked":["Sever Soul","Corruption"],"picked":"Infernal Blade","floor":2},{"not_picked":["Burning Pact","Perfected Strike"],"picked":"Body Slam","floor":3},{"not_picked":["Havoc","True Grit"],"picked":"Seeing Red","floor":4},{"not_picked":["Warcry","Wild Strike"],"picked":"Entrench","floor":7},{"not_picked":["Clothesline","Rage"],"picked":"Clash","floor":8},{"not_picked":["Sword Boomerang","Rupture"],"picked":"Inflame","floor":12},{"not_picked":["Pommel Strike","Armaments"],"picked":"Shrug It Off","floor":14}],"player_experience":1350426,"relics_obtained":[{"floor":8,"key":"Blue Candle"},{"floor":9,"key":"Pantograph"},{"floor":14,"key":"Mercury Hourglass"}],"event_choices":[{"damage_healed":0,"gold_gain":0,"player_choice":"Entered Light","damage_taken":25,"max_hp_gain":0,"max_hp_loss":0,"event_name":"Shining Light","floor":11,"gold_loss":0,"cards_upgraded":["Defend_R","Defend_R"]}],"is_beta":false,"boss_relics":[],"items_purged_floors":[5],"is_endless":false,"potions_floor_spawned":[3,7,8],"killed_by":"Hexaghost","ascension_level":20}