{"gold_per_floor":[112,132,147,297,297,335,335,335,335,349,387,387,403,82,82,172,172,185,185,96,96,117,117,158,158,182,200,200,213,254,279,279,368,368,386,401,401,22,47,47],"floor_reached":40,"playtime":3255,"items_purged":["Strike_R"],"score":967,"play_id":"4d2a401f-c192-4dde-bb4a-bf7087a5bb19","local_time":"20190313201516","is_ascension_mode":true,"campfire_choices":[{"floor":7,"key":"REST"},{"floor":12,"key":"REST"},{"floor":15,"key":"REST"},{"data":"Body Slam","floor":23,"key":"SMITH"},{"floor":25,"key":"REST"},{"data":"Armaments","floor":28,"key":"SMITH"},{"data":"Feel No Pain","floor":32,"key":"SMITH"}],"neow_cost":"NONE","seed_source_timestamp":645786925048,"circlet_count":0,"master_deck":["AscendersBane","Defend_R","Defend_R","Defend_R","Bash","Armaments+1","Second Wind","Juggernaut","Doubt","Injury","Feel No Pain+1","Flame Barrier","Wild Strike","Headbutt","Reckless Charge","Bandage Up","Shrug It Off","Offering","Bite","Bite","Bite","Bite","Bite","Feel No Pain","Body Slam+1","Shrug It Off","Shrug It Off","Evolve","Warcry+1","Pummel","Rampage","Fiend Fire","Infernal Blade","Shockwave"],"relics":["Burning Blood","NeowsBlessing","Golden Idol","Kunai","Magic Flower","Bottled Tornado","Mark of Pain","Regal Pillow","Orichalcum","Meat on the Bone","Busted Crown","Bag of Preparation","ClockworkSouvenir"],"potions_floor_usage":[8,16,16,22,30,33,40],"damage_taken":[{"damage":0,"enemies":"Small Slimes","floor":1,"turns":2},{"damage":0,"enemies":"Jaw Worm","floor":2,"turns":1},{"damage":0,"enemies":"2 Louse","floor":3,"turns":1},{"damage":56,"enemies":"Lagavulin","floor":6,"turns":10},{"damage":28,"enemies":"Gremlin Nob","floor":8,"turns":4},{"damage":14,"enemies":"Red Slaver","floor":10,"turns":5},{"damage":18,"enemies":"3 Sentries","floor":11,"turns":8},{"damage":10,"enemies":"3 Louse","floor":13,"turns":4},{"damage":47,"enemies":"The Guardian","floor":16,"turns":11},{"damage":36,"enemies":"Chosen","floor":18,"turns":7},{"damage":25,"enemies":"Spheric Guardian","floor":22,"turns":5},{"damage":55,"enemies":"Book of Stabbing","floor":24,"turns":6},{"damage":40,"enemies":"Centurion and Healer","floor":27,"turns":11},{"damage":17,"enemies":"Chosen and Byrds","floor":29,"turns":6},{"damage":25,"enemies":"Slavers","floor":30,"turns":7},{"damage":26,"enemies":"3 Cultists","floor":31,"turns":6},{"damage":61,"enemies":"Champ","floor":33,"turns":14},{"damage":60,"enemies":"3 Darklings","floor":35,"turns":10},{"damage":28,"enemies":"Orb Walker","floor":36,"turns":4},{"damage":38,"enemies":"Transient","floor":39,"turns":6},{"damage":130,"enemies":"Giant Head","floor":40,"turns":9}],"seed_played":"4517472303773753355","potions_obtained":[{"floor":2,"key":"SmokeBomb"},{"floor":10,"key":"SteroidPotion"},{"floor":11,"key":"Poison Potion"},{"floor":13,"key":"Poison Potion"},{"floor":18,"key":"Swift Potion"},{"floor":24,"key":"FairyPotion"},{"floor":27,"key":"SkillPotion"},{"floor":30,"key":"EssenceOfSteel"},{"floor":33,"key":"SpeedPotion"}],"is_trial":false,"path_per_floor":["M","M","M","?","?","E","R","E","T","M","E","R","M","$","R","B",null,"M","?","$","?","M","R","E","R","T","M","R","M","E","M","R","B",null,"M","M","?","$","M","E"],"character_chosen":"IRONCLAD","items_purchased":["Reckless Charge","Bandage Up","Shrug It Off","Feel No Pain","Body Slam","Bag of Preparation","ClockworkSouvenir"],"campfire_rested":4,"item_purchase_floors":[14,14,14,20,20,38,38],"current_hp_per_floor":[74,75,75,75,75,25,47,25,25,20,11,33,32,32,54,22,62,41,41,41,41,39,39,14,44,44,52,52,50,52,46,46,38,49,41,44,37,37,48,0],"gold":47,"neow_bonus":"THREE_ENEMY_KILL","is_prod":false,"is_daily":false,"chose_seed":false,"campfire_upgraded":3,"win_rate":0,"timestamp":1552529716,"path_taken":["M","M","M","?","?","E","R","E","T","?","E","R","M","$","R","BOSS","M","?","$","?","M","R","E","R","T","M","R","M","E","M","R","BOSS","M","M","?","$","M","E"],"build_version":"2019-01-23","purchased_purges":1,"victory":false,"max_hp_per_floor":[75,75,75,75,75,75,75,75,75,75,75,75,75,75,75,75,75,75,52,52,52,52,52,52,52,52,52,52,52,52,52,52,52,52,52,52,52,52,52,52],"card_choices":[{"not_picked":["Perfected Strike","Havoc"],"picked":"Armaments","floor":1},{"not_picked":["Clothesline","Heavy Blade"],"picked":"Second Wind","floor":2},{"not_picked":["Hemokinesis","Shockwave"],"picked":"Juggernaut","floor":3},{"not_picked":["Disarm","Sever Soul"],"picked":"Feel No Pain","floor":6},{"not_picked":["Disarm","Body Slam"],"picked":"Flame Barrier","floor":10},{"not_picked":["Heavy Blade","Entrench"],"picked":"Wild Strike","floor":11},{"not_picked":["Shockwave","Whirlwind"],"picked":"Headbutt","floor":13},{"not_picked":["Brutality","Limit Break"],"picked":"Offering","floor":16},{"not_picked":["Clash","Sword Boomerang","Headbutt"],"picked":"SKIP","floor":18},{"not_picked":["Sword Boomerang","Pommel Strike"],"picked":"Shrug It Off","floor":22},{"not_picked":["Anger+1","Demon Form"],"picked":"Shrug It Off","floor":24},{"not_picked":["Rupture","Iron Wave+1"],"picked":"Evolve","floor":27},{"not_picked":["Flex","Twin Strike"],"picked":"Warcry+1","floor":29},{"not_picked":["Wild Strike","Cleave"],"picked":"Pummel","floor":30},{"not_picked":["Evolve","Anger"],"picked":"Rampage","floor":31},{"not_picked":["Impervious","Brutality"],"picked":"Fiend Fire","floor":33},{"not_picked":[],"picked":"Infernal Blade","floor":35},{"not_picked":[],"picked":"Shockwave","floor":36},{"not_picked":["Armaments"],"picked":"SKIP","floor":39}],"player_experience":1419918,"relics_obtained":[{"floor":6,"key":"Kunai"},{"floor":9,"key":"Magic Flower"},{"floor":11,"key":"Bottled Tornado"},{"floor":24,"key":"Regal Pillow"},{"floor":26,"key":"Orichalcum"},{"floor":30,"key":"Meat on the Bone"}],"event_choices":[{"damage_healed":0,"gold_gain":150,"player_choice":"AGREE","damage_taken":0,"max_hp_gain":0,"max_hp_loss":0,"event_name":"Liars Game","floor":4,"gold_loss":0,"cards_obtained":["Doubt"]},{"damage_healed":0,"gold_gain":0,"player_choice":"Take Wound","damage_taken":0,"relics_obtained":["Golden Idol"],"max_hp_gain":0,"max_hp_loss":0,"event_name":"Golden Idol","floor":5,"gold_loss":0,"cards_obtained":["Injury"]},{"damage_healed":0,"gold_gain":0,"player_choice":"Became a vampire","damage_taken":0,"max_hp_gain":0,"max_hp_loss":23,"event_name":"Vampires","floor":19,"gold_loss":0,"cards_obtained":["Bite","Bite","Bite","Bite","Bite"]},{"cards_removed":["Defend_R"],"damage_healed":0,"gold_gain":0,"player_choice":"Elegance","damage_taken":0,"max_hp_gain":0,"max_hp_loss":0,"event_name":"Back to Basics","floor":21,"gold_loss":0},{"damage_healed":0,"gold_gain":0,"player_choice":"Damaged","damage_taken":7,"max_hp_gain":0,"max_hp_loss":0,"event_name":"Wheel of Change","floor":37,"gold_loss":0}],"is_beta":false,"boss_relics":[{"not_picked":["Fusion Hammer","Velvet Choker"],"picked":"Mark of Pain"},{"not_picked":["Orrery","Black Blood"],"picked":"Busted Crown"}],"items_purged_floors":[14],"is_endless":false,"potions_floor_spawned":[2,10,11,13,18,24,27,30,33,36],"killed_by":"Giant Head","ascension_level":20}