{"path_per_floor":["M","M","M","T","M","R","E","R","T","M","M","R","E","$","R","B",null,"M","M","$","M","$","R","E","R","T","?","M","?","?","$","R","B",null,"M","?","M","?","?","R","$","R","T","$","?","R","M","E","R","B"],"character_chosen":"DEFECT","items_purchased":["Orichalcum"],"gold_per_floor":[20,39,50,118,129,129,155,155,155,174,189,189,218,61,61,166,196,212,227,152,163,63,63,97,97,123,123,134,49,49,49,49,146,146,160,160,176,176,176,176,126,126,126,76,0,0,18,52,52,52],"floor_reached":51,"campfire_rested":7,"playtime":3080,"item_purchase_floors":[14],"current_hp_per_floor":[74,64,64,64,58,58,30,52,52,52,52,74,54,54,54,52,80,64,62,62,28,28,52,13,37,37,37,37,37,37,37,76,1,80,60,60,58,58,58,80,80,80,80,80,80,80,80,65,80,2],"items_purged":["Defend_B","Defend_B","Defend_B","Strike_B"],"gold":52,"score":774,"play_id":"85e9b31b-76c6-414b-8f90-1658062423af","local_time":"20180612000511","is_prod":false,"is_daily":false,"chose_seed":false,"is_ascension_mode":true,"campfire_upgraded":4,"win_rate":0,"timestamp":1528783511,"campfire_choices":[{"data":"Genetic Algorithm","floor":6,"key":"SMITH"},{"floor":8,"key":"REST"},{"floor":12,"key":"REST"},{"data":"Sweeping Beam","floor":15,"key":"SMITH"},{"floor":23,"key":"REST"},{"floor":25,"key":"REST"},{"floor":32,"key":"REST"},{"floor":40,"key":"REST"},{"data":"Barrage","floor":42,"key":"SMITH"},{"data":"Leap","floor":46,"key":"SMITH"},{"floor":49,"key":"REST"}],"path_taken":["M","M","M","?","?","R","E","R","T","M","?","R","E","$","R","BOSS","M","M","$","M","$","R","E","R","T","?","M","?","?","?","R","BOSS","M","?","M","?","?","R","$","R","T","$","?","R","?","E","R","BOSS"],"build_version":"2018-06-07v3","seed_source_timestamp":79182832657898,"purchased_purges":4,"victory":true,"master_deck":["Strike_B+1","Dualcast","Genetic Algorithm+1","Ball Lightning","Melter","Sweeping Beam+1","Lockon","Chill","Fission","Echo Form","Cold Snap","Redo+1","Fusion+1","Ball Lightning","Tempest","Barrage+1","Electrodynamics","Leap+1","Ball Lightning+1","Coolheaded+1"],"max_hp_per_floor":[75,75,75,75,75,75,75,75,75,75,75,75,75,75,75,75,80,80,80,80,80,80,80,80,80,80,80,80,80,80,80,80,80,80,80,80,80,80,80,80,80,80,80,80,80,80,80,80,80,80],"relics":["Cracked Core","Dodecahedron","Bronze Scales","Bag of Marbles","Oddly Smooth Stone","Orichalcum","Tiny House","Boot","DataDisk","Regal Pillow","Smiling Mask","Sozu","Shuriken","Bag of Preparation","Red Mask","Toxic Egg 2"],"card_choices":[{"not_picked":["Reinforced Body","Coolheaded"],"picked":"Genetic Algorithm","floor":1},{"not_picked":["Leap","Hologram"],"picked":"Ball Lightning","floor":2},{"not_picked":["Steam","Redo"],"picked":"Melter","floor":3},{"not_picked":["Redo","Turbo","Steam"],"picked":"SKIP","floor":5},{"not_picked":["Storm","Leap"],"picked":"Sweeping Beam","floor":7},{"not_picked":["Steam","Barrage"],"picked":"Lockon","floor":10},{"not_picked":["Go for the Eyes","Coolheaded"],"picked":"Chill","floor":11},{"not_picked":["Redo","Compile Driver"],"picked":"Fission","floor":13},{"not_picked":["Amplify","Rainbow"],"picked":"Echo Form","floor":16},{"not_picked":["Beam Cell","Turbo"],"picked":"Cold Snap","floor":17},{"not_picked":["Stack+1","Coolheaded"],"picked":"Redo+1","floor":18},{"not_picked":["Skim","Scrape"],"picked":"Fusion+1","floor":19},{"not_picked":["Leap","Lockon"],"picked":"Ball Lightning","floor":21},{"not_picked":["Steam+1","Streamline+1"],"picked":"Tempest","floor":24},{"not_picked":["Sweeping Beam+1","Rebound"],"picked":"Barrage","floor":28},{"not_picked":["Amplify","Core Surge"],"picked":"Electrodynamics","floor":33},{"not_picked":["Turbo","Steam","Streamline"],"picked":"SKIP","floor":35},{"not_picked":["Turbo","Hologram"],"picked":"Leap","floor":37},{"not_picked":["Core Surge","Stack"],"picked":"Ball Lightning+1","floor":47},{"not_picked":["Leap","Streamline"],"picked":"Coolheaded+1","floor":48}],"player_experience":875092,"potions_floor_usage":[11,13,16,24,28],"damage_taken":[{"damage":1,"enemies":"Cultist","floor":1,"turns":3},{"damage":10,"enemies":"Small Slimes","floor":2,"turns":3},{"damage":0,"enemies":"2 Louse","floor":3,"turns":2},{"damage":6,"enemies":"Looter","floor":5,"turns":2},{"damage":28,"enemies":"3 Sentries","floor":7,"turns":7},{"damage":0,"enemies":"3 Louse","floor":10,"turns":2},{"damage":0,"enemies":"Large Slime","floor":11,"turns":4},{"damage":20,"enemies":"Gremlin Nob","floor":13,"turns":3},{"damage":2,"enemies":"Slime Boss","floor":16,"turns":8},{"damage":16,"enemies":"Shell Parasite","floor":18,"turns":3},{"damage":2,"enemies":"Spheric Guardian","floor":19,"turns":3},{"damage":34,"enemies":"Centurion and Healer","floor":21,"turns":7},{"damage":39,"enemies":"Slavers","floor":24,"turns":4},{"damage":0,"enemies":"Chosen and Byrds","floor":28,"turns":4},{"damage":75,"enemies":"Collector","floor":33,"turns":10},{"damage":20,"enemies":"3 Darklings","floor":35,"turns":3},{"damage":2,"enemies":"Orb Walker","floor":37,"turns":2},{"damage":0,"enemies":"Sphere and 2 Shapes","floor":47,"turns":3},{"damage":15,"enemies":"Giant Head","floor":48,"turns":7},{"damage":78,"enemies":"Awakened One","floor":50,"turns":9}],"relics_obtained":[{"floor":4,"key":"Dodecahedron"},{"floor":7,"key":"Bronze Scales"},{"floor":9,"key":"Bag of Marbles"},{"floor":13,"key":"Oddly Smooth Stone"},{"floor":24,"key":"Boot"},{"floor":26,"key":"DataDisk"},{"floor":43,"key":"Bag of Preparation"},{"floor":48,"key":"Toxic Egg 2"}],"event_choices":[{"event_name":"Back to Basics","player_choice":"Elegance","floor":27,"damage_taken":0},{"event_name":"Addict","player_choice":"Obtained Relic","floor":29,"damage_taken":0},{"event_name":"The Mausoleum","player_choice":"Yes","floor":30,"damage_taken":0},{"event_name":"Wheel of Change","player_choice":"Relic","floor":36,"damage_taken":0},{"event_name":"Falling","player_choice":"Removed Skill","floor":38,"damage_taken":0},{"event_name":"The Woman in Blue","player_choice":"Bought 0 Potions","floor":39,"damage_taken":0},{"event_name":"Tomb of Lord Red Mask","player_choice":"Paid","floor":45,"damage_taken":0}],"boss_relics":[{"not_picked":["White Beast Statue","Runic Dome"],"picked":"Tiny House"},{"not_picked":["Pandora\u0027s Box","Inserter"],"picked":"Sozu"}],"items_purged_floors":[20,22,41,44],"potions_floor_spawned":[1,3,7,16,24,33],"seed_played":"7566182956817448674","ascension_level":3,"potions_obtained":[{"floor":1,"key":"Swift Potion"},{"floor":3,"key":"SteroidPotion"},{"floor":7,"key":"Explosive Potion"},{"floor":16,"key":"Swift Potion"},{"floor":17,"key":"LiquidBronze"},{"floor":24,"key":"Dexterity Potion"},{"floor":33,"key":"Dexterity Potion"}],"is_trial":false}