{"gold_per_floor":[118,118,268,284,209,240,240,270,295,330,346,31,31,43,43,43],"floor_reached":16,"playtime":748,"items_purged":["Strike_R"],"score":279,"play_id":"2451e6d4-8379-4340-8aef-27ee5085ad67","local_time":"20190223205904","is_ascension_mode":true,"campfire_choices":[{"data":"Uppercut","floor":7,"key":"SMITH"},{"floor":15,"key":"REST"}],"neow_cost":"NONE","seed_source_timestamp":95062984981711,"circlet_count":0,"master_deck":["AscendersBane","Strike_R","Strike_R","Strike_R","Strike_R","Defend_R","Defend_R","Defend_R","Defend_R","Uppercut+1","Shrug It Off","Power Through","Rage","Impervious","Headbutt","Metallicize","Cleave"],"relics":["Burning Blood","NeowsBlessing","Centennial Puzzle","Torii","Juzu Bracelet","Calipers","Happy Flower","Paper Frog"],"potions_floor_usage":[8,8,16],"damage_taken":[{"damage":0,"enemies":"Small Slimes","floor":1,"turns":1},{"damage":0,"enemies":"Jaw Worm","floor":4,"turns":1},{"damage":0,"enemies":"Lagavulin","floor":6,"turns":1},{"damage":37,"enemies":"3 Sentries","floor":8,"turns":15},{"damage":30,"enemies":"Lagavulin","floor":10,"turns":8},{"damage":1,"enemies":"2 Louse","floor":11,"turns":2},{"damage":1,"enemies":"2 Fungi Beasts","floor":14,"turns":3},{"damage":54,"enemies":"Slime Boss","floor":16,"turns":14}],"seed_played":"-4392038225506832747","potions_obtained":[{"floor":1,"key":"SkillPotion"},{"floor":6,"key":"Fire Potion"},{"floor":14,"key":"GamblersBrew"}],"is_trial":false,"path_per_floor":["M","?","?","M","?","E","R","E","T","E","M","$","T","M","R","B"],"character_chosen":"IRONCLAD","items_purchased":["Happy Flower","Metallicize"],"campfire_rested":1,"item_purchase_floors":[12,12],"current_hp_per_floor":[74,67,67,73,73,75,75,44,44,20,25,25,25,30,52,0],"gold":43,"neow_bonus":"THREE_ENEMY_KILL","is_prod":false,"is_daily":false,"chose_seed":false,"campfire_upgraded":1,"win_rate":0,"timestamp":1550980744,"path_taken":["M","?","?","M","?","E","R","E","T","E","M","$","?","M","R","BOSS"],"build_version":"2019-01-23","purchased_purges":1,"victory":false,"max_hp_per_floor":[75,75,75,75,75,75,75,75,75,75,75,75,75,75,75,75],"card_choices":[{"not_picked":["Sever Soul","Wild Strike"],"picked":"Uppercut","floor":1},{"not_picked":["Dual Wield","Warcry"],"picked":"Shrug It Off","floor":4},{"not_picked":["Uppercut","Spot Weakness"],"picked":"Power Through","floor":6},{"not_picked":["Thunderclap","Sentinel"],"picked":"Rage","floor":8},{"not_picked":["Sword Boomerang","Sentinel"],"picked":"Impervious","floor":10},{"not_picked":["Combust","Rage"],"picked":"Headbutt","floor":11},{"not_picked":["Perfected Strike","Wild Strike"],"picked":"Cleave","floor":14}],"player_experience":1231117,"relics_obtained":[{"floor":6,"key":"Centennial Puzzle"},{"floor":8,"key":"Torii"},{"floor":9,"key":"Juzu Bracelet"},{"floor":10,"key":"Calipers"},{"floor":13,"key":"Paper Frog"}],"event_choices":[{"cards_removed":["Bash"],"damage_healed":0,"gold_gain":0,"player_choice":"Card Removal","damage_taken":7,"max_hp_gain":0,"max_hp_loss":0,"event_name":"Golden Wing","floor":2,"gold_loss":0},{"damage_healed":0,"gold_gain":150,"player_choice":"AGREE","damage_taken":0,"max_hp_gain":0,"max_hp_loss":0,"event_name":"Liars Game","floor":3,"gold_loss":0,"cards_obtained":["Doubt"]},{"cards_removed":["Doubt"],"damage_healed":0,"gold_gain":0,"player_choice":"Card Removal","damage_taken":0,"max_hp_gain":0,"max_hp_loss":0,"event_name":"The Cleric","floor":5,"gold_loss":75}],"is_beta":false,"boss_relics":[],"items_purged_floors":[12],"is_endless":false,"potions_floor_spawned":[1,6,14],"killed_by":"Slime Boss","ascension_level":19}