{"gold_per_floor":[118,118,43,61,61,61,71,71,120,120,120,120,120,132,132,206,206,220,235,235,252,167,167,198,213,213,25,38,38,38,65,65,136,136,155,155],"floor_reached":36,"playtime":1659,"items_purged":["Strike_R","Bash"],"score":805,"play_id":"1bdaa217-1ccc-40f0-8786-f8c3364259d2","local_time":"20190302161255","is_ascension_mode":true,"campfire_choices":[{"floor":6,"key":"REST"},{"data":"Hemokinesis","floor":8,"key":"SMITH"},{"data":"Cleave","floor":10,"key":"SMITH"},{"data":"Shockwave","floor":13,"key":"SMITH"},{"data":"Spot Weakness","floor":15,"key":"SMITH"},{"floor":23,"key":"REST"},{"data":"True Grit","floor":30,"key":"SMITH"},{"floor":32,"key":"REST"}],"neow_cost":"NONE","seed_source_timestamp":82129091714055,"circlet_count":0,"master_deck":["AscendersBane","Defend_R","Defend_R","Defend_R","Defend_R+1","Spot Weakness+1","Exhume","Hemokinesis+1","Cleave+1","Shockwave+1","Immolate","Reckless Charge+1","Whirlwind","Bite","Bite","Bite","Bite","Bite","Anger","Shrug It Off+1","True Grit+1","Clash","Rupture","Dropkick+1","Anger+1","Demon Form","Clash+1"],"relics":["Burning Blood","Art of War","Dream Catcher","Ornamental Fan","Shuriken","Sozu","Ancient Tea Set","Unceasing Top","Mummified Hand","Molten Egg 2","Mark of Pain"],"potions_floor_usage":[16],"damage_taken":[{"damage":10,"enemies":"Small Slimes","floor":1,"turns":3},{"damage":4,"enemies":"Cultist","floor":4,"turns":3},{"damage":3,"enemies":"2 Louse","floor":7,"turns":2},{"damage":12,"enemies":"Blue Slaver","floor":14,"turns":3},{"damage":28,"enemies":"Hexaghost","floor":16,"turns":7},{"damage":24,"enemies":"Spheric Guardian","floor":18,"turns":5},{"damage":20,"enemies":"2 Thieves","floor":19,"turns":3},{"damage":34,"enemies":"Snake Plant","floor":21,"turns":4},{"damage":19,"enemies":"Slavers","floor":24,"turns":2},{"damage":4,"enemies":"Chosen and Byrds","floor":25,"turns":5},{"damage":18,"enemies":"Snecko","floor":28,"turns":4},{"damage":24,"enemies":"Book of Stabbing","floor":31,"turns":4},{"damage":14,"enemies":"Automaton","floor":33,"turns":6},{"damage":14,"enemies":"Orb Walker","floor":35,"turns":3},{"damage":54,"enemies":"3 Shapes","floor":36,"turns":7}],"seed_played":"-9072578750292142318","potions_obtained":[{"floor":1,"key":"Regen Potion"}],"is_trial":false,"path_per_floor":["M","?","$","M","?","R","M","R","T","R","T","?","R","M","R","B",null,"M","M","?","M","?","R","E","M","T","$","M","$","R","E","R","B",null,"M","M"],"character_chosen":"IRONCLAD","items_purchased":["Rupture"],"campfire_rested":3,"item_purchase_floors":[27],"current_hp_per_floor":[64,64,64,66,43,65,68,68,68,68,68,57,57,51,51,44,67,49,35,35,17,17,32,23,35,35,35,31,31,31,21,36,42,50,46,0],"gold":155,"neow_bonus":"RANDOM_COMMON_RELIC","is_prod":false,"is_daily":false,"chose_seed":false,"campfire_upgraded":5,"win_rate":0,"timestamp":1551568375,"path_taken":["M","?","?","M","?","R","M","R","T","R","?","?","R","M","R","BOSS","M","M","?","M","?","R","E","M","T","$","M","?","R","E","R","BOSS","M","M"],"build_version":"2019-01-23","purchased_purges":2,"victory":false,"max_hp_per_floor":[75,75,75,75,75,75,75,75,75,75,75,75,75,75,75,75,75,75,75,52,52,52,52,52,52,52,52,52,52,52,52,52,52,52,52,52],"card_choices":[{"not_picked":["Hemokinesis","Warcry"],"picked":"Spot Weakness","floor":1},{"not_picked":["Twin Strike","Pommel Strike"],"picked":"Cleave","floor":4},{"not_picked":["Carnage","Inflame"],"picked":"Shockwave","floor":7},{"not_picked":["Twin Strike","Wild Strike","Flex"],"picked":"SKIP","floor":14},{"not_picked":["Barricade","Exhume"],"picked":"Immolate","floor":16},{"not_picked":["Heavy Blade","Iron Wave"],"picked":"Reckless Charge+1","floor":18},{"not_picked":["True Grit","Carnage"],"picked":"Whirlwind","floor":19},{"not_picked":["Sword Boomerang","Rage"],"picked":"Anger","floor":21},{"not_picked":["Disarm","Inflame"],"picked":"Shrug It Off+1","floor":23},{"not_picked":["Warcry","Clothesline"],"picked":"True Grit","floor":24},{"not_picked":["Sword Boomerang+1","Cleave"],"picked":"Clash","floor":25},{"not_picked":["Wild Strike+1","Twin Strike","Hemokinesis"],"picked":"SKIP","floor":28},{"not_picked":["Feed","Cleave+1"],"picked":"Dropkick","floor":31},{"not_picked":["Warcry","Wild Strike+1"],"picked":"Anger+1","floor":32},{"not_picked":["Juggernaut","Dark Embrace"],"picked":"Demon Form","floor":33},{"not_picked":["True Grit","Ghostly Armor+1"],"picked":"Clash+1","floor":35}],"player_experience":1320413,"relics_obtained":[{"floor":9,"key":"Dream Catcher"},{"floor":11,"key":"Ornamental Fan"},{"floor":24,"key":"Unceasing Top"},{"floor":26,"key":"Mummified Hand"},{"floor":31,"key":"Molten Egg 2"}],"event_choices":[{"damage_healed":0,"gold_gain":0,"player_choice":"2 cards matched","damage_taken":0,"max_hp_gain":0,"max_hp_loss":0,"event_name":"Match and Keep!","floor":2,"gold_loss":0,"cards_obtained":["Exhume","Hemokinesis"]},{"damage_healed":0,"gold_gain":0,"player_choice":"Entered Light","damage_taken":23,"max_hp_gain":0,"max_hp_loss":0,"event_name":"Shining Light","floor":5,"gold_loss":0,"cards_upgraded":["Strike_R","Defend_R"]},{"damage_healed":0,"gold_gain":0,"player_choice":"Success","damage_taken":11,"relics_obtained":["Shuriken"],"max_hp_gain":0,"max_hp_loss":0,"event_name":"Scrap Ooze","floor":12,"gold_loss":0},{"damage_healed":0,"gold_gain":0,"player_choice":"Became a vampire","damage_taken":0,"max_hp_gain":0,"max_hp_loss":23,"event_name":"Vampires","floor":20,"gold_loss":0,"cards_obtained":["Bite","Bite","Bite","Bite","Bite"]},{"damage_healed":0,"gold_gain":0,"player_choice":"Obtained Relic","damage_taken":0,"relics_obtained":["Ancient Tea Set"],"max_hp_gain":0,"max_hp_loss":0,"event_name":"Addict","floor":22,"gold_loss":85}],"is_beta":false,"boss_relics":[{"not_picked":["Fusion Hammer","Coffee Dripper"],"picked":"Sozu"},{"not_picked":["Lizard Tail","Snecko Eye"],"picked":"Mark of Pain"}],"items_purged_floors":[3,27],"is_endless":false,"potions_floor_spawned":[1,18,21,24,31],"killed_by":"3 Shapes","ascension_level":20}