{"gold_per_floor":[117,134,134,145,57,57,91,56,80,114,114,124,39,57,57,128,128,139,149,166,166,176,176,203,203,285,315,327,327,339,32,32,109,109,127,227,227,238,252,312,312,342,342,354,354,354,354,365,365,365],"floor_reached":50,"playtime":3668,"items_purged":[],"score":1101,"play_id":"0b43ad2a-ef4d-431f-bf19-2b1246cad5f4","local_time":"20190223230230","is_ascension_mode":true,"campfire_choices":[{"data":"Body Slam","floor":6,"key":"SMITH"},{"floor":11,"key":"REST"},{"data":"Limit Break","floor":15,"key":"SMITH"},{"floor":23,"key":"REST"},{"floor":25,"key":"REST"},{"data":"Barricade","floor":32,"key":"SMITH"},{"floor":41,"key":"REST"},{"floor":46,"key":"REST"},{"floor":49,"key":"REST"}],"neow_cost":"NONE","seed_source_timestamp":99548641607984,"circlet_count":0,"master_deck":["AscendersBane","Strike_R","Strike_R","Strike_R","Strike_R","Strike_R","Defend_R","Defend_R","Defend_R","Defend_R","Bash","Panacea","Body Slam+1","Shrug It Off","Shrug It Off","Inflame","Flame Barrier","Limit Break+1","Second Wind","Iron Wave","Impervious","Inflame","Headbutt","Whirlwind","Inflame","Anger","Iron Wave","Barricade+1","Immolate","True Grit","Secret Technique","Secret Technique","Flash of Steel","Seeing Red+1","Heavy Blade","Ghostly Armor+1","Parasite","Metallicize","Metallicize","Writhe","Double Tap","Headbutt"],"relics":["Burning Blood","Orichalcum","Anchor","Art of War","Busted Crown","Vajra","The Courier","Question Card","Juzu Bracelet","Lee\u0027s Waffle","Cursed Key","Prayer Wheel","Tiny Chest","Red Skull","Unceasing Top"],"potions_floor_usage":[7,10,16,19,24,28,33,36,40,42,44,50,50],"damage_taken":[{"damage":6,"enemies":"2 Louse","floor":1,"turns":4},{"damage":7,"enemies":"Cultist","floor":2,"turns":4},{"damage":6,"enemies":"Jaw Worm","floor":4,"turns":4},{"damage":30,"enemies":"Gremlin Nob","floor":7,"turns":5},{"damage":27,"enemies":"Lagavulin","floor":10,"turns":8},{"damage":1,"enemies":"Exordium Thugs","floor":12,"turns":6},{"damage":1,"enemies":"3 Louse","floor":14,"turns":4},{"damage":42,"enemies":"Hexaghost","floor":16,"turns":10},{"damage":7,"enemies":"3 Byrds","floor":18,"turns":5},{"damage":8,"enemies":"Spheric Guardian","floor":19,"turns":5},{"damage":25,"enemies":"Snecko","floor":20,"turns":5},{"damage":33,"enemies":"Snake Plant","floor":22,"turns":4},{"damage":2,"enemies":"Slavers","floor":24,"turns":3},{"damage":60,"enemies":"Book of Stabbing","floor":27,"turns":6},{"damage":8,"enemies":"Centurion and Healer","floor":28,"turns":6},{"damage":6,"enemies":"3 Cultists","floor":30,"turns":3},{"damage":3,"enemies":"Automaton","floor":33,"turns":9},{"damage":5,"enemies":"3 Shapes","floor":35,"turns":6},{"damage":14,"enemies":"Mind Bloom Boss Battle","floor":36,"turns":6},{"damage":13,"enemies":"3 Darklings","floor":38,"turns":3},{"damage":21,"enemies":"Sphere and 2 Shapes","floor":39,"turns":6},{"damage":35,"enemies":"Giant Head","floor":40,"turns":5},{"damage":40,"enemies":"Reptomancer","floor":42,"turns":7},{"damage":0,"enemies":"Jaw Worm Horde","floor":44,"turns":2},{"damage":47,"enemies":"Spire Growth","floor":48,"turns":6},{"damage":41,"enemies":"Donu and Deca","floor":50,"turns":6}],"seed_played":"2966287099124157275","potions_obtained":[{"floor":2,"key":"LiquidBronze"},{"floor":4,"key":"Poison Potion"},{"floor":14,"key":"Dexterity Potion"},{"floor":16,"key":"SpeedPotion"},{"floor":19,"key":"SteroidPotion"},{"floor":27,"key":"BloodPotion"},{"floor":28,"key":"Dexterity Potion"},{"floor":30,"key":"BloodPotion"},{"floor":38,"key":"Swift Potion"},{"floor":39,"key":"Swift Potion"},{"floor":42,"key":"Strength Potion"},{"floor":44,"key":"SkillPotion"},{"floor":48,"key":"SpeedPotion"}],"is_trial":false,"path_per_floor":["M","M","?","M","$","R","E","?","T","E","R","M","$","M","R","B",null,"M","M","M","?","M","R","E","R","T","E","M","T","M","$","R","B",null,"M","?","?","M","M","E","R","E","T","M","?","R","?","M","R","B"],"character_chosen":"IRONCLAD","items_purchased":["Inflame","Second Wind","Lee\u0027s Waffle","Barricade"],"campfire_rested":6,"item_purchase_floors":[5,13,31,31],"current_hp_per_floor":[68,67,56,56,56,56,32,50,50,29,51,56,56,61,61,25,63,62,60,41,41,14,36,40,62,62,8,13,13,13,82,82,82,82,82,82,72,65,50,21,45,11,11,17,33,57,57,16,40,0],"gold":365,"neow_bonus":"RANDOM_COLORLESS","is_prod":false,"is_daily":false,"chose_seed":false,"campfire_upgraded":3,"win_rate":0,"timestamp":1550988150,"path_taken":["M","M","?","?","$","R","E","?","T","E","R","M","?","M","R","BOSS","M","M","M","?","M","R","E","R","T","E","M","?","M","$","R","BOSS","M","?","?","M","M","E","R","E","T","M","?","R","?","M","R","BOSS"],"build_version":"2019-01-23","purchased_purges":0,"victory":false,"max_hp_per_floor":[75,75,75,75,75,75,75,75,75,75,75,75,75,75,75,75,75,75,75,75,75,75,75,75,75,75,75,75,75,75,82,82,82,82,82,82,82,82,82,82,82,82,82,82,82,82,82,82,82,82],"card_choices":[{"not_picked":["Combust","Intimidate"],"picked":"Body Slam","floor":1},{"not_picked":["Blood for Blood","Rampage"],"picked":"Shrug It Off","floor":2},{"not_picked":["Thunderclap","Anger"],"picked":"Shrug It Off","floor":4},{"not_picked":["Havoc","Dropkick"],"picked":"Flame Barrier","floor":7},{"not_picked":["Perfected Strike","Clash","Reckless Charge"],"picked":"SKIP","floor":10},{"not_picked":["Feel No Pain","Burning Pact"],"picked":"Limit Break","floor":12},{"not_picked":["Carnage","Cleave"],"picked":"Iron Wave","floor":14},{"not_picked":["Brutality","Bludgeon"],"picked":"Impervious","floor":16},{"not_picked":["Twin Strike"],"picked":"SKIP","floor":18},{"not_picked":[],"picked":"Inflame","floor":19},{"not_picked":[],"picked":"Headbutt","floor":20},{"not_picked":["Pummel"],"picked":"SKIP","floor":22},{"not_picked":[],"picked":"Inflame","floor":24},{"not_picked":["Whirlwind"],"picked":"SKIP","floor":27},{"not_picked":["Searing Blow"],"picked":"Anger","floor":28},{"not_picked":["Twin Strike+1"],"picked":"Iron Wave","floor":30},{"not_picked":["Feed"],"picked":"Immolate","floor":33},{"not_picked":["Havoc","Clothesline"],"picked":"SKIP","floor":35},{"not_picked":["Dropkick"],"picked":"True Grit","floor":36},{"not_picked":["Discovery"],"picked":"Secret Technique","floor":37},{"not_picked":["PanicButton"],"picked":"Secret Technique","floor":37},{"not_picked":["Swift Strike"],"picked":"Flash of Steel","floor":37},{"not_picked":["Carnage+1","Pommel Strike"],"picked":"SKIP","floor":38},{"not_picked":["Pummel","Perfected Strike+1"],"picked":"SKIP","floor":38},{"not_picked":["Anger+1"],"picked":"Seeing Red+1","floor":39},{"not_picked":["Warcry","Clash"],"picked":"SKIP","floor":39},{"not_picked":["Dual Wield+1"],"picked":"Heavy Blade","floor":40},{"not_picked":["Carnage"],"picked":"Ghostly Armor+1","floor":42},{"not_picked":["Sword Boomerang"],"picked":"Metallicize","floor":44},{"not_picked":["Immolate"],"picked":"Metallicize","floor":44},{"not_picked":["Thunderclap"],"picked":"Headbutt","floor":48},{"not_picked":["Reckless Charge","Burning Pact"],"picked":"SKIP","floor":48}],"player_experience":1235568,"relics_obtained":[{"floor":7,"key":"Orichalcum"},{"floor":9,"key":"Anchor"},{"floor":10,"key":"Art of War"},{"floor":24,"key":"Vajra"},{"floor":26,"key":"The Courier"},{"floor":27,"key":"Question Card"},{"floor":29,"key":"Juzu Bracelet"},{"floor":36,"key":"Prayer Wheel"},{"floor":40,"key":"Tiny Chest"},{"floor":42,"key":"Red Skull"},{"floor":43,"key":"Unceasing Top"}],"event_choices":[{"damage_healed":0,"gold_gain":0,"player_choice":"Damaged","damage_taken":11,"max_hp_gain":0,"max_hp_loss":0,"event_name":"Wheel of Change","floor":3,"gold_loss":0},{"damage_healed":18,"gold_gain":0,"player_choice":"Healed","damage_taken":0,"max_hp_gain":0,"max_hp_loss":0,"event_name":"The Cleric","floor":8,"gold_loss":35},{"damage_healed":0,"gold_gain":0,"player_choice":"Read","damage_taken":0,"max_hp_gain":0,"max_hp_loss":0,"event_name":"The Library","floor":21,"gold_loss":0,"cards_obtained":["Whirlwind"]},{"damage_healed":0,"gold_gain":0,"player_choice":"Fight","damage_taken":0,"max_hp_gain":0,"max_hp_loss":0,"event_name":"MindBloom","floor":36,"gold_loss":0},{"damage_healed":0,"gold_gain":0,"player_choice":"Memory 3","damage_taken":10,"max_hp_gain":0,"max_hp_loss":0,"event_name":"SensoryStone","floor":37,"gold_loss":0},{"damage_healed":16,"gold_gain":0,"player_choice":"Writhe","damage_taken":0,"max_hp_gain":0,"max_hp_loss":0,"event_name":"Winding Halls","floor":45,"gold_loss":0,"cards_obtained":["Writhe"]},{"damage_healed":0,"gold_gain":0,"player_choice":"1 cards matched","damage_taken":0,"max_hp_gain":0,"max_hp_loss":0,"event_name":"Match and Keep!","floor":47,"gold_loss":0,"cards_obtained":["Double Tap"]}],"is_beta":false,"boss_relics":[{"not_picked":["Snecko Eye","Tiny House"],"picked":"Busted Crown"},{"not_picked":["Runic Cube","Orrery"],"picked":"Cursed Key"}],"items_purged_floors":[],"is_endless":false,"potions_floor_spawned":[2,4,14,16,19,27,28,30,38,39,42,44,48],"killed_by":"Donu and Deca","ascension_level":19}