{"gold_per_floor":[119,138,154,171,3,3,35,35,35,69,88,115,131,142,142,142],"floor_reached":16,"playtime":1204,"items_purged":[],"score":242,"play_id":"fb3bfac4-4700-4f65-837c-a30de944ef25","local_time":"20190228234415","is_ascension_mode":true,"campfire_choices":[{"floor":6,"key":"REST"},{"floor":8,"key":"REST"},{"floor":15,"key":"REST"}],"neow_cost":"NONE","seed_source_timestamp":536531871802829,"circlet_count":0,"master_deck":["AscendersBane","Strike_R","Strike_R","Strike_R","Strike_R","Strike_R","Defend_R","Defend_R","Defend_R","Defend_R","Bash","Impatience","Body Slam","Flame Barrier","Feel No Pain","True Grit","Iron Wave","Shrug It Off","Immolate","Spot Weakness","Shockwave","Headbutt"],"relics":["Burning Blood","Blood Vial","Boot","Pen Nib","Matryoshka","Singing Bowl"],"potions_floor_usage":[10,12,16],"damage_taken":[{"damage":12,"enemies":"Jaw Worm","floor":1,"turns":2},{"damage":18,"enemies":"Small Slimes","floor":2,"turns":4},{"damage":4,"enemies":"2 Louse","floor":3,"turns":3},{"damage":26,"enemies":"Large Slime","floor":4,"turns":7},{"damage":26,"enemies":"3 Sentries","floor":7,"turns":19},{"damage":58,"enemies":"Lagavulin","floor":10,"turns":8},{"damage":4,"enemies":"Looter","floor":11,"turns":4},{"damage":7,"enemies":"3 Sentries","floor":12,"turns":7},{"damage":3,"enemies":"Blue Slaver","floor":13,"turns":4},{"damage":6,"enemies":"Exordium Thugs","floor":14,"turns":3},{"damage":56,"enemies":"The Guardian","floor":16,"turns":12}],"seed_played":"-5126087758414973670","potions_obtained":[{"floor":3,"key":"Explosive Potion"},{"floor":10,"key":"Fire Potion"},{"floor":11,"key":"FairyPotion"},{"floor":12,"key":"SteroidPotion"},{"floor":14,"key":"Dexterity Potion"}],"is_trial":false,"path_per_floor":["M","M","M","M","$","R","E","R","T","E","M","E","M","M","R","B"],"character_chosen":"IRONCLAD","items_purchased":["Blood Vial"],"campfire_rested":3,"item_purchase_floors":[5],"current_hp_per_floor":[62,50,52,32,32,54,36,58,58,8,12,13,18,20,42,0],"gold":142,"neow_bonus":"RANDOM_COLORLESS","is_prod":false,"is_daily":false,"chose_seed":false,"campfire_upgraded":0,"win_rate":0,"timestamp":1551422655,"path_taken":["M","M","M","M","$","R","E","R","T","E","M","E","M","M","R","BOSS"],"build_version":"2019-01-23","purchased_purges":0,"victory":false,"max_hp_per_floor":[75,75,75,75,75,75,75,75,75,75,75,75,75,75,75,75],"card_choices":[{"not_picked":["Warcry","Carnage"],"picked":"Body Slam","floor":1},{"not_picked":["Second Wind","Cleave"],"picked":"Flame Barrier","floor":2},{"not_picked":["Pommel Strike","Perfected Strike"],"picked":"Feel No Pain","floor":3},{"not_picked":["Clash","Thunderclap"],"picked":"True Grit","floor":4},{"not_picked":["Dropkick","Heavy Blade"],"picked":"Iron Wave","floor":7},{"not_picked":["Perfected Strike","Anger"],"picked":"Shrug It Off","floor":10},{"not_picked":["Dropkick","Iron Wave"],"picked":"Immolate","floor":11},{"not_picked":["Carnage","Iron Wave"],"picked":"Spot Weakness","floor":12},{"not_picked":["Body Slam","Rampage"],"picked":"Shockwave","floor":13},{"not_picked":["Perfected Strike","Cleave"],"picked":"Headbutt","floor":14}],"player_experience":1293481,"relics_obtained":[{"floor":7,"key":"Boot"},{"floor":9,"key":"Pen Nib"},{"floor":10,"key":"Matryoshka"},{"floor":12,"key":"Singing Bowl"}],"event_choices":[],"is_beta":false,"boss_relics":[],"items_purged_floors":[],"is_endless":false,"potions_floor_spawned":[3,10,11,12,14],"killed_by":"The Guardian","ascension_level":19}