{"gold_per_floor":[114,132,132,132,153,194,209,209,209,8,8,39,39,39,39,167,167,138,138,154,154,79,119,119,135,135,135,16,16,16,40,40,159,159,183,207,227,46,46,46,71,71,94,94,94,112,112,133,133,133],"floor_reached":51,"playtime":5508,"items_purged":["Injury","Writhe"],"score":698,"play_id":"f689f2f0-58c6-45de-ad56-63bbbe553d64","local_time":"20181124124822","is_ascension_mode":false,"campfire_choices":[{"floor":8,"key":"REST"},{"floor":15,"key":"REST"},{"floor":24,"key":"REST"},{"floor":27,"key":"REST"},{"floor":29,"key":"REST"},{"data":"Skewer","floor":32,"key":"SMITH"},{"floor":40,"key":"REST"},{"floor":42,"key":"REST"},{"floor":44,"key":"REST"},{"floor":47,"key":"REST"},{"floor":49,"key":"REST"}],"neow_cost":"NONE","seed_source_timestamp":687138500810715,"circlet_count":0,"master_deck":["Defend_G+1","Defend_G+1","Defend_G+1","Defend_G+1","Strike_G+1","Strike_G+1","Strike_G+1","Strike_G+1","Strike_G+1","Survivor","Neutralize+1","Finisher","Dash","Flying Knee","Dagger Spray","Night Terror+1","Apotheosis+1","Poisoned Stab","Poisoned Stab","Phantasmal Killer","Blur","Noxious Fumes","Noxious Fumes","Finisher","Finisher","Blur","Deflect","Skewer+1","Flying Knee+1","Noxious Fumes","Finisher","Flying Knee","Venomology","Deflect","Tactician+1","Bandage Up","Mind Blast","Prepared+1","Deadly Poison+1"],"relics":["Ring of the Snake","NeowsBlessing","Golden Idol","Thread and Needle","Ice Cream","Pear","Anchor","Orrery","Incense Burner","Torii","Matryoshka","Ancient Tea Set","Bottled Flame","Busted Crown","Bronze Scales","Bag of Marbles"],"potions_floor_usage":[6,6,6,12,16,33,33,33,36,37,41,41,50,50,50,50],"damage_taken":[{"damage":0,"enemies":"Jaw Worm","floor":1,"turns":1},{"damage":0,"enemies":"Small Slimes","floor":2,"turns":1},{"damage":0,"enemies":"2 Louse","floor":5,"turns":1},{"damage":30,"enemies":"Gremlin Nob","floor":6,"turns":6},{"damage":0,"enemies":"Exordium Wildlife","floor":7,"turns":3},{"damage":33,"enemies":"3 Sentries","floor":12,"turns":9},{"damage":24,"enemies":"Slime Boss","floor":16,"turns":9},{"damage":16,"enemies":"2 Thieves","floor":18,"turns":5},{"damage":16,"enemies":"Shell Parasite","floor":20,"turns":7},{"damage":35,"enemies":"Slavers","floor":23,"turns":6},{"damage":11,"enemies":"Chosen and Byrds","floor":25,"turns":6},{"damage":3,"enemies":"Snake Plant","floor":31,"turns":6},{"damage":50,"enemies":"Collector","floor":33,"turns":11},{"damage":41,"enemies":"3 Darklings","floor":35,"turns":5},{"damage":9,"enemies":"Orb Walker","floor":36,"turns":5},{"damage":21,"enemies":"Writhing Mass","floor":37,"turns":8},{"damage":27,"enemies":"Spire Growth","floor":41,"turns":6},{"damage":11,"enemies":"Jaw Worm Horde","floor":46,"turns":5},{"damage":24,"enemies":"Writhing Mass","floor":48,"turns":5},{"damage":49,"enemies":"Awakened One","floor":50,"turns":13}],"seed_played":"8364212396869476335","potions_obtained":[{"floor":1,"key":"EntropicBrew"},{"floor":7,"key":"Regen Potion"},{"floor":12,"key":"Strength Potion"},{"floor":18,"key":"Ancient Potion"},{"floor":31,"key":"SpeedPotion"},{"floor":33,"key":"Strength Potion"},{"floor":36,"key":"Weak Potion"},{"floor":46,"key":"Block Potion"},{"floor":48,"key":"SkillPotion"}],"is_trial":false,"path_per_floor":["M","M","?","?","M","E","M","R","T","$","?","E","?","?","R","B",null,"M","?","M","?","$","E","R","M","T","R","$","R","T","M","R","B",null,"M","M","M","$","?","R","M","R","T","R","?","M","R","M","R","B",null],"character_chosen":"THE_SILENT","items_purchased":["Apotheosis","Poisoned Stab","Noxious Fumes","Finisher","Bandage Up"],"campfire_rested":10,"item_purchase_floors":[10,10,28,28,38],"current_hp_per_floor":[70,70,75,75,75,45,45,67,67,67,52,44,26,26,51,27,85,69,69,53,53,53,18,43,32,32,57,57,82,82,79,79,29,85,44,35,14,14,14,39,18,43,43,68,68,63,85,61,85,42],"gold":133,"neow_bonus":"THREE_ENEMY_KILL","is_prod":false,"is_daily":false,"chose_seed":false,"campfire_upgraded":1,"win_rate":0.0,"timestamp":1543078102,"path_taken":["M","M","?","?","M","E","M","R","T","$","?","E","?","?","R","BOSS","M","?","M","?","?","E","R","M","T","R","$","R","?","M","R","BOSS","M","?","M","$","?","R","M","R","T","R","?","?","R","M","R","BOSS"],"build_version":"2018-11-15","purchased_purges":2,"victory":true,"max_hp_per_floor":[70,70,75,75,75,75,75,75,75,75,75,85,85,85,85,85,85,85,85,85,85,85,85,85,85,85,85,85,85,85,85,85,85,85,85,85,85,85,85,85,85,85,85,85,85,85,85,85,85,85],"card_choices":[{"not_picked":["Quick Slash","Dodge and Roll"],"picked":"Finisher","floor":1},{"not_picked":["Dagger Throw","Underhanded Strike"],"picked":"Dash","floor":2},{"not_picked":["Dodge and Roll","Calculated Gamble"],"picked":"Flying Knee","floor":5},{"not_picked":["Dodge and Roll","Acrobatics"],"picked":"Dagger Spray","floor":6},{"not_picked":["PiercingWail","Dodge and Roll"],"picked":"Night Terror","floor":7},{"not_picked":["Dagger Throw","Tactician"],"picked":"Poisoned Stab","floor":12},{"not_picked":["Burst","A Thousand Cuts"],"picked":"Phantasmal Killer","floor":16},{"not_picked":["Acrobatics","Slice"],"picked":"Blur","floor":17},{"not_picked":["Backflip","Expertise"],"picked":"Noxious Fumes","floor":17},{"not_picked":["All Out Attack","PiercingWail"],"picked":"Noxious Fumes","floor":17},{"not_picked":["Dagger Throw","Expertise"],"picked":"Finisher","floor":17},{"not_picked":["Calculated Gamble","Glass Knife"],"picked":"Finisher","floor":17},{"not_picked":["Sucker Punch","PiercingWail"],"picked":"Blur","floor":18},{"not_picked":["Blade Dance","Poisoned Stab"],"picked":"Deflect","floor":20},{"not_picked":["Flying Knee","Acrobatics"],"picked":"Skewer","floor":23},{"not_picked":["Sucker Punch","Quick Slash+1"],"picked":"Flying Knee+1","floor":25},{"not_picked":["Noxious Fumes","Slice"],"picked":"Flying Knee","floor":31},{"not_picked":["Night Terror","Doppelganger"],"picked":"Venomology","floor":33},{"not_picked":["Flechettes"],"picked":"SKIP","floor":35},{"not_picked":[],"picked":"Deflect","floor":36},{"not_picked":[],"picked":"Tactician+1","floor":37},{"not_picked":[],"picked":"Mind Blast","floor":39},{"not_picked":["Dagger Spray"],"picked":"SKIP","floor":41},{"not_picked":[],"picked":"Prepared+1","floor":46},{"not_picked":[],"picked":"Deadly Poison+1","floor":48}],"player_experience":14913,"relics_obtained":[{"floor":6,"key":"Thread and Needle"},{"floor":9,"key":"Ice Cream"},{"floor":12,"key":"Pear"},{"floor":23,"key":"Torii"},{"floor":26,"key":"Matryoshka"},{"floor":30,"key":"Ancient Tea Set"},{"floor":30,"key":"Bottled Flame"},{"floor":43,"key":"Bronze Scales"},{"floor":43,"key":"Bag of Marbles"}],"event_choices":[{"damage_healed":0,"gold_gain":0,"player_choice":"Donut","damage_taken":0,"max_hp_gain":5,"max_hp_loss":0,"event_name":"Big Fish","floor":3,"gold_loss":0},{"damage_healed":0,"gold_gain":0,"player_choice":"Take Wound","damage_taken":0,"relics_obtained":["Golden Idol"],"max_hp_gain":0,"max_hp_loss":0,"event_name":"Golden Idol","floor":4,"gold_loss":0,"cards_obtained":["Injury"]},{"damage_healed":0,"gold_gain":0,"player_choice":"Entered Light","damage_taken":15,"max_hp_gain":0,"max_hp_loss":0,"event_name":"Shining Light","floor":11,"gold_loss":0,"cards_upgraded":["Neutralize","Night Terror"]},{"damage_healed":0,"gold_gain":0,"player_choice":"Success","damage_taken":18,"relics_obtained":["Anchor"],"max_hp_gain":0,"max_hp_loss":0,"event_name":"Scrap Ooze","floor":13,"gold_loss":0},{"damage_healed":0,"gold_gain":0,"player_choice":"Grow","damage_taken":0,"max_hp_gain":0,"max_hp_loss":0,"event_name":"Living Wall","floor":14,"gold_loss":0,"cards_upgraded":["Apotheosis"]},{"damage_healed":0,"gold_gain":0,"player_choice":"Opened","damage_taken":0,"relics_obtained":["Incense Burner"],"max_hp_gain":0,"max_hp_loss":0,"event_name":"The Mausoleum","floor":19,"gold_loss":0,"cards_obtained":["Writhe"]},{"damage_healed":0,"gold_gain":0,"player_choice":"Simplicity","damage_taken":0,"max_hp_gain":0,"max_hp_loss":0,"event_name":"Back to Basics","floor":21,"gold_loss":0,"cards_upgraded":["Defend_G","Defend_G","Defend_G","Defend_G","Defend_G","Strike_G","Strike_G","Strike_G","Strike_G","Strike_G"]},{"damage_healed":0,"gold_gain":0,"player_choice":"Memory 1","damage_taken":0,"max_hp_gain":0,"max_hp_loss":0,"event_name":"SensoryStone","floor":39,"gold_loss":0},{"cards_removed":["Defend_G"],"damage_healed":0,"gold_gain":0,"player_choice":"Purged","damage_taken":0,"max_hp_gain":0,"max_hp_loss":0,"event_name":"Purifier","floor":45,"gold_loss":0}],"is_beta":false,"boss_relics":[{"not_picked":["Eternal Feather","Philosopher\u0027s Stone"],"picked":"Orrery"},{"not_picked":["Coffee Dripper","White Beast Statue"],"picked":"Busted Crown"}],"items_purged_floors":[22,38],"is_endless":false,"potions_floor_spawned":[1,7,12,18,31,33,36,46,48],"ascension_level":0}