{"gold_per_floor":[114,34,49,49,49,83,83,102,178,178,103,103,103,122,122,220,220,238,69,85,101,101,101,127,127,127,143,158,9,21,40,40,139,139,156,156,6,6,17,17,29,56,56,109,109,109,109,128,128,128],"floor_reached":51,"playtime":3964,"items_purged":["Strike_G","Strike_G","Strike_G","Strike_G"],"score":645,"play_id":"3f4c2bdf-7faf-47b2-92e8-1d783b7e823e","local_time":"20190124211824","is_ascension_mode":false,"campfire_choices":[{"floor":7,"key":"REST"},{"data":"Infinite Blades","floor":10,"key":"SMITH"},{"data":"Poisoned Stab","floor":12,"key":"SMITH"},{"floor":15,"key":"REST"},{"data":"Adrenaline","floor":23,"key":"SMITH"},{"data":"Corpse Explosion","floor":25,"key":"SMITH"},{"floor":32,"key":"REST"},{"data":"Accuracy","floor":40,"key":"SMITH"},{"floor":49,"key":"REST"}],"neow_cost":"PERCENT_DAMAGE","seed_source_timestamp":527750994469770,"circlet_count":0,"master_deck":["Defend_G","Defend_G","Defend_G","Defend_G","Defend_G","Survivor","Neutralize","Deadly Poison","Noxious Fumes+1","Leg Sweep","Poisoned Stab+1","Infinite Blades+1","Leg Sweep","Footwork","Adrenaline+1","Poisoned Stab","Accuracy+1","Bane+1","Backflip","Corpse Explosion+1","Blade Dance","PiercingWail+1","Deadly Poison","After Image","Poisoned Stab","Unload","Blade Dance","Deadly Poison+1","Bane","Sucker Punch+1","Mayhem","Quick Slash+1"],"relics":["Ring of the Serpent","Happy Flower","Ninja Scroll","Nloth\u0027s Gift","Gremlin Horn","Lantern","WristBlade","Tough Bandages","Question Card","Calipers"],"potions_floor_usage":[16,24,33,33,41,44,50],"damage_taken":[{"damage":1,"enemies":"Cultist","floor":1,"turns":5},{"damage":0,"enemies":"Small Slimes","floor":3,"turns":4},{"damage":55,"enemies":"Gremlin Nob","floor":6,"turns":7},{"damage":3,"enemies":"Jaw Worm","floor":8,"turns":4},{"damage":0,"enemies":"Looter","floor":14,"turns":4},{"damage":8,"enemies":"Slime Boss","floor":16,"turns":10},{"damage":0,"enemies":"Spheric Guardian","floor":18,"turns":6},{"damage":10,"enemies":"Shell Parasite","floor":20,"turns":5},{"damage":1,"enemies":"Snecko","floor":21,"turns":5},{"damage":47,"enemies":"Slavers","floor":24,"turns":5},{"damage":5,"enemies":"Centurion and Healer","floor":27,"turns":4},{"damage":0,"enemies":"Shelled Parasite and Fungi","floor":28,"turns":4},{"damage":2,"enemies":"Snake Plant","floor":30,"turns":3},{"damage":2,"enemies":"Sentry and Sphere","floor":31,"turns":7},{"damage":27,"enemies":"Automaton","floor":33,"turns":9},{"damage":0,"enemies":"3 Shapes","floor":35,"turns":3},{"damage":2,"enemies":"Orb Walker","floor":39,"turns":3},{"damage":14,"enemies":"Spire Growth","floor":41,"turns":5},{"damage":17,"enemies":"Nemesis","floor":42,"turns":7},{"damage":12,"enemies":"2 Orb Walkers","floor":44,"turns":3},{"damage":2,"enemies":"Maw","floor":48,"turns":7},{"damage":43,"enemies":"Awakened One","floor":50,"turns":15}],"seed_played":"5735180742273450528","potions_obtained":[{"floor":1,"key":"FairyPotion"},{"floor":6,"key":"GhostInAJar"},{"floor":16,"key":"Regen Potion"},{"floor":24,"key":"PowerPotion"},{"floor":27,"key":"Ancient Potion"},{"floor":33,"key":"GamblersBrew"},{"floor":35,"key":"AttackPotion"},{"floor":42,"key":"PowerPotion"},{"floor":44,"key":"Block Potion"}],"is_trial":false,"path_per_floor":["M","$","M","?","$","E","R","M","T","R","$","R","?","M","R","B",null,"M","$","M","M","?","R","E","R","T","M","M","$","M","M","R","B",null,"M","?","$","?","M","R","M","E","T","?","?","$","?","M","R","B",null],"character_chosen":"THE_SILENT","items_purchased":["Noxious Fumes","Accuracy","Deadly Poison"],"campfire_rested":4,"item_purchase_floors":[2,19,29],"current_hp_per_floor":[62,62,62,62,62,7,32,29,29,29,29,29,17,17,42,34,84,84,84,74,73,73,73,41,41,41,36,36,36,34,32,57,30,84,84,80,80,72,70,70,56,39,39,27,27,27,27,25,49,6],"gold":128,"neow_bonus":"TWENTY_PERCENT_HP_BONUS","is_prod":false,"is_daily":false,"chose_seed":false,"campfire_upgraded":5,"win_rate":0,"timestamp":1548389904,"path_taken":["M","?","M","?","$","E","R","M","T","R","?","R","?","M","R","BOSS","M","$","M","M","?","R","E","R","T","M","M","?","M","M","R","BOSS","M","?","$","?","M","R","?","E","T","?","?","$","?","M","R","BOSS"],"build_version":"2019-01-23","purchased_purges":4,"victory":true,"max_hp_per_floor":[84,84,84,84,84,84,84,84,84,84,84,84,84,84,84,84,84,84,84,84,84,84,84,84,84,84,84,84,84,84,84,84,84,84,84,80,80,80,80,80,80,80,80,80,80,80,80,80,80,80],"card_choices":[{"not_picked":["Choke","Backflip"],"picked":"Deadly Poison","floor":1},{"not_picked":["Dagger Spray","PiercingWail"],"picked":"Leg Sweep","floor":3},{"not_picked":["Acrobatics","Dash"],"picked":"Poisoned Stab","floor":6},{"not_picked":["Sucker Punch","Finisher"],"picked":"Infinite Blades","floor":8},{"not_picked":["Slice","Deflect"],"picked":"Leg Sweep","floor":14},{"not_picked":["Quick Slash","Choke"],"picked":"Footwork","floor":15},{"not_picked":["Corpse Explosion","A Thousand Cuts"],"picked":"Adrenaline","floor":16},{"not_picked":["All Out Attack+1","Footwork"],"picked":"Poisoned Stab","floor":18},{"not_picked":["Cloak And Dagger","Backflip"],"picked":"Bane+1","floor":20},{"not_picked":["Quick Slash","Finisher"],"picked":"Backflip","floor":21},{"not_picked":["Expertise+1","Slice"],"picked":"Corpse Explosion","floor":24},{"not_picked":["Masterful Stab","Quick Slash"],"picked":"Blade Dance","floor":27},{"not_picked":["Choke","Sucker Punch+1"],"picked":"PiercingWail+1","floor":28},{"not_picked":["Concentrate+1","Venomology"],"picked":"After Image","floor":30},{"not_picked":["Finisher","Acrobatics"],"picked":"Poisoned Stab","floor":31},{"not_picked":["Phantasmal Killer","Glass Knife"],"picked":"Unload","floor":33},{"not_picked":["Dodge and Roll","PiercingWail","Acrobatics+1"],"picked":"SKIP","floor":35},{"not_picked":["Deflect+1","Setup"],"picked":"Blade Dance","floor":39},{"not_picked":["Distraction+1","Dodge and Roll+1"],"picked":"Deadly Poison+1","floor":41},{"not_picked":["Leg Sweep","Dagger Spray"],"picked":"Bane","floor":42},{"not_picked":["Flying Knee","Blade Dance+1","Bane"],"picked":"Sucker Punch+1","floor":44},{"not_picked":["Transmutation","Bandage Up","Finesse"],"picked":"Mayhem","floor":47},{"not_picked":["Night Terror","Slice","Masterful Stab+1"],"picked":"Quick Slash+1","floor":48}],"player_experience":470331,"relics_obtained":[{"floor":6,"key":"Happy Flower"},{"floor":9,"key":"Ninja Scroll"},{"floor":24,"key":"Gremlin Horn"},{"floor":26,"key":"Lantern"},{"floor":42,"key":"Tough Bandages"},{"floor":43,"key":"Question Card"},{"floor":44,"key":"Calipers"}],"event_choices":[{"damage_healed":0,"gold_gain":0,"player_choice":"Grow","damage_taken":0,"max_hp_gain":0,"max_hp_loss":0,"event_name":"Living Wall","floor":4,"gold_loss":0,"cards_upgraded":["Noxious Fumes"]},{"damage_healed":0,"gold_gain":0,"player_choice":"Success","damage_taken":12,"relics_obtained":["Dream Catcher"],"max_hp_gain":0,"max_hp_loss":0,"event_name":"Scrap Ooze","floor":13,"gold_loss":0},{"damage_healed":0,"gold_gain":0,"player_choice":"Traded Relic","damage_taken":0,"relics_obtained":["Nloth\u0027s Gift"],"max_hp_gain":0,"max_hp_loss":0,"event_name":"N\u0027loth","floor":22,"relics_lost":["Dream Catcher"],"gold_loss":0},{"damage_healed":0,"gold_gain":0,"player_choice":"Max HP","damage_taken":0,"max_hp_gain":0,"max_hp_loss":4,"event_name":"Winding Halls","floor":36,"gold_loss":0},{"damage_healed":0,"gold_gain":0,"player_choice":"Damaged","damage_taken":8,"max_hp_gain":0,"max_hp_loss":0,"event_name":"Wheel of Change","floor":38,"gold_loss":0},{"damage_healed":0,"gold_gain":0,"player_choice":"Fight","damage_taken":0,"max_hp_gain":0,"max_hp_loss":0,"event_name":"Mysterious Sphere","floor":44,"gold_loss":0},{"cards_removed":["Strike_G"],"damage_healed":0,"gold_gain":0,"player_choice":"Removed Attack","damage_taken":0,"max_hp_gain":0,"max_hp_loss":0,"event_name":"Falling","floor":45,"gold_loss":0},{"damage_healed":0,"gold_gain":0,"player_choice":"Memory 1","damage_taken":0,"max_hp_gain":0,"max_hp_loss":0,"event_name":"SensoryStone","floor":47,"gold_loss":0}],"is_beta":false,"boss_relics":[{"not_picked":["Orrery","Black Star"],"picked":"Ring of the Serpent"},{"not_picked":["Calling Bell","Cursed Key"],"picked":"WristBlade"}],"items_purged_floors":[11,19,29,37],"is_endless":false,"potions_floor_spawned":[1,6,16,24,27,33,35,42,44],"ascension_level":0}