{"gold_per_floor":[110,110,123,123,138,138,171,171,171,96,96,129,147,4,4,93,93,118,18,18,31,67,67,101,114,114,114,154,154,194,194,194,292,292,311,330,663,681,781,781,141,175,175,202,202,202,202,235,235,235],"floor_reached":51,"playtime":3955,"items_purged":["Strike_B","Defend_B","Defend_B"],"score":1354,"play_id":"f8187a35-e723-4ea8-afb4-1b5d52e73e41","local_time":"20190209231323","is_ascension_mode":true,"campfire_choices":[{"data":"Zap","floor":6,"key":"SMITH"},{"floor":11,"key":"REST"},{"floor":15,"key":"REST"},{"floor":23,"key":"REST"},{"data":"Dualcast","floor":27,"key":"SMITH"},{"data":"Hologram","floor":29,"key":"SMITH"},{"floor":32,"key":"REST"},{"data":"Consume","floor":40,"key":"SMITH"},{"floor":45,"key":"DIG"},{"floor":47,"key":"DIG"},{"floor":49,"key":"REST"}],"neow_cost":"NONE","seed_source_timestamp":1913866145769363,"circlet_count":0,"master_deck":["AscendersBane","Strike_B+1","Strike_B+1","Defend_B","Defend_B+1","Zap+1","Dualcast+1","Hologram+1","Go for the Eyes+1","Self Repair","Ball Lightning+1","Doom and Gloom+1","Cold Snap+1","Core Surge+1","Cold Snap+1","RitualDagger+1","Ball Lightning+1","Self Repair","Glacier","Compile Driver+1","Cold Snap+1","Sweeping Beam+1","Rebound+1","All For One+1","Auto Shields+1","Consume+1","Defragment","Defragment","Magnetism","Stack+1","Injury","Hologram+1","Clumsy","Recycle+1","Redo+1"],"relics":["Cracked Core","NeowsBlessing","Molten Egg 2","Symbiotic Virus","Whetstone","Dream Catcher","Happy Flower","Inserter","Red Mask","Ornamental Fan","Nunchaku","Bag of Preparation","Shuriken","Cursed Key","Unceasing Top","Shovel","Ginger","Toxic Egg 2","Meat on the Bone","Mango","Sundial","DataDisk","War Paint"],"potions_floor_usage":[13,18,22,24,28,30,33,42,48],"damage_taken":[{"damage":0,"enemies":"Small Slimes","floor":1,"turns":1},{"damage":0,"enemies":"Cultist","floor":3,"turns":1},{"damage":0,"enemies":"Jaw Worm","floor":5,"turns":1},{"damage":41,"enemies":"Gremlin Nob","floor":7,"turns":4},{"damage":34,"enemies":"3 Sentries","floor":12,"turns":9},{"damage":9,"enemies":"3 Louse","floor":13,"turns":2},{"damage":18,"enemies":"Slime Boss","floor":16,"turns":7},{"damage":13,"enemies":"Shell Parasite","floor":18,"turns":5},{"damage":2,"enemies":"Chosen","floor":21,"turns":3},{"damage":22,"enemies":"Masked Bandits","floor":22,"turns":3},{"damage":27,"enemies":"Gremlin Leader","floor":24,"turns":6},{"damage":7,"enemies":"Centurion and Healer","floor":25,"turns":7},{"damage":15,"enemies":"Slavers","floor":28,"turns":4},{"damage":14,"enemies":"Book of Stabbing","floor":30,"turns":6},{"damage":49,"enemies":"Collector","floor":33,"turns":12},{"damage":0,"enemies":"Orb Walker","floor":35,"turns":5},{"damage":0,"enemies":"3 Shapes","floor":36,"turns":3},{"damage":0,"enemies":"Transient","floor":38,"turns":5},{"damage":0,"enemies":"Mind Bloom Boss Battle","floor":39,"turns":8},{"damage":21,"enemies":"Reptomancer","floor":42,"turns":6},{"damage":25,"enemies":"Nemesis","floor":44,"turns":6},{"damage":34,"enemies":"Reptomancer","floor":48,"turns":8},{"damage":20,"enemies":"Time Eater","floor":50,"turns":11}],"seed_played":"3299273767017088795","potions_obtained":[{"floor":1,"key":"FearPotion"},{"floor":12,"key":"EssenceOfSteel"},{"floor":13,"key":"Weak Potion"},{"floor":16,"key":"Ancient Potion"},{"floor":22,"key":"Weak Potion"},{"floor":24,"key":"EssenceOfSteel"},{"floor":25,"key":"AttackPotion"},{"floor":28,"key":"SkillPotion"},{"floor":33,"key":"Energy Potion"},{"floor":35,"key":"Regen Potion"}],"is_trial":false,"path_per_floor":["M","?","M","?","M","R","E","?","T","$","R","E","M","$","R","B",null,"M","$","?","M","?","R","E","M","T","R","E","R","E","?","R","B",null,"M","M","?","M","?","R","$","E","T","E","R","T","R","E","R","B",null],"character_chosen":"DEFECT","items_purchased":["Happy Flower","Shovel","Defragment","Magnetism"],"campfire_rested":5,"item_purchase_floors":[14,41,41,41],"current_hp_per_floor":[64,64,64,64,64,64,23,23,23,23,42,15,6,6,25,14,52,46,46,40,45,30,49,36,43,43,43,42,42,42,42,61,19,53,64,64,64,64,64,64,64,63,63,45,59,59,59,54,77,57],"gold":235,"neow_bonus":"THREE_ENEMY_KILL","is_prod":false,"is_daily":false,"chose_seed":false,"campfire_upgraded":4,"win_rate":0,"timestamp":1549779203,"path_taken":["M","?","M","?","?","R","E","?","T","$","R","E","M","$","R","BOSS","M","$","?","M","?","R","E","M","T","R","E","R","E","?","R","BOSS","M","M","?","M","?","R","$","E","T","E","R","?","R","E","R","BOSS"],"build_version":"2019-01-23","purchased_purges":3,"victory":true,"max_hp_per_floor":[71,71,71,71,71,71,71,64,64,64,64,64,64,64,64,64,64,64,64,64,64,64,64,64,64,64,64,64,64,64,64,64,64,64,64,64,64,64,64,64,64,64,64,64,78,78,78,78,78,78],"card_choices":[{"not_picked":["Fusion","Turbo","Steam"],"picked":"SKIP","floor":1},{"not_picked":["Rebound","Leap"],"picked":"Hologram","floor":3},{"not_picked":["Conserve Battery","Fusion"],"picked":"Go for the Eyes+1","floor":5},{"not_picked":["Reinforced Body","Hologram"],"picked":"Self Repair","floor":7},{"not_picked":["Gash+1","Steam"],"picked":"Ball Lightning+1","floor":12},{"not_picked":["Force Field","Steam"],"picked":"Doom and Gloom+1","floor":13},{"not_picked":["Multi-Cast","Lockon+1"],"picked":"Cold Snap+1","floor":15},{"not_picked":["Multi-Cast","Rainbow"],"picked":"Core Surge+1","floor":16},{"not_picked":["Melter+1","Leap"],"picked":"Cold Snap+1","floor":18},{"not_picked":["Skim+1","Go for the Eyes+1"],"picked":"Ball Lightning+1","floor":21},{"not_picked":["Gash+1","Go for the Eyes+1"],"picked":"Self Repair","floor":22},{"not_picked":["Fission","Steam Power"],"picked":"Glacier","floor":24},{"not_picked":["Loop","Sweeping Beam+1"],"picked":"Compile Driver+1","floor":25},{"not_picked":["Ball Lightning+1","Steam"],"picked":"Cold Snap+1","floor":28},{"not_picked":["Streamline+1","Steam Power"],"picked":"Sweeping Beam+1","floor":30},{"not_picked":["Compile Driver+1","Gash+1"],"picked":"Rebound+1","floor":32},{"not_picked":["Biased Cognition","Multi-Cast"],"picked":"All For One+1","floor":33},{"not_picked":["Turbo","Rebound+1"],"picked":"Auto Shields+1","floor":35},{"not_picked":["Compile Driver+1","Stack","Force Field"],"picked":"SKIP","floor":36},{"not_picked":["BootSequence","Compile Driver+1"],"picked":"Consume","floor":38},{"not_picked":["Sunder+1","Darkness"],"picked":"Defragment","floor":39},{"not_picked":["Glacier","Turbo"],"picked":"Stack","floor":42},{"not_picked":["Meteor Strike+1","Compile Driver+1"],"picked":"Hologram+1","floor":44},{"not_picked":["Aggregate+1","Force Field+1"],"picked":"Recycle+1","floor":48},{"not_picked":["Sweeping Beam+1","Self Repair"],"picked":"Redo+1","floor":49}],"player_experience":1035514,"relics_obtained":[{"floor":7,"key":"Symbiotic Virus"},{"floor":9,"key":"Whetstone"},{"floor":12,"key":"Dream Catcher"},{"floor":22,"key":"Red Mask"},{"floor":24,"key":"Ornamental Fan"},{"floor":26,"key":"Nunchaku"},{"floor":28,"key":"Bag of Preparation"},{"floor":30,"key":"Shuriken"},{"floor":39,"key":"Unceasing Top"},{"floor":42,"key":"Ginger"},{"floor":43,"key":"Toxic Egg 2"},{"floor":44,"key":"Meat on the Bone"},{"floor":45,"key":"Mango"},{"floor":46,"key":"Sundial"},{"floor":47,"key":"DataDisk"},{"floor":48,"key":"War Paint"}],"event_choices":[{"cards_removed":["Strike_B"],"damage_healed":0,"gold_gain":0,"player_choice":"Forget","damage_taken":0,"max_hp_gain":0,"max_hp_loss":0,"event_name":"Living Wall","floor":2,"gold_loss":0},{"damage_healed":0,"gold_gain":0,"player_choice":"Gave Potion","damage_taken":0,"relics_obtained":["Molten Egg 2"],"max_hp_gain":0,"max_hp_loss":0,"event_name":"WeMeetAgain","floor":4,"gold_loss":0},{"damage_healed":0,"gold_gain":0,"player_choice":"Lose Max HP","damage_taken":0,"relics_obtained":["Golden Idol"],"max_hp_gain":0,"max_hp_loss":7,"event_name":"Golden Idol","floor":8,"gold_loss":0},{"damage_healed":0,"gold_gain":0,"player_choice":"Joined the Cult","damage_taken":6,"max_hp_gain":0,"max_hp_loss":0,"event_name":"Nest","floor":20,"gold_loss":0,"cards_obtained":["RitualDagger"]},{"damage_healed":0,"gold_gain":0,"player_choice":"Fought Bandits","damage_taken":0,"max_hp_gain":0,"max_hp_loss":0,"event_name":"Masked Bandits","floor":22,"gold_loss":0},{"damage_healed":0,"gold_gain":0,"player_choice":"Ignored","damage_taken":0,"max_hp_gain":0,"max_hp_loss":0,"event_name":"Vampires","floor":31,"gold_loss":0},{"damage_healed":0,"gold_gain":333,"player_choice":"Gave Idol","damage_taken":0,"max_hp_gain":0,"max_hp_loss":0,"event_name":"The Moai Head","floor":37,"relics_lost":["Golden Idol"],"gold_loss":0},{"damage_healed":0,"gold_gain":0,"player_choice":"Fight","damage_taken":0,"max_hp_gain":0,"max_hp_loss":0,"event_name":"MindBloom","floor":39,"gold_loss":0}],"is_beta":false,"boss_relics":[{"not_picked":["Sozu","Philosopher\u0027s Stone"],"picked":"Inserter"},{"not_picked":["Velvet Choker","Snecko Eye"],"picked":"Cursed Key"}],"items_purged_floors":[10,19,41],"is_endless":false,"potions_floor_spawned":[1,12,13,16,22,24,25,28,33,35,38],"ascension_level":15}