{"gold_per_floor":[115,115,115,130,149,149,181,181,181,68,86,117,135,152,152,255,305,318,334,348,99,117,117],"floor_reached":23,"playtime":1848,"items_purged":["Regret","Strike_G"],"score":230,"play_id":"f26b9cda-96c9-4318-bdc9-2150c7512f92","local_time":"20190124195055","is_ascension_mode":false,"campfire_choices":[{"data":"Outmaneuver","floor":6,"key":"SMITH"},{"floor":8,"key":"REST"},{"floor":15,"key":"REST"}],"neow_cost":"NONE","seed_source_timestamp":524643342766679,"circlet_count":0,"master_deck":["Defend_G","Defend_G","Defend_G","Defend_G","Defend_G","Strike_G","Strike_G","Strike_G","Strike_G","Survivor","Neutralize","Choke","Finisher","Setup+1","Outmaneuver+1","Footwork","Die Die Die","Endless Agony","Acrobatics","Finisher","Outmaneuver","Unload","Escape Plan","Predator","Blade Dance","After Image","Quick Slash","Prepared","Leg Sweep","Quick Slash+1","Calculated Gamble","Flying Knee","Dagger Spray","Adrenaline","Reflex","Bullet Time"],"relics":["Ring of the Snake","Ornamental Fan","Prayer Wheel","Oddly Smooth Stone","Ancient Tea Set","Du-Vu Doll","Tiny House"],"potions_floor_usage":[16],"damage_taken":[{"damage":2,"enemies":"2 Louse","floor":1,"turns":3},{"damage":11,"enemies":"Jaw Worm","floor":4,"turns":4},{"damage":2,"enemies":"Cultist","floor":5,"turns":4},{"damage":51,"enemies":"Lagavulin","floor":7,"turns":11},{"damage":4,"enemies":"Exordium Wildlife","floor":11,"turns":4},{"damage":6,"enemies":"3 Sentries","floor":12,"turns":8},{"damage":5,"enemies":"Lots of Slimes","floor":13,"turns":2},{"damage":0,"enemies":"Large Slime","floor":14,"turns":5},{"damage":29,"enemies":"The Guardian","floor":16,"turns":11},{"damage":1,"enemies":"3 Byrds","floor":18,"turns":4},{"damage":23,"enemies":"Spheric Guardian","floor":19,"turns":6},{"damage":18,"enemies":"Snake Plant","floor":20,"turns":6},{"damage":11,"enemies":"Snecko","floor":22,"turns":5},{"damage":44,"enemies":"Slavers","floor":23,"turns":3}],"seed_played":"-4338657006687095520","potions_obtained":[{"floor":1,"key":"Dexterity Potion"},{"floor":7,"key":"GhostInAJar"},{"floor":11,"key":"Block Potion"},{"floor":14,"key":"Strength Potion"},{"floor":17,"key":"SkillPotion"},{"floor":18,"key":"Swift Potion"}],"is_trial":false,"path_per_floor":["M","?","?","M","M","R","E","R","T","$","M","E","M","M","R","B",null,"M","M","M","$","M","E"],"character_chosen":"THE_SILENT","items_purchased":["Endless Agony","Adrenaline"],"campfire_rested":2,"item_purchase_floors":[10,21],"current_hp_per_floor":[75,75,75,64,62,62,11,34,34,34,30,24,19,19,42,13,82,81,58,40,40,29,0],"gold":117,"neow_bonus":"TEN_PERCENT_HP_BONUS","is_prod":false,"is_daily":false,"chose_seed":false,"campfire_upgraded":1,"win_rate":0,"timestamp":1548384655,"path_taken":["M","?","?","M","M","R","E","R","T","$","M","E","?","M","R","BOSS","M","M","M","$","M","E"],"build_version":"2019-01-23","purchased_purges":2,"victory":false,"max_hp_per_floor":[77,77,77,77,77,77,77,77,77,77,77,77,77,77,77,77,82,82,82,82,82,82,82],"card_choices":[{"not_picked":["Blur","Tactician"],"picked":"Choke","floor":1},{"not_picked":["Flechettes","Bane"],"picked":"Finisher","floor":4},{"not_picked":["Acrobatics","Prepared"],"picked":"Setup","floor":4},{"not_picked":["Skewer","Sucker Punch"],"picked":"Outmaneuver","floor":5},{"not_picked":["Underhanded Strike","Grand Finale"],"picked":"Footwork","floor":5},{"not_picked":["Dagger Spray","Flying Knee"],"picked":"Die Die Die","floor":7},{"not_picked":["Dagger Spray","Caltrops"],"picked":"Acrobatics","floor":11},{"not_picked":["Leg Sweep","Sucker Punch"],"picked":"Finisher","floor":11},{"not_picked":["Bouncing Flask","Bane"],"picked":"Outmaneuver","floor":12},{"not_picked":["Eviscerate","Deadly Poison"],"picked":"Unload","floor":13},{"not_picked":["Accuracy","Deadly Poison"],"picked":"Escape Plan","floor":13},{"not_picked":["Dash","Dagger Spray"],"picked":"Predator","floor":14},{"not_picked":["Outmaneuver","Noxious Fumes"],"picked":"Blade Dance","floor":14},{"not_picked":["Doppelganger","Grand Finale"],"picked":"After Image","floor":16},{"not_picked":["Poisoned Stab","Crippling Poison"],"picked":"Quick Slash","floor":17},{"not_picked":["Dodge and Roll","Concentrate+1"],"picked":"Prepared","floor":18},{"not_picked":["Bane","Outmaneuver"],"picked":"Leg Sweep","floor":18},{"not_picked":["Dagger Throw","Expertise+1"],"picked":"Quick Slash+1","floor":19},{"not_picked":["Cloak And Dagger","Backflip"],"picked":"Calculated Gamble","floor":19},{"not_picked":["Underhanded Strike+1","Quick Slash"],"picked":"Flying Knee","floor":20},{"not_picked":["Underhanded Strike","Blade Dance"],"picked":"Dagger Spray","floor":20},{"not_picked":["Heel Hook","Noxious Fumes"],"picked":"Reflex","floor":22},{"not_picked":["Poisoned Stab+1","Cloak And Dagger+1"],"picked":"Bullet Time","floor":22}],"player_experience":467596,"relics_obtained":[{"floor":7,"key":"Oddly Smooth Stone"},{"floor":9,"key":"Ancient Tea Set"},{"floor":12,"key":"Du-Vu Doll"}],"event_choices":[{"damage_healed":0,"gold_gain":0,"player_choice":"Box","damage_taken":0,"relics_obtained":["Ornamental Fan"],"max_hp_gain":0,"max_hp_loss":0,"event_name":"Big Fish","floor":2,"gold_loss":0,"cards_obtained":["Regret"]},{"damage_healed":0,"gold_gain":0,"player_choice":"Gave Potion","damage_taken":0,"relics_obtained":["Prayer Wheel"],"max_hp_gain":0,"max_hp_loss":0,"event_name":"WeMeetAgain","floor":3,"gold_loss":0}],"is_beta":false,"boss_relics":[{"not_picked":["Ectoplasm","Eternal Feather"],"picked":"Tiny House"}],"items_purged_floors":[10,21],"is_endless":false,"potions_floor_spawned":[1,7,11,14,18,20,22],"killed_by":"Slavers","ascension_level":0}