{"gold_per_floor":[109,129,54,73,92,92,15,25,78,78,78,141,141,158,158,158],"floor_reached":16,"playtime":667,"items_purged":["Strike_R"],"score":179,"play_id":"0421eaba-865a-46d0-933f-b27f75f86795","local_time":"20190222195922","is_ascension_mode":true,"campfire_choices":[{"data":"1","floor":6,"key":"LIFT"},{"floor":11,"key":"REST"},{"floor":13,"key":"REST"},{"data":"2","floor":15,"key":"LIFT"}],"neow_cost":"CURSE","seed_source_timestamp":5158595622841,"circlet_count":0,"master_deck":["AscendersBane","Strike_R","Strike_R","Strike_R","Strike_R","Defend_R","Defend_R","Defend_R","Defend_R","Bash","Clumsy","True Grit","Headbutt","Clash","Body Slam","Metallicize","Heavy Blade","Body Slam","Second Wind"],"relics":["Burning Blood","Girya","Centennial Puzzle","Frozen Egg 2","Oddly Smooth Stone"],"potions_floor_usage":[12],"damage_taken":[{"damage":7,"enemies":"Cultist","floor":1,"turns":4},{"damage":12,"enemies":"Jaw Worm","floor":2,"turns":4},{"damage":12,"enemies":"Small Slimes","floor":4,"turns":4},{"damage":14,"enemies":"Red Slaver","floor":5,"turns":6},{"damage":16,"enemies":"3 Louse","floor":8,"turns":4},{"damage":26,"enemies":"Gremlin Nob","floor":12,"turns":4},{"damage":0,"enemies":"Exordium Thugs","floor":14,"turns":4},{"damage":68,"enemies":"The Guardian","floor":16,"turns":9}],"seed_played":"4982560447058477888","potions_obtained":[{"floor":1,"key":"FearPotion"},{"floor":8,"key":"Explosive Potion"}],"is_trial":false,"path_per_floor":["M","M","$","M","M","R","$","M","T","?","R","?","R","M","R","B"],"character_chosen":"IRONCLAD","items_purchased":["Metallicize"],"campfire_rested":2,"item_purchase_floors":[7],"current_hp_per_floor":[67,61,61,55,47,47,47,37,37,32,54,34,56,62,62,0],"gold":158,"neow_bonus":"ONE_RARE_RELIC","is_prod":false,"is_daily":false,"chose_seed":false,"campfire_upgraded":0,"win_rate":0,"timestamp":1550890762,"path_taken":["M","M","$","?","M","R","$","M","T","?","R","?","R","M","R","BOSS"],"build_version":"2019-01-23","purchased_purges":1,"victory":false,"max_hp_per_floor":[75,75,75,75,75,75,75,75,75,75,75,75,75,75,75,75],"card_choices":[{"not_picked":["Hemokinesis","Clothesline"],"picked":"True Grit","floor":1},{"not_picked":["Hemokinesis","Battle Trance"],"picked":"Headbutt","floor":2},{"not_picked":["Clothesline","Flex"],"picked":"Clash","floor":4},{"not_picked":["Clothesline","Warcry"],"picked":"Body Slam","floor":5},{"not_picked":["Anger","Havoc"],"picked":"Heavy Blade","floor":8},{"not_picked":["Sword Boomerang","Bludgeon"],"picked":"Body Slam","floor":12},{"not_picked":["Wild Strike","Twin Strike"],"picked":"Second Wind","floor":14}],"player_experience":1212352,"relics_obtained":[{"floor":9,"key":"Centennial Puzzle"},{"floor":12,"key":"Oddly Smooth Stone"}],"event_choices":[{"damage_healed":0,"gold_gain":0,"player_choice":"Success","damage_taken":5,"relics_obtained":["Frozen Egg 2"],"max_hp_gain":0,"max_hp_loss":0,"event_name":"Scrap Ooze","floor":10,"gold_loss":0},{"damage_healed":0,"gold_gain":0,"player_choice":"Searched \u00271\u0027 times","damage_taken":0,"max_hp_gain":0,"max_hp_loss":0,"event_name":"Dead Adventurer","floor":12,"gold_loss":0}],"is_beta":false,"boss_relics":[],"items_purged_floors":[3],"is_endless":false,"potions_floor_spawned":[1,8],"killed_by":"The Guardian","ascension_level":19}