{"gold_per_floor":[114,127,77,2,16,16,30,30,30,30,55,55,55,72,72,169,469,486,499,499],"floor_reached":20,"playtime":1336,"items_purged":["Strike_B"],"score":260,"play_id":"7c7e9fef-0a35-48f5-8240-55d502b53ffa","local_time":"20180703213547","is_ascension_mode":true,"campfire_choices":[{"data":"Chaos","floor":6,"key":"SMITH"},{"data":"Conserve Battery","floor":10,"key":"SMITH"},{"data":"Zap","floor":13,"key":"SMITH"},{"data":"Dualcast","floor":15,"key":"SMITH"}],"neow_cost":"NONE","seed_source_timestamp":1737934868028425,"circlet_count":0,"master_deck":["Strike_B","Strike_B","Defend_B","Defend_B","Defend_B","Defend_B","Zap+1","Dualcast+1","Chaos+1","Conserve Battery+1","FTL","Cold Snap","Buffer","Doubt","Normality","Decay"],"relics":["Cracked Core","Cables","Pear","Calling Bell","Blue Candle","Old Coin","Strawberry"],"potions_floor_usage":[14,16,19],"damage_taken":[{"damage":0,"enemies":"2 Louse","floor":1,"turns":2},{"damage":1,"enemies":"Cultist","floor":2,"turns":3},{"damage":2,"enemies":"Jaw Worm","floor":5,"turns":3},{"damage":11,"enemies":"Looter","floor":7,"turns":4},{"damage":15,"enemies":"Lagavulin","floor":11,"turns":6},{"damage":0,"enemies":"3 Louse","floor":14,"turns":1},{"damage":13,"enemies":"The Guardian","floor":16,"turns":11},{"damage":3,"enemies":"Shell Parasite","floor":18,"turns":7},{"damage":21,"enemies":"3 Byrds","floor":19,"turns":5},{"damage":65,"enemies":"3 Cultists","floor":20,"turns":5}],"seed_played":"-4984948953916644088","potions_obtained":[{"floor":2,"key":"Fire Potion"},{"floor":16,"key":"SpeedPotion"},{"floor":19,"key":"SmokeBomb"}],"is_trial":false,"path_per_floor":["M","M","?","$","M","R","M","$","T","R","E","$","R","M","R","B",null,"M","M"],"character_chosen":"DEFECT","items_purchased":[],"campfire_rested":0,"item_purchase_floors":[],"current_hp_per_floor":[68,67,67,67,65,65,54,54,54,54,49,49,49,49,49,36,80,77,56,0],"gold":499,"neow_bonus":"THREE_SMALL_POTIONS","is_prod":false,"is_daily":false,"chose_seed":false,"campfire_upgraded":4,"win_rate":0,"timestamp":1530675347,"path_taken":["M","M","?","$","M","R","M","$","T","R","E","$","R","M","R","BOSS","M","M","?"],"build_version":"2018-06-28","purchased_purges":1,"victory":false,"max_hp_per_floor":[75,75,75,75,75,75,75,75,75,75,85,85,85,85,85,85,92,92,92,92],"card_choices":[{"not_picked":["Streamline","Leap","Gash"],"picked":"SKIP","floor":1},{"not_picked":["Gash","Rebound"],"picked":"Chaos","floor":2},{"not_picked":["Chill","Undo"],"picked":"Conserve Battery","floor":5},{"not_picked":["Capacitor","Compile Driver"],"picked":"FTL","floor":7},{"not_picked":["Reprogram","Streamline","Skim"],"picked":"SKIP","floor":11},{"not_picked":["Streamline","Steam"],"picked":"Cold Snap","floor":14},{"not_picked":["Fission","Multi-Cast"],"picked":"Buffer","floor":16},{"not_picked":["Turbo+1","Skim","Beam Cell"],"picked":"SKIP","floor":18},{"not_picked":["Steam","Go for the Eyes","Chaos"],"picked":"SKIP","floor":19}],"player_experience":899705,"relics_obtained":[{"floor":9,"key":"Cables"},{"floor":11,"key":"Pear"},{"floor":17,"key":"Blue Candle"},{"floor":17,"key":"Old Coin"},{"floor":17,"key":"Strawberry"}],"event_choices":[{"event_name":"The Cleric","player_choice":"Card Removal","floor":3,"damage_taken":0}],"boss_relics":[{"not_picked":["Coffee Dripper","Runic Dome"],"picked":"Calling Bell"}],"items_purged_floors":[4],"is_endless":false,"potions_floor_spawned":[2,11,16,19],"killed_by":"3 Cultists","ascension_level":7}