{"gold_per_floor":[110,110,125,125,125,125,159,159,159,192,207,5,40,54,54,153,153,167,167,180,205,228,271,271,311,311,336,286,286,322,84,84,177,177,202,216,216,33,99,99,438,438,463,463,32,53,93,43,43,43],"floor_reached":51,"playtime":4395,"items_purged":["Strike_R","Strike_R","Strike_R"],"score":1512,"play_id":"a7fac8fb-dc54-44c0-be3f-671cbb18dd39","local_time":"20190217184855","is_ascension_mode":true,"campfire_choices":[{"data":"Iron Wave","floor":6,"key":"SMITH"},{"data":"True Grit","floor":15,"key":"SMITH"},{"floor":24,"key":"REST"},{"floor":29,"key":"REST"},{"data":"Body Slam","floor":32,"key":"SMITH"},{"floor":40,"key":"REST"},{"floor":42,"key":"REST"},{"data":"Mayhem","floor":49,"key":"SMITH"}],"neow_cost":"NONE","seed_source_timestamp":178339137418782,"circlet_count":0,"master_deck":["AscendersBane","Strike_R","Defend_R","Defend_R+1","Defend_R+1","Defend_R","Bash","Metallicize","Iron Wave+1","Shrug It Off","Uppercut","Body Slam+1","Mayhem+1","True Grit+1","Impervious","Evolve","RitualDagger","Infernal Blade","Second Wind","Sentinel","Feed","Doubt","Shrug It Off","Reckless Charge","Reaper","Cleave","Madness","Madness","Power Through","Metallicize","Sentinel","Parasite","Infernal Blade","Shrug It Off"],"relics":["Burning Blood","NeowsBlessing","Calipers","Golden Idol","Kunai","Magic Flower","Ginger","Dead Branch","Cursed Key","Sundial","Strawberry","Turnip","Ancient Tea Set","Bronze Scales","Busted Crown","Ice Cream","Old Coin","Anchor","Medical Kit","Boot"],"potions_floor_usage":[10,13,13,16,21,23,30,50],"damage_taken":[{"damage":0,"enemies":"Small Slimes","floor":1,"turns":1},{"damage":0,"enemies":"Jaw Worm","floor":3,"turns":1},{"damage":0,"enemies":"Gremlin Nob","floor":7,"turns":1},{"damage":22,"enemies":"3 Sentries","floor":10,"turns":16},{"damage":1,"enemies":"Cultist","floor":11,"turns":4},{"damage":29,"enemies":"Lagavulin","floor":13,"turns":6},{"damage":5,"enemies":"Blue Slaver","floor":14,"turns":5},{"damage":7,"enemies":"Slime Boss","floor":16,"turns":9},{"damage":2,"enemies":"Shell Parasite","floor":18,"turns":8},{"damage":0,"enemies":"Chosen","floor":20,"turns":4},{"damage":0,"enemies":"Snake Plant","floor":21,"turns":2},{"damage":2,"enemies":"Snecko","floor":22,"turns":4},{"damage":44,"enemies":"Slavers","floor":23,"turns":6},{"damage":25,"enemies":"Gremlin Leader","floor":25,"turns":8},{"damage":28,"enemies":"Shelled Parasite and Fungi","floor":27,"turns":9},{"damage":23,"enemies":"Slavers","floor":30,"turns":8},{"damage":2,"enemies":"Collector","floor":33,"turns":8},{"damage":10,"enemies":"3 Darklings","floor":35,"turns":16},{"damage":2,"enemies":"Orb Walker","floor":36,"turns":4},{"damage":63,"enemies":"2 Orb Walkers","floor":39,"turns":6},{"damage":33,"enemies":"Reptomancer","floor":41,"turns":8},{"damage":12,"enemies":"3 Darklings","floor":46,"turns":4},{"damage":0,"enemies":"Giant Head","floor":47,"turns":6},{"damage":29,"enemies":"Donu and Deca","floor":50,"turns":11}],"seed_played":"-579346036120043671","potions_obtained":[{"floor":1,"key":"FearPotion"},{"floor":7,"key":"Regen Potion"},{"floor":10,"key":"Energy Potion"},{"floor":14,"key":"SpeedPotion"},{"floor":18,"key":"Fire Potion"},{"floor":22,"key":"LiquidBronze"},{"floor":25,"key":"Poison Potion"},{"floor":27,"key":"Block Potion"},{"floor":41,"key":"Block Potion"},{"floor":46,"key":"SpeedPotion"}],"is_trial":false,"path_per_floor":["M","?","M","T","?","R","E","?","T","E","M","$","E","M","R","B",null,"M","?","M","M","M","E","R","E","T","M","?","R","E","$","R","B",null,"M","M","?","$","?","R","E","R","T","?","$","M","E","?","R","B",null],"character_chosen":"IRONCLAD","items_purchased":["Mayhem","Bronze Scales","Power Through","Medical Kit","Infernal Blade"],"campfire_rested":4,"item_purchase_floors":[12,31,38,45,45],"current_hp_per_floor":[74,74,75,75,49,49,55,55,55,64,72,72,52,56,56,58,71,75,69,75,75,75,40,62,53,53,39,39,64,50,50,50,57,78,85,85,70,70,22,47,41,66,66,66,66,81,85,85,85,83],"gold":43,"neow_bonus":"THREE_ENEMY_KILL","is_prod":false,"is_daily":false,"chose_seed":false,"campfire_upgraded":4,"win_rate":0,"timestamp":1550454535,"path_taken":["M","?","M","?","?","R","E","?","T","E","?","$","E","M","R","BOSS","M","?","M","M","M","E","R","E","T","M","?","R","E","$","R","BOSS","M","M","?","$","?","R","E","R","T","?","$","?","E","?","R","BOSS"],"build_version":"2019-01-23","purchased_purges":3,"victory":true,"max_hp_per_floor":[75,75,75,75,75,75,75,75,75,75,75,75,75,75,75,75,75,75,75,75,75,75,75,75,82,82,85,85,85,85,85,85,85,85,85,85,85,85,85,85,85,85,85,85,85,85,85,85,85,85],"card_choices":[{"not_picked":["Intimidate","Thunderclap"],"picked":"Metallicize","floor":1},{"not_picked":["Ghostly Armor","Flex"],"picked":"Iron Wave","floor":3},{"not_picked":["Clash","Reckless Charge"],"picked":"Shrug It Off","floor":7},{"not_picked":["Perfected Strike","Rupture"],"picked":"Uppercut","floor":10},{"not_picked":["Iron Wave","Shrug It Off"],"picked":"Body Slam","floor":11},{"not_picked":["Exhume","Sword Boomerang","Battle Trance"],"picked":"SKIP","floor":13},{"not_picked":["Hemokinesis","Sword Boomerang"],"picked":"True Grit","floor":14},{"not_picked":["Immolate","Berserk"],"picked":"Impervious","floor":16},{"not_picked":["Flame Barrier","Uppercut"],"picked":"Evolve","floor":18},{"not_picked":["Shrug It Off","Perfected Strike+1"],"picked":"Infernal Blade","floor":20},{"not_picked":["Entrench","Havoc"],"picked":"Second Wind","floor":21},{"not_picked":["Intimidate","Bloodletting+1"],"picked":"Sentinel","floor":22},{"not_picked":["Searing Blow+1","Heavy Blade"],"picked":"Feed","floor":23},{"not_picked":["Havoc","Headbutt","True Grit"],"picked":"SKIP","floor":25},{"not_picked":["Heavy Blade","True Grit"],"picked":"Shrug It Off","floor":27},{"not_picked":["Twin Strike","Sword Boomerang"],"picked":"Reckless Charge","floor":30},{"not_picked":["Fiend Fire","Berserk"],"picked":"Reaper","floor":33},{"not_picked":["Hemokinesis+1"],"picked":"SKIP","floor":35},{"not_picked":[],"picked":"Cleave","floor":36},{"not_picked":[],"picked":"Metallicize","floor":39},{"not_picked":[],"picked":"Sentinel","floor":41},{"not_picked":[],"picked":"Shrug It Off","floor":46},{"not_picked":["Uppercut+1"],"picked":"SKIP","floor":47}],"player_experience":1142993,"relics_obtained":[{"floor":4,"key":"Calipers"},{"floor":7,"key":"Kunai"},{"floor":9,"key":"Magic Flower"},{"floor":10,"key":"Ginger"},{"floor":13,"key":"Dead Branch"},{"floor":23,"key":"Sundial"},{"floor":25,"key":"Strawberry"},{"floor":26,"key":"Turnip"},{"floor":30,"key":"Ancient Tea Set"},{"floor":39,"key":"Ice Cream"},{"floor":41,"key":"Old Coin"},{"floor":43,"key":"Anchor"},{"floor":47,"key":"Boot"}],"event_choices":[{"cards_removed":["Strike_R"],"damage_healed":0,"gold_gain":0,"player_choice":"Forget","damage_taken":0,"max_hp_gain":0,"max_hp_loss":0,"event_name":"Living Wall","floor":2,"gold_loss":0},{"damage_healed":0,"gold_gain":0,"player_choice":"Take Damage","damage_taken":26,"relics_obtained":["Golden Idol"],"max_hp_gain":0,"max_hp_loss":0,"event_name":"Golden Idol","floor":5,"gold_loss":0},{"damage_healed":0,"gold_gain":0,"player_choice":"0 cards matched","damage_taken":0,"max_hp_gain":0,"max_hp_loss":0,"event_name":"Match and Keep!","floor":8,"gold_loss":0,"cards_obtained":[]},{"damage_healed":0,"gold_gain":0,"player_choice":"Joined the Cult","damage_taken":6,"max_hp_gain":0,"max_hp_loss":0,"event_name":"Nest","floor":19,"gold_loss":0,"cards_obtained":["RitualDagger"]},{"damage_healed":0,"gold_gain":0,"player_choice":"Bet on Owner","damage_taken":0,"max_hp_gain":0,"max_hp_loss":0,"event_name":"The Joust","floor":28,"gold_loss":50},{"damage_healed":0,"gold_gain":0,"player_choice":"Embrace Madness","damage_taken":15,"max_hp_gain":0,"max_hp_loss":0,"event_name":"Winding Halls","floor":37,"gold_loss":0,"cards_obtained":["Madness","Madness"]},{"damage_healed":0,"gold_gain":0,"player_choice":"Fight","damage_taken":0,"max_hp_gain":0,"max_hp_loss":0,"event_name":"Mysterious Sphere","floor":39,"gold_loss":0},{"damage_healed":0,"gold_gain":0,"player_choice":"Ignored","damage_taken":0,"max_hp_gain":0,"max_hp_loss":0,"event_name":"Tomb of Lord Red Mask","floor":44,"gold_loss":0},{"damage_healed":0,"gold_gain":0,"player_choice":"Upgraded Two","damage_taken":0,"max_hp_gain":0,"max_hp_loss":0,"event_name":"Designer","floor":48,"gold_loss":50,"cards_upgraded":["Defend_R","Defend_R"]}],"is_beta":false,"boss_relics":[{"not_picked":["Coffee Dripper","Velvet Choker"],"picked":"Cursed Key"},{"not_picked":["Runic Dome","Lizard Tail"],"picked":"Busted Crown"}],"items_purged_floors":[31,38,45],"is_endless":false,"potions_floor_spawned":[1,7,10,14,18,22,25,27,41,46],"ascension_level":17}