{"gold_per_floor":[112,131,131,131,131,131,56,81,81,93,148,160,215,227,239,251],"floor_reached":16,"playtime":775,"items_purged":["Regret"],"score":201,"play_id":"dde08792-31e2-4199-a0d1-5943d2649ece","local_time":"20190218210410","is_ascension_mode":true,"campfire_choices":[{"data":"Armaments","floor":6,"key":"SMITH"},{"data":"Flame Barrier","floor":10,"key":"SMITH"},{"floor":12,"key":"REST"},{"floor":15,"key":"REST"}],"neow_cost":"TEN_PERCENT_HP_LOSS","seed_source_timestamp":276494783898764,"circlet_count":0,"master_deck":["AscendersBane","Strike_R","Strike_R","Strike_R","Defend_R","Defend_R","Defend_R","Defend_R","Armaments+1","Pommel Strike","Flame Barrier+1","Evolve"],"relics":["Burning Blood","Golden Idol","Orichalcum","Juzu Bracelet","MawBank","Regal Pillow","Dodecahedron"],"potions_floor_usage":[11,11],"damage_taken":[{"damage":11,"enemies":"Small Slimes","floor":1,"turns":6},{"damage":0,"enemies":"2 Louse","floor":2,"turns":5},{"damage":1,"enemies":"Cultist","floor":8,"turns":3},{"damage":50,"enemies":"Gremlin Nob","floor":11,"turns":5},{"damage":14,"enemies":"3 Sentries","floor":13,"turns":12},{"damage":62,"enemies":"Hexaghost","floor":16,"turns":11}],"seed_played":"8186384802556580008","potions_obtained":[{"floor":2,"key":"SkillPotion"},{"floor":8,"key":"SpeedPotion"}],"is_trial":false,"path_per_floor":["M","M","?","?","?","R","$","M","T","R","E","R","E","?","R","B"],"character_chosen":"IRONCLAD","items_purchased":[],"campfire_rested":2,"item_purchase_floors":[],"current_hp_per_floor":[63,68,62,62,51,51,51,56,56,56,12,45,37,37,62,0],"gold":251,"neow_bonus":"REMOVE_TWO","is_prod":false,"is_daily":false,"chose_seed":false,"campfire_upgraded":2,"win_rate":0,"timestamp":1550549050,"path_taken":["M","M","?","?","?","R","$","M","T","R","E","R","E","?","R","BOSS"],"build_version":"2019-01-23","purchased_purges":1,"victory":false,"max_hp_per_floor":[68,68,62,62,62,62,62,62,62,62,62,62,62,62,62,62],"card_choices":[{"not_picked":["Heavy Blade","Sentinel"],"picked":"Armaments","floor":1},{"not_picked":["Heavy Blade","Rupture"],"picked":"Pommel Strike","floor":2},{"not_picked":["Evolve","Perfected Strike"],"picked":"Flame Barrier","floor":8},{"not_picked":["Twin Strike","Infernal Blade","Wild Strike"],"picked":"SKIP","floor":11},{"not_picked":["Infernal Blade","Dark Embrace"],"picked":"Evolve","floor":13}],"player_experience":1167592,"relics_obtained":[{"floor":9,"key":"MawBank"},{"floor":11,"key":"Regal Pillow"},{"floor":13,"key":"Dodecahedron"}],"event_choices":[{"damage_healed":0,"gold_gain":0,"player_choice":"Lose Max HP","damage_taken":0,"relics_obtained":["Golden Idol"],"max_hp_gain":0,"max_hp_loss":6,"event_name":"Golden Idol","floor":3,"gold_loss":0},{"damage_healed":0,"gold_gain":0,"player_choice":"Box","damage_taken":0,"relics_obtained":["Orichalcum"],"max_hp_gain":0,"max_hp_loss":0,"event_name":"Big Fish","floor":4,"gold_loss":0,"cards_obtained":["Regret"]},{"damage_healed":0,"gold_gain":0,"player_choice":"Success","damage_taken":11,"relics_obtained":["Juzu Bracelet"],"max_hp_gain":0,"max_hp_loss":0,"event_name":"Scrap Ooze","floor":5,"gold_loss":0},{"cards_removed":["Strike_R"],"damage_healed":0,"gold_gain":0,"player_choice":"Forget","damage_taken":0,"max_hp_gain":0,"max_hp_loss":0,"event_name":"Living Wall","floor":14,"gold_loss":0}],"is_beta":false,"boss_relics":[],"items_purged_floors":[7],"is_endless":false,"potions_floor_spawned":[2,8],"killed_by":"Hexaghost","ascension_level":18}