{"gold_per_floor":[116,129,146,146,160,160,173,189,189,209,209,223,223],"floor_reached":13,"playtime":651,"items_purged":[],"score":150,"play_id":"d18438cb-d3f4-44e5-a82c-4c270c4bfa35","local_time":"20190210014614","is_ascension_mode":true,"campfire_choices":[{"data":"Loop","floor":6,"key":"SMITH"},{"floor":11,"key":"REST"}],"neow_cost":"NONE","seed_source_timestamp":1926353183851362,"circlet_count":0,"master_deck":["AscendersBane","Strike_B","Strike_B","Defend_B","Defend_B","Defend_B","Defend_B","Zap","Dualcast","Go for the Eyes","Gash","Loop+1","BootSequence","Sweeping Beam","Buffer","Melter"],"relics":["Cracked Core","Sundial"],"potions_floor_usage":[7,13],"damage_taken":[{"damage":1,"enemies":"Cultist","floor":1,"turns":3},{"damage":2,"enemies":"2 Louse","floor":2,"turns":2},{"damage":1,"enemies":"Small Slimes","floor":3,"turns":4},{"damage":7,"enemies":"2 Fungi Beasts","floor":5,"turns":4},{"damage":10,"enemies":"3 Louse","floor":7,"turns":2},{"damage":15,"enemies":"Large Slime","floor":8,"turns":4},{"damage":12,"enemies":"2 Fungi Beasts","floor":10,"turns":4},{"damage":8,"enemies":"Exordium Wildlife","floor":12,"turns":3},{"damage":30,"enemies":"3 Sentries","floor":13,"turns":4}],"seed_played":"711901921103675949","potions_obtained":[{"floor":2,"key":"Explosive Potion"},{"floor":3,"key":"Poison Potion"},{"floor":5,"key":"Strength Potion"},{"floor":12,"key":"Ancient Potion"}],"is_trial":false,"path_per_floor":["M","M","M","?","M","R","M","M","T","M","R","M","E"],"character_chosen":"DEFECT","items_purchased":[],"campfire_rested":1,"item_purchase_floors":[],"current_hp_per_floor":[63,61,60,60,53,53,43,28,28,16,37,29,0],"gold":223,"neow_bonus":"REMOVE_CARD","is_prod":false,"is_daily":false,"chose_seed":false,"campfire_upgraded":1,"win_rate":0,"timestamp":1549788374,"path_taken":["M","M","?","?","M","R","M","M","T","M","R","M","E"],"build_version":"2019-01-23","purchased_purges":0,"victory":false,"max_hp_per_floor":[71,71,71,71,71,71,71,71,71,71,71,71,71],"card_choices":[{"not_picked":["Leap","Steam"],"picked":"Go for the Eyes","floor":1},{"not_picked":["Coolheaded","Rebound"],"picked":"Gash","floor":2},{"not_picked":["Darkness","Turbo"],"picked":"Loop","floor":3},{"not_picked":["Compile Driver","Leap","Barrage"],"picked":"SKIP","floor":5},{"not_picked":["Double Energy","Redo"],"picked":"BootSequence","floor":7},{"not_picked":["Stack","Lockon"],"picked":"Sweeping Beam","floor":8},{"not_picked":["Conserve Battery","Compile Driver"],"picked":"Buffer","floor":10},{"not_picked":["Rebound","Go for the Eyes"],"picked":"Melter","floor":12}],"player_experience":1047643,"relics_obtained":[{"floor":9,"key":"Sundial"}],"event_choices":[{"cards_removed":["Strike_B"],"damage_healed":0,"gold_gain":0,"player_choice":"Forget","damage_taken":0,"max_hp_gain":0,"max_hp_loss":0,"event_name":"Living Wall","floor":4,"gold_loss":0}],"is_beta":false,"boss_relics":[],"items_purged_floors":[],"is_endless":false,"potions_floor_spawned":[2,3,5,12],"killed_by":"3 Sentries","ascension_level":17}