{"gold_per_floor":[112,126,126,142,67,96,113,113,113,113,159,179,179,214,214,291,291,269,284,284,284,299,299,249,278,278,307,307,307],"floor_reached":29,"playtime":1836,"items_purged":["Strike_R"],"score":528,"play_id":"bd17313e-9c2b-42a9-84f2-e1499758812f","local_time":"20190301011835","is_ascension_mode":true,"campfire_choices":[{"floor":8,"key":"REST"},{"floor":10,"key":"REST"},{"data":"Flame Barrier","floor":13,"key":"SMITH"},{"data":"True Grit","floor":15,"key":"SMITH"},{"floor":23,"key":"REST"},{"floor":28,"key":"REST"}],"neow_cost":"PERCENT_DAMAGE","seed_source_timestamp":541559943246091,"circlet_count":0,"master_deck":["AscendersBane","Strike_R+1","Strike_R","Defend_R","Defend_R","Defend_R","Defend_R","Bash+1","Wild Strike","Battle Trance","Iron Wave","Sentinel","Inflame","Body Slam+1","Inflame","Flame Barrier+1","True Grit+1","Barricade","Disarm+1","Metallicize","Writhe","Reaper","Inflame+1"],"relics":["Burning Blood","Bottled Flame","Centennial Puzzle","Pear","Sozu","Toxic Egg 2","Nloth\u0027s Gift","Bag of Preparation","Sundial","Kunai"],"potions_floor_usage":[6,16,16],"damage_taken":[{"damage":4,"enemies":"2 Louse","floor":1,"turns":4},{"damage":6,"enemies":"Cultist","floor":2,"turns":3},{"damage":4,"enemies":"Jaw Worm","floor":4,"turns":3},{"damage":52,"enemies":"Lagavulin","floor":6,"turns":6},{"damage":11,"enemies":"Red Slaver","floor":7,"turns":4},{"damage":7,"enemies":"Exordium Wildlife","floor":12,"turns":4},{"damage":15,"enemies":"3 Sentries","floor":14,"turns":10},{"damage":42,"enemies":"Slime Boss","floor":16,"turns":11},{"damage":13,"enemies":"2 Thieves","floor":18,"turns":4},{"damage":21,"enemies":"Shell Parasite","floor":19,"turns":6},{"damage":20,"enemies":"Centurion and Healer","floor":22,"turns":10},{"damage":27,"enemies":"Book of Stabbing","floor":25,"turns":8},{"damage":42,"enemies":"Slavers","floor":27,"turns":9},{"damage":63,"enemies":"Gremlin Leader","floor":29,"turns":7}],"seed_played":"1963119817116847991","potions_obtained":[{"floor":2,"key":"Regen Potion"},{"floor":6,"key":"Explosive Potion"},{"floor":7,"key":"EssenceOfSteel"}],"is_trial":false,"path_per_floor":["M","M","?","M","$","E","M","R","T","R","T","M","R","E","R","B",null,"M","M","?","?","M","R","?","E","T","E","R","E"],"character_chosen":"IRONCLAD","items_purchased":[],"campfire_rested":4,"item_purchase_floors":[],"current_hp_per_floor":[52,52,48,50,50,19,14,36,36,58,58,57,57,58,58,22,69,62,47,47,47,33,58,58,37,37,19,44,0],"gold":307,"neow_bonus":"TRANSFORM_TWO_CARDS","is_prod":false,"is_daily":false,"chose_seed":false,"campfire_upgraded":2,"win_rate":0,"timestamp":1551428315,"path_taken":["M","M","?","M","$","E","?","R","T","R","?","M","R","E","R","BOSS","M","M","?","?","?","R","?","E","T","E","R","E"],"build_version":"2019-01-23","purchased_purges":1,"victory":false,"max_hp_per_floor":[75,75,75,75,75,75,75,75,75,75,75,75,75,85,85,85,85,85,85,85,85,85,85,85,85,85,85,85,85],"card_choices":[{"not_picked":["Havoc","Wild Strike"],"picked":"Iron Wave","floor":1},{"not_picked":["Wild Strike","Rupture"],"picked":"Sentinel","floor":2},{"not_picked":["Pummel","Twin Strike"],"picked":"Inflame","floor":4},{"not_picked":["Headbutt","Dropkick"],"picked":"Body Slam","floor":6},{"not_picked":["Heavy Blade","Pummel"],"picked":"Inflame","floor":7},{"not_picked":["Pommel Strike","Intimidate"],"picked":"Flame Barrier","floor":12},{"not_picked":["Iron Wave","Dark Embrace"],"picked":"True Grit","floor":14},{"not_picked":["Impervious","Dark Embrace"],"picked":"Barricade","floor":16},{"not_picked":["Power Through","Clash"],"picked":"Disarm","floor":18},{"not_picked":["Thunderclap","Uppercut"],"picked":"Metallicize","floor":19},{"not_picked":["Anger","Wild Strike","Havoc+1"],"picked":"SKIP","floor":22},{"not_picked":["True Grit+1","Clothesline"],"picked":"Reaper","floor":25},{"not_picked":["Havoc+1","Clothesline+1"],"picked":"Inflame+1","floor":27}],"player_experience":1298446,"relics_obtained":[{"floor":6,"key":"Whetstone"},{"floor":9,"key":"Bottled Flame"},{"floor":11,"key":"Centennial Puzzle"},{"floor":14,"key":"Pear"},{"floor":25,"key":"Bag of Preparation"},{"floor":26,"key":"Sundial"},{"floor":27,"key":"Kunai"}],"event_choices":[{"damage_healed":0,"gold_gain":0,"player_choice":"Bought 0 Potions","damage_taken":0,"max_hp_gain":0,"max_hp_loss":0,"event_name":"The Woman in Blue","floor":3,"gold_loss":0},{"damage_healed":0,"gold_gain":0,"player_choice":"Opened","damage_taken":0,"relics_obtained":["Toxic Egg 2"],"max_hp_gain":0,"max_hp_loss":0,"event_name":"The Mausoleum","floor":20,"gold_loss":0,"cards_obtained":["Writhe"]},{"damage_healed":0,"gold_gain":0,"player_choice":"Traded Relic","damage_taken":0,"relics_obtained":["Nloth\u0027s Gift"],"max_hp_gain":0,"max_hp_loss":0,"event_name":"N\u0027loth","floor":21,"relics_lost":["Whetstone"],"gold_loss":0},{"damage_healed":0,"gold_gain":0,"player_choice":"Upgraded Two","damage_taken":0,"max_hp_gain":0,"max_hp_loss":0,"event_name":"Designer","floor":24,"gold_loss":50,"cards_upgraded":["Strike_R","Disarm"]}],"is_beta":false,"boss_relics":[{"not_picked":["Coffee Dripper","Philosopher\u0027s Stone"],"picked":"Sozu"}],"items_purged_floors":[5],"is_endless":false,"potions_floor_spawned":[2,6,7,12,14,19,22,25],"killed_by":"Gremlin Leader","ascension_level":19}