{"gold_per_floor":[112,123,123,37,56,56,56,69,69,15,15,32,43,75,75,173,173,193,268,4,17,17,17,46,46,72,90,107,32,52,52,52,52],"floor_reached":33,"playtime":2622,"items_purged":["Strike_B+1"],"score":269,"play_id":"e871e8ec-9cdf-44bf-8047-11fc92c6691b","local_time":"20181124165017","is_ascension_mode":false,"campfire_choices":[{"data":"Barrage","floor":6,"key":"SMITH"},{"floor":15,"key":"REST"},{"floor":23,"key":"REST"},{"floor":25,"key":"REST"},{"floor":32,"key":"REST"}],"neow_cost":"NONE","seed_source_timestamp":704567712857756,"circlet_count":0,"master_deck":["Strike_B","Strike_B","Defend_B","Defend_B","Defend_B+1","Zap","Dualcast","Barrage+1","White Noise","Redo","Lockon","Conserve Battery","Capacitor+1","Coolheaded","Coolheaded","Undo","Redo","Electrodynamics","Conserve Battery","Rebound","Barrage","Glacier","Fusion+1","Rebound","Conserve Battery+1"],"relics":["Cracked Core","Letter Opener","Bottled Flame","Philosopher\u0027s Stone","Bottled Tornado","Boot","Juzu Bracelet"],"potions_floor_usage":[14,16,24,24,31,33],"damage_taken":[{"damage":1,"enemies":"Jaw Worm","floor":1,"turns":3},{"damage":2,"enemies":"2 Louse","floor":2,"turns":2},{"damage":1,"enemies":"Cultist","floor":5,"turns":3},{"damage":11,"enemies":"Exordium Thugs","floor":8,"turns":4},{"damage":7,"enemies":"Blue Slaver","floor":12,"turns":4},{"damage":2,"enemies":"Red Slaver","floor":13,"turns":2},{"damage":6,"enemies":"Lagavulin","floor":14,"turns":4},{"damage":33,"enemies":"The Guardian","floor":16,"turns":9},{"damage":24,"enemies":"2 Thieves","floor":18,"turns":3},{"damage":14,"enemies":"Shell Parasite","floor":21,"turns":3},{"damage":18,"enemies":"Slavers","floor":24,"turns":3},{"damage":19,"enemies":"Centurion and Healer","floor":27,"turns":4},{"damage":12,"enemies":"Cultist and Chosen","floor":28,"turns":4},{"damage":17,"enemies":"Sentry and Sphere","floor":30,"turns":4},{"damage":0,"enemies":"Snake Plant","floor":31,"turns":2},{"damage":54,"enemies":"Champ","floor":33,"turns":9}],"seed_played":"-2223573835853049572","potions_obtained":[{"floor":1,"key":"Poison Potion"},{"floor":5,"key":"Explosive Potion"},{"floor":14,"key":"PowerPotion"},{"floor":16,"key":"Block Potion"},{"floor":28,"key":"SmokeBomb"},{"floor":30,"key":"SkillPotion"}],"is_trial":false,"path_per_floor":["M","M","?","$","M","R","?","M","T","$","?","M","M","E","R","B",null,"M","?","$","M","$","R","E","R","T","M","M","$","M","M","R","B"],"character_chosen":"DEFECT","items_purchased":["Redo","Lockon","Coolheaded","Bottled Tornado","Rebound"],"campfire_rested":4,"item_purchase_floors":[4,4,10,20,20],"current_hp_per_floor":[74,72,65,65,64,64,49,38,38,38,38,31,29,23,45,12,75,51,44,44,30,30,52,34,56,56,37,25,25,8,8,30,0],"gold":52,"neow_bonus":"REMOVE_CARD","is_prod":false,"is_daily":false,"chose_seed":false,"campfire_upgraded":1,"win_rate":0.0,"timestamp":1543092617,"path_taken":["M","M","?","$","M","R","?","M","T","$","?","M","M","E","R","BOSS","M","?","$","M","?","R","E","R","T","M","M","$","M","M","R","BOSS"],"build_version":"2018-11-15","purchased_purges":1,"victory":false,"max_hp_per_floor":[75,75,75,75,75,75,75,75,75,75,75,75,75,75,75,75,75,75,75,75,75,75,75,75,75,75,75,75,75,75,75,75,75],"card_choices":[{"not_picked":["Sweeping Beam","Hologram"],"picked":"Barrage","floor":1},{"not_picked":["Rebound","Melter"],"picked":"White Noise","floor":2},{"not_picked":["Heatsinks","Redo"],"picked":"Conserve Battery","floor":5},{"not_picked":["Aggregate","Heatsinks"],"picked":"Capacitor","floor":8},{"not_picked":["Barrage","Gash"],"picked":"Coolheaded","floor":12},{"not_picked":["Leap","Hologram"],"picked":"Undo","floor":13},{"not_picked":["All For One","BootSequence"],"picked":"Redo","floor":14},{"not_picked":["Thunder Strike","Amplify"],"picked":"Electrodynamics","floor":16},{"not_picked":["Go for the Eyes+1","Self Repair+1"],"picked":"Conserve Battery","floor":18},{"not_picked":["Sweeping Beam","Skim"],"picked":"Barrage","floor":21},{"not_picked":["Self Repair+1","Aggregate+1"],"picked":"Glacier","floor":24},{"not_picked":["Reprogram+1","BootSequence"],"picked":"Fusion+1","floor":27},{"not_picked":["Cold Snap","Beam Cell"],"picked":"Rebound","floor":28},{"not_picked":["Rip and Tear","Fusion+1"],"picked":"Conserve Battery+1","floor":30}],"player_experience":25625,"relics_obtained":[{"floor":9,"key":"Letter Opener"},{"floor":14,"key":"Bottled Flame"},{"floor":24,"key":"Boot"},{"floor":26,"key":"Juzu Bracelet"}],"event_choices":[{"cards_removed":["Strike_B"],"damage_healed":0,"gold_gain":0,"player_choice":"Card Removal","damage_taken":7,"max_hp_gain":0,"max_hp_loss":0,"event_name":"Golden Wing","floor":3,"gold_loss":0},{"damage_healed":0,"gold_gain":0,"player_choice":"Entered Light","damage_taken":15,"max_hp_gain":0,"max_hp_loss":0,"event_name":"Shining Light","floor":7,"gold_loss":0,"cards_upgraded":["Strike_B","Defend_B"]},{"damage_healed":0,"gold_gain":0,"player_choice":"Upgraded","damage_taken":0,"max_hp_gain":0,"max_hp_loss":0,"event_name":"Upgrade Shrine","floor":11,"gold_loss":0,"cards_upgraded":["Capacitor"]},{"damage_healed":0,"gold_gain":75,"player_choice":"Touch","damage_taken":7,"max_hp_gain":0,"max_hp_loss":0,"event_name":"FaceTrader","floor":19,"gold_loss":0}],"is_beta":false,"boss_relics":[{"not_picked":["Runic Dome","FrozenCore"],"picked":"Philosopher\u0027s Stone"}],"items_purged_floors":[29],"is_endless":false,"potions_floor_spawned":[1,5,14,16,28,30],"killed_by":"Champ","ascension_level":0}