{"gold_per_floor":[112,112,112,122,122,122,47,80,80,114,114,126,153,171,171,250,250,250,250,27,27,27,27,27,27,27,27,27,27,27,27,27,27],"floor_reached":33,"playtime":1838,"items_purged":["Strike_R"],"score":616,"play_id":"abf8849a-baff-40bd-bd6e-1c0dd775bbc3","local_time":"20190302172504","is_ascension_mode":true,"campfire_choices":[{"data":"Armaments","floor":6,"key":"SMITH"},{"data":"Dual Wield","floor":11,"key":"SMITH"},{"data":"Bash","floor":15,"key":"SMITH"},{"floor":23,"key":"REST"},{"data":"Transmutation","floor":25,"key":"SMITH"},{"floor":27,"key":"REST"},{"floor":30,"key":"REST"},{"data":"Feel No Pain","floor":32,"key":"SMITH"}],"neow_cost":"NONE","seed_source_timestamp":86280043865733,"circlet_count":0,"master_deck":["AscendersBane","Strike_R+1","Strike_R","Strike_R+1","Defend_R","Defend_R","Defend_R","Bash+1","Armaments+1","Clash","Dual Wield+1","Clash","Headbutt","Fiend Fire","Feel No Pain+1","True Grit+1","Transmutation+1","Flex","Pommel Strike","Anger","Flex","Sentinel+1","Regret"],"relics":["Burning Blood","NeowsBlessing","Meat on the Bone","Bag of Preparation","Oddly Smooth Stone","Shuriken","Du-Vu Doll","Ectoplasm","Dodecahedron","Old Coin"],"potions_floor_usage":[10,19,22,33,33,33],"damage_taken":[{"damage":0,"enemies":"2 Louse","floor":1,"turns":1},{"damage":0,"enemies":"Jaw Worm","floor":4,"turns":1},{"damage":0,"enemies":"3 Sentries","floor":8,"turns":2},{"damage":5,"enemies":"Lagavulin","floor":10,"turns":6},{"damage":0,"enemies":"Cultist","floor":12,"turns":3},{"damage":38,"enemies":"3 Sentries","floor":13,"turns":14},{"damage":1,"enemies":"Blue Slaver","floor":14,"turns":3},{"damage":12,"enemies":"Hexaghost","floor":16,"turns":7},{"damage":17,"enemies":"Shell Parasite","floor":18,"turns":4},{"damage":18,"enemies":"Spheric Guardian","floor":19,"turns":4},{"damage":12,"enemies":"Snecko","floor":22,"turns":5},{"damage":17,"enemies":"Centurion and Healer","floor":24,"turns":5},{"damage":0,"enemies":"Snake Plant","floor":28,"turns":1},{"damage":49,"enemies":"Slavers","floor":29,"turns":3},{"damage":70,"enemies":"Automaton","floor":33,"turns":8}],"seed_played":"253054787617721550","potions_obtained":[{"floor":1,"key":"PowerPotion"},{"floor":4,"key":"FairyPotion"},{"floor":18,"key":"BloodPotion"},{"floor":19,"key":"Ancient Potion"},{"floor":22,"key":"EntropicBrew"},{"floor":28,"key":"Fire Potion"}],"is_trial":false,"path_per_floor":["M","?","T","M","?","R","$","E","T","E","R","M","E","M","R","B",null,"M","M","$","?","M","R","M","R","T","R","M","E","R","?","R","B"],"character_chosen":"IRONCLAD","items_purchased":["Transmutation","Flex"],"campfire_rested":3,"item_purchase_floors":[20,20],"current_hp_per_floor":[74,74,74,75,52,52,52,58,58,59,59,65,45,50,50,44,67,56,51,51,51,45,67,56,56,56,75,75,44,66,66,66,0],"gold":27,"neow_bonus":"THREE_ENEMY_KILL","is_prod":false,"is_daily":false,"chose_seed":false,"campfire_upgraded":5,"win_rate":0,"timestamp":1551572704,"path_taken":["M","?","?","M","?","R","$","E","T","E","R","?","E","M","R","BOSS","M","M","$","?","M","R","M","R","T","R","?","E","R","?","R","BOSS"],"build_version":"2019-01-23","purchased_purges":1,"victory":false,"max_hp_per_floor":[75,75,75,75,75,75,75,75,75,75,75,75,75,75,75,75,75,75,75,75,75,75,75,75,75,75,75,75,75,75,75,75,75],"card_choices":[{"not_picked":["Sentinel","Sword Boomerang"],"picked":"Armaments","floor":1},{"not_picked":["Heavy Blade","Clothesline"],"picked":"Clash","floor":4},{"not_picked":["Offering","Seeing Red"],"picked":"Dual Wield","floor":8},{"not_picked":["Wild Strike","Iron Wave"],"picked":"Clash","floor":10},{"not_picked":["Twin Strike","Wild Strike","Reckless Charge"],"picked":"SKIP","floor":12},{"not_picked":["Armaments","Clothesline","Perfected Strike"],"picked":"SKIP","floor":13},{"not_picked":["Pommel Strike","Wild Strike"],"picked":"Headbutt","floor":14},{"not_picked":["Dark Embrace","Offering"],"picked":"Fiend Fire","floor":16},{"not_picked":["Entrench","Havoc"],"picked":"Feel No Pain","floor":18},{"not_picked":["Dropkick","Seeing Red"],"picked":"True Grit+1","floor":19},{"not_picked":["Sword Boomerang","Sever Soul"],"picked":"Pommel Strike","floor":22},{"not_picked":["Flex","Warcry"],"picked":"Anger","floor":24},{"not_picked":["Dropkick","Whirlwind"],"picked":"Flex","floor":28},{"not_picked":["Sword Boomerang","Double Tap"],"picked":"Sentinel+1","floor":29}],"player_experience":1324519,"relics_obtained":[{"floor":3,"key":"Meat on the Bone"},{"floor":8,"key":"Bag of Preparation"},{"floor":9,"key":"Oddly Smooth Stone"},{"floor":10,"key":"Shuriken"},{"floor":13,"key":"Du-Vu Doll"},{"floor":26,"key":"Dodecahedron"},{"floor":29,"key":"Old Coin"}],"event_choices":[{"cards_removed":["Strike_R"],"damage_healed":0,"gold_gain":0,"player_choice":"Forget","damage_taken":0,"max_hp_gain":0,"max_hp_loss":0,"event_name":"Living Wall","floor":2,"gold_loss":0},{"damage_healed":0,"gold_gain":0,"player_choice":"Entered Light","damage_taken":23,"max_hp_gain":0,"max_hp_loss":0,"event_name":"Shining Light","floor":5,"gold_loss":0,"cards_upgraded":["Strike_R","Strike_R"]},{"cards_removed":["Defend_R"],"damage_healed":0,"gold_gain":0,"player_choice":"Offered Basic","damage_taken":0,"max_hp_gain":0,"max_hp_loss":0,"event_name":"Bonfire Elementals","floor":21,"gold_loss":0},{"damage_healed":0,"gold_gain":275,"player_choice":"Desecrate","damage_taken":0,"max_hp_gain":0,"max_hp_loss":0,"event_name":"Golden Shrine","floor":31,"gold_loss":0,"cards_obtained":["Regret"]}],"is_beta":false,"boss_relics":[{"not_picked":["Black Blood","Black Star"],"picked":"Ectoplasm"}],"items_purged_floors":[7],"is_endless":false,"potions_floor_spawned":[1,4,18,19,22,28],"killed_by":"Automaton","ascension_level":20}