{"gold_per_floor":[116,116,191,201,49,75,75,101,101,101,115,144,144,158,158,263,263,278,292,310,323,323,323,351,361,361,361,361,391,406,419,419,524,524,540,193,213,62,79,79,98,98,122,18,28,28,28,38,38,38],"floor_reached":51,"playtime":3457,"items_purged":["Strike_B","Strike_B"],"score":1110,"play_id":"9a061070-20c8-4071-9884-453dd9b2276e","local_time":"20190202222208","is_ascension_mode":true,"campfire_choices":[{"data":"Consume","floor":7,"key":"SMITH"},{"floor":10,"key":"REST"},{"data":"Static Discharge","floor":13,"key":"SMITH"},{"floor":15,"key":"REST"},{"data":"Loop","floor":23,"key":"SMITH"},{"floor":27,"key":"REST"},{"floor":32,"key":"REST"},{"data":"Creative AI","floor":40,"key":"SMITH"},{"data":"Barrage","floor":42,"key":"SMITH"},{"data":"Thunder Strike","floor":47,"key":"SMITH"},{"data":"Capacitor","floor":49,"key":"SMITH"}],"neow_cost":"NONE","seed_source_timestamp":1306467772187756,"circlet_count":0,"master_deck":["AscendersBane","Strike_B","Strike_B","Defend_B","Defend_B","Defend_B","Defend_B","Zap+1","Dualcast","Streamline","Coolheaded","Static Discharge+1","Consume+1","Cold Snap","Go for the Eyes","Loop+1","BootSequence","Electrodynamics","Sunder","Beam Cell","Self Repair","Capacitor+1","Thunder Strike+1","Recycle+1","Jack Of All Trades","Machine Learning","Barrage+1","Self Repair","Creative AI+1","Capacitor+1","Storm+1","Glacier","Stack","Self Repair","FTL"],"relics":["Cracked Core","Meat on the Bone","Blood Vial","Pantograph","Darkstone Periapt","Runic Dome","Art of War","Incense Burner","Bag of Preparation","Coffee Dripper","Singing Bowl","Lantern","Centennial Puzzle"],"potions_floor_usage":[6,19,24,24,33,39,50],"damage_taken":[{"damage":0,"enemies":"Jaw Worm","floor":1,"turns":3},{"damage":0,"enemies":"2 Louse","floor":4,"turns":2},{"damage":0,"enemies":"Gremlin Nob","floor":6,"turns":3},{"damage":28,"enemies":"3 Sentries","floor":8,"turns":6},{"damage":0,"enemies":"Cultist","floor":11,"turns":3},{"damage":36,"enemies":"Gremlin Nob","floor":12,"turns":4},{"damage":45,"enemies":"Gremlin Gang","floor":14,"turns":3},{"damage":21,"enemies":"The Guardian","floor":16,"turns":13},{"damage":22,"enemies":"3 Byrds","floor":18,"turns":3},{"damage":18,"enemies":"Shell Parasite","floor":19,"turns":4},{"damage":15,"enemies":"Centurion and Healer","floor":20,"turns":5},{"damage":17,"enemies":"Snake Plant","floor":21,"turns":2},{"damage":33,"enemies":"Slavers","floor":24,"turns":3},{"damage":31,"enemies":"3 Cultists","floor":25,"turns":6},{"damage":39,"enemies":"Gremlin Leader","floor":29,"turns":3},{"damage":6,"enemies":"Snecko","floor":30,"turns":4},{"damage":9,"enemies":"Centurion and Healer","floor":31,"turns":5},{"damage":50,"enemies":"Collector","floor":33,"turns":7},{"damage":10,"enemies":"3 Shapes","floor":35,"turns":4},{"damage":36,"enemies":"Orb Walker","floor":37,"turns":3},{"damage":45,"enemies":"3 Darklings","floor":39,"turns":4},{"damage":15,"enemies":"Sphere and 2 Shapes","floor":41,"turns":4},{"damage":0,"enemies":"Transient","floor":45,"turns":5},{"damage":21,"enemies":"Maw","floor":48,"turns":6},{"damage":73,"enemies":"Time Eater","floor":50,"turns":9}],"seed_played":"106108716345368096","potions_obtained":[{"floor":4,"key":"AttackPotion"},{"floor":8,"key":"SpeedPotion"},{"floor":16,"key":"Energy Potion"},{"floor":20,"key":"LiquidBronze"},{"floor":21,"key":"Fire Potion"},{"floor":24,"key":"Weak Potion"},{"floor":33,"key":"Fire Potion"},{"floor":37,"key":"Ancient Potion"},{"floor":45,"key":"Energy Potion"},{"floor":48,"key":"SkillPotion"}],"is_trial":false,"path_per_floor":["M","?","?","M","$","E","R","E","T","R","M","E","R","M","R","B",null,"M","M","M","M","?","R","E","M","T","R","?","E","M","M","R","B",null,"M","$","M","$","M","R","M","R","T","$","M","?","R","M","R","B",null],"character_chosen":"DEFECT","items_purchased":["Static Discharge","Singing Bowl","Lantern","Stack","Self Repair"],"campfire_rested":4,"item_purchase_floors":[5,36,38,44,44],"current_hp_per_floor":[68,68,61,61,61,61,61,45,45,67,69,47,47,16,38,44,67,47,43,42,39,64,64,52,42,42,64,50,25,33,38,60,51,69,75,75,46,46,24,24,30,30,30,30,67,67,67,69,69,32],"gold":38,"neow_bonus":"UPGRADE_CARD","is_prod":false,"is_daily":false,"chose_seed":false,"campfire_upgraded":7,"win_rate":0,"timestamp":1549171328,"path_taken":["M","?","?","?","$","E","R","E","T","R","M","E","R","M","R","BOSS","M","M","?","M","?","R","E","M","T","R","?","E","M","?","R","BOSS","M","?","M","$","M","R","M","R","T","$","M","?","R","?","R","BOSS"],"build_version":"2019-01-23","purchased_purges":2,"victory":true,"max_hp_per_floor":[75,75,75,75,75,75,75,75,75,75,75,75,75,75,75,75,75,75,75,75,75,75,75,75,75,75,75,75,75,75,75,75,75,75,75,75,75,75,77,77,77,77,77,77,79,79,79,79,79,79],"card_choices":[{"not_picked":["Beam Cell","Turbo"],"picked":"Streamline","floor":1},{"not_picked":["Compile Driver","Aggregate"],"picked":"Coolheaded","floor":4},{"not_picked":["Compile Driver","Darkness"],"picked":"Consume","floor":6},{"not_picked":["Glacier","Stack"],"picked":"Cold Snap","floor":8},{"not_picked":["BootSequence","Leap"],"picked":"Go for the Eyes","floor":11},{"not_picked":["Beam Cell","Turbo"],"picked":"Loop","floor":12},{"not_picked":["Leap","FTL"],"picked":"BootSequence","floor":14},{"not_picked":["Hyperbeam","Meteor Strike"],"picked":"Electrodynamics","floor":16},{"not_picked":["Barrage","Compile Driver"],"picked":"Sunder","floor":18},{"not_picked":["BootSequence","Auto Shields"],"picked":"Beam Cell","floor":19},{"not_picked":["Consume+1","Hello World"],"picked":"Self Repair","floor":20},{"not_picked":["Steam","Gash+1"],"picked":"Capacitor+1","floor":21},{"not_picked":["Electrodynamics","Streamline"],"picked":"Thunder Strike","floor":24},{"not_picked":["Steam","Compile Driver"],"picked":"Recycle+1","floor":25},{"not_picked":["Double Energy","Rip and Tear"],"picked":"Machine Learning","floor":29},{"not_picked":["Coolheaded","Turbo"],"picked":"Barrage","floor":30},{"not_picked":["Coolheaded+1","Compile Driver"],"picked":"Self Repair","floor":31},{"not_picked":["Core Surge","Buffer"],"picked":"Creative AI","floor":33},{"not_picked":["Go for the Eyes+1","Hello World+1"],"picked":"Capacitor","floor":35},{"not_picked":["Gash","Sunder"],"picked":"Storm+1","floor":37},{"not_picked":["BootSequence","Blizzard","Gash+1"],"picked":"Singing Bowl","floor":39},{"not_picked":["Barrage","Hologram"],"picked":"Glacier","floor":41},{"not_picked":["Steam","Beam Cell","Turbo+1"],"picked":"Singing Bowl","floor":45},{"not_picked":["Auto Shields+1","Darkness"],"picked":"FTL","floor":48}],"player_experience":944156,"relics_obtained":[{"floor":6,"key":"Meat on the Bone"},{"floor":8,"key":"Blood Vial"},{"floor":9,"key":"Pantograph"},{"floor":12,"key":"Darkstone Periapt"},{"floor":24,"key":"Art of War"},{"floor":26,"key":"Incense Burner"},{"floor":29,"key":"Bag of Preparation"},{"floor":43,"key":"Centennial Puzzle"}],"event_choices":[{"damage_healed":0,"gold_gain":0,"player_choice":"Ignored","damage_taken":0,"max_hp_gain":0,"max_hp_loss":0,"event_name":"Shining Light","floor":2,"gold_loss":0},{"damage_healed":0,"gold_gain":75,"player_choice":"Touch","damage_taken":7,"max_hp_gain":0,"max_hp_loss":0,"event_name":"FaceTrader","floor":3,"gold_loss":0},{"damage_healed":25,"gold_gain":0,"player_choice":"Heal","damage_taken":0,"max_hp_gain":0,"max_hp_loss":0,"event_name":"The Library","floor":22,"gold_loss":0},{"damage_healed":0,"gold_gain":0,"player_choice":"CARD ","damage_taken":14,"max_hp_gain":0,"max_hp_loss":0,"event_name":"Knowing Skull","floor":28,"potions_obtained":[],"gold_loss":0,"cards_obtained":["Jack Of All Trades"]},{"damage_healed":0,"gold_gain":0,"player_choice":"Ignored","damage_taken":0,"max_hp_gain":0,"max_hp_loss":0,"event_name":"SecretPortal","floor":46,"gold_loss":0}],"is_beta":false,"boss_relics":[{"not_picked":["Tiny House","Runic Pyramid"],"picked":"Runic Dome"},{"not_picked":["Nuclear Battery","Orrery"],"picked":"Coffee Dripper"}],"items_purged_floors":[5,36],"is_endless":false,"potions_floor_spawned":[4,8,16,20,21,24,33,37,45,48],"ascension_level":11}