{"gold_per_floor":[119,130,130,145,220,220,220,220,220,239,239,252,252,279,279,279],"floor_reached":16,"playtime":850,"items_purged":[],"score":175,"play_id":"9135aa32-f175-4b4f-92bf-3641d79e9cdb","local_time":"20190211211618","is_ascension_mode":true,"campfire_choices":[{"floor":6,"key":"REST"},{"data":"1","floor":8,"key":"LIFT"},{"floor":13,"key":"REST"},{"floor":15,"key":"REST"}],"neow_cost":"CURSE","seed_source_timestamp":2082766544132277,"circlet_count":0,"master_deck":["AscendersBane","Defend_G","Defend_G+1","Defend_G","Defend_G","Defend_G","Strike_G","Strike_G","Strike_G","Strike_G","Strike_G+1","Survivor","Neutralize","Doubt","Predator","Prepared","Noxious Fumes","Footwork","Venomology"],"relics":["Ring of the Snake","Girya","The Courier","Anchor"],"potions_floor_usage":[12,16,16],"damage_taken":[{"damage":6,"enemies":"2 Louse","floor":1,"turns":3},{"damage":0,"enemies":"Small Slimes","floor":2,"turns":3},{"damage":0,"enemies":"Cultist","floor":4,"turns":5},{"damage":15,"enemies":"Looter","floor":10,"turns":4},{"damage":0,"enemies":"2 Fungi Beasts","floor":12,"turns":2},{"damage":26,"enemies":"3 Sentries","floor":14,"turns":9},{"damage":56,"enemies":"Hexaghost","floor":16,"turns":13}],"seed_played":"-8128714599162884948","potions_obtained":[{"floor":2,"key":"Strength Potion"},{"floor":10,"key":"Ancient Potion"},{"floor":11,"key":"AttackPotion"}],"is_trial":false,"path_per_floor":["M","M","?","M","?","R","?","R","T","M","?","M","R","E","R","B"],"character_chosen":"THE_SILENT","items_purchased":[],"campfire_rested":3,"item_purchase_floors":[],"current_hp_per_floor":[53,53,33,33,22,41,41,41,41,26,26,26,45,19,38,0],"gold":279,"neow_bonus":"ONE_RARE_RELIC","is_prod":false,"is_daily":false,"chose_seed":false,"campfire_upgraded":0,"win_rate":0,"timestamp":1549944978,"path_taken":["M","M","?","M","?","R","?","R","T","M","?","M","R","E","R","BOSS"],"build_version":"2019-01-23","purchased_purges":0,"victory":false,"max_hp_per_floor":[66,66,66,66,66,66,66,66,66,66,66,66,66,66,66,66],"card_choices":[{"not_picked":["Choke","Concentrate"],"picked":"Predator","floor":1},{"not_picked":["Sucker Punch","Blade Dance"],"picked":"Prepared","floor":2},{"not_picked":["PiercingWail","Underhanded Strike"],"picked":"Noxious Fumes","floor":4},{"not_picked":["Reflex","Outmaneuver","Backflip"],"picked":"SKIP","floor":10},{"not_picked":["Dash","Dagger Spray"],"picked":"Footwork","floor":12},{"not_picked":["Quick Slash","Outmaneuver"],"picked":"Venomology","floor":14}],"player_experience":1073701,"relics_obtained":[{"floor":9,"key":"The Courier"},{"floor":14,"key":"Anchor"}],"event_choices":[{"damage_healed":0,"gold_gain":0,"player_choice":"Entered Light","damage_taken":20,"max_hp_gain":0,"max_hp_loss":0,"event_name":"Shining Light","floor":3,"gold_loss":0,"cards_upgraded":["Strike_G","Defend_G"]},{"damage_healed":0,"gold_gain":75,"player_choice":"Gather Gold","damage_taken":11,"max_hp_gain":0,"max_hp_loss":0,"event_name":"World of Goop","floor":5,"gold_loss":0},{"damage_healed":0,"gold_gain":0,"player_choice":"Ignored","damage_taken":0,"max_hp_gain":0,"max_hp_loss":0,"event_name":"Liars Game","floor":7,"gold_loss":0},{"damage_healed":0,"gold_gain":0,"player_choice":"Got Potions","damage_taken":0,"max_hp_gain":0,"max_hp_loss":0,"event_name":"Lab","floor":11,"gold_loss":0}],"is_beta":false,"boss_relics":[],"items_purged_floors":[],"is_endless":false,"potions_floor_spawned":[2,10],"killed_by":"Hexaghost","ascension_level":15}