{"path_per_floor":["M","?","$","M","M","R","E","R","T","?","E","R","M","E","R","B",null,"M","M","?","M","M","R","M"],"character_chosen":"DEFECT","items_purchased":["Shuriken","Sweeping Beam"],"gold_per_floor":[113,288,10,30,45,45,70,70,70,70,132,132,147,178,178,275,275,291,277,277,294,306,306,324,324],"floor_reached":25,"campfire_rested":3,"playtime":1839,"item_purchase_floors":[3,3],"current_hp_per_floor":[75,75,75,75,75,75,49,49,49,49,30,67,61,36,73,16,75,64,39,39,23,33,52,52,0],"items_purged":[],"gold":324,"score":281,"play_id":"f283f8d4-e094-468b-ae3e-dddc134a8fdc","local_time":"20180606201246","is_prod":false,"is_daily":false,"chose_seed":false,"is_ascension_mode":true,"campfire_upgraded":2,"win_rate":0,"timestamp":1528337566,"campfire_choices":[{"data":"Sweeping Beam","floor":6,"key":"SMITH"},{"data":"Glacier","floor":8,"key":"SMITH"},{"floor":12,"key":"REST"},{"floor":15,"key":"REST"},{"floor":23,"key":"REST"}],"path_taken":["M","?","$","M","?","R","E","R","T","?","E","R","M","E","R","BOSS","M","M","?","M","M","R","M","E"],"build_version":"2018-05-31","seed_source_timestamp":612623458656629,"purchased_purges":0,"victory":false,"master_deck":["Defend_B","Defend_B","Defend_B","Zap","Dualcast","Parasite","Glacier+1","Doubt","Sweeping Beam+1","Conserve Battery","Core Surge","Reprogram+1","Beam Cell","Seek+1","Redo+1","Bite","Bite","Bite","Bite","Bite","Cold Snap","Cold Snap+1"],"max_hp_per_floor":[75,75,75,75,75,75,75,75,75,75,75,75,75,75,75,75,75,75,75,52,52,52,52,52,52],"relics":["Cracked Core","Du-Vu Doll","Shuriken","Regal Pillow","Toxic Egg 2","Tiny Chest","Thread and Needle","Black Star"],"card_choices":[{"not_picked":["Turbo","Coolheaded"],"picked":"Glacier","floor":1},{"not_picked":["Compile Driver","Beam Cell"],"picked":"Conserve Battery","floor":4},{"not_picked":["Barrage","Sunder"],"picked":"Core Surge","floor":5},{"not_picked":["Leap","Beam Cell","Rebound"],"picked":"SKIP","floor":7},{"not_picked":["Streamline","Sweeping Beam"],"picked":"Reprogram+1","floor":11},{"not_picked":["Conserve Battery+1","Lockon","Coolheaded+1"],"picked":"SKIP","floor":13},{"not_picked":["Sunder","Aggregate+1"],"picked":"Beam Cell","floor":14},{"not_picked":["Meteor Strike","Rainbow+1"],"picked":"Seek+1","floor":16},{"not_picked":["Undo+1","Steam Power+1","Aggregate+1"],"picked":"SKIP","floor":18},{"not_picked":["Loop","Gash"],"picked":"Redo+1","floor":19},{"not_picked":["Fusion+1","Conserve Battery+1","Compile Driver"],"picked":"SKIP","floor":21},{"not_picked":["Hologram+1","Gash+1"],"picked":"Cold Snap","floor":22},{"not_picked":["Capacitor","Chill+1"],"picked":"Cold Snap+1","floor":24}],"player_experience":863374,"potions_floor_usage":[16,25],"damage_taken":[{"damage":0,"enemies":"2 Louse","floor":1,"turns":1},{"damage":0,"enemies":"Small Slimes","floor":4,"turns":4},{"damage":0,"enemies":"Cultist","floor":5,"turns":2},{"damage":26,"enemies":"Gremlin Nob","floor":7,"turns":5},{"damage":19,"enemies":"Lagavulin","floor":11,"turns":5},{"damage":6,"enemies":"2 Fungi Beasts","floor":13,"turns":3},{"damage":25,"enemies":"Gremlin Nob","floor":14,"turns":4},{"damage":57,"enemies":"Hexaghost","floor":16,"turns":10},{"damage":11,"enemies":"Shell Parasite","floor":18,"turns":4},{"damage":25,"enemies":"2 Thieves","floor":19,"turns":4},{"damage":22,"enemies":"Snake Plant","floor":21,"turns":4},{"damage":6,"enemies":"Centurion and Healer","floor":22,"turns":6},{"damage":0,"enemies":"Cultist and Chosen","floor":24,"turns":5},{"damage":72,"enemies":"Book of Stabbing","floor":25,"turns":6}],"relics_obtained":[{"floor":7,"key":"Regal Pillow"},{"floor":9,"key":"Toxic Egg 2"},{"floor":11,"key":"Tiny Chest"},{"floor":14,"key":"Thread and Needle"}],"event_choices":[{"event_name":"Liars Game","player_choice":"agreed","floor":2,"damage_taken":0},{"event_name":"Bonfire Elementals","player_choice":"BASIC","floor":10,"damage_taken":0},{"event_name":"Vampires","player_choice":"Became a vampire","floor":20,"damage_taken":0}],"boss_relics":[{"not_picked":["Ectoplasm","Runic Pyramid"],"picked":"Black Star"}],"items_purged_floors":[],"potions_floor_spawned":[4,5,21,24],"seed_played":"4541776795902636970","killed_by":"Book of Stabbing","ascension_level":3,"potions_obtained":[{"floor":4,"key":"AttackPotion"},{"floor":5,"key":"Ancient Potion"},{"floor":21,"key":"FocusPotion"},{"floor":24,"key":"GamblersBrew"}],"is_trial":false}