{"gold_per_floor":[112,187,201,214,228,228,244,271,271,271,196,210,210,210,210,281,281,294,77,77,77],"floor_reached":21,"playtime":1175,"items_purged":["Bash"],"score":340,"play_id":"49d3454d-5232-44a7-ac2d-403d53807d53","local_time":"20190218004856","is_ascension_mode":true,"campfire_choices":[{"data":"Body Slam","floor":6,"key":"SMITH"},{"data":"Body Slam","floor":10,"key":"SMITH"},{"data":"True Grit","floor":13,"key":"SMITH"},{"floor":15,"key":"REST"}],"neow_cost":"NONE","seed_source_timestamp":203173835638853,"circlet_count":0,"master_deck":["AscendersBane","Strike_R","Strike_R","Strike_R","Strike_R","Defend_R","Defend_R","Defend_R","Defend_R","Iron Wave","Body Slam+1","Shrug It Off","Spot Weakness","Body Slam+1","Flex","True Grit+1","Impervious","Cleave+1"],"relics":["Burning Blood","Oddly Smooth Stone","Ancient Tea Set","Ice Cream","Mark of Pain","Lee\u0027s Waffle"],"potions_floor_usage":[8,16,16,21],"damage_taken":[{"damage":2,"enemies":"2 Louse","floor":1,"turns":3},{"damage":8,"enemies":"Small Slimes","floor":3,"turns":4},{"damage":8,"enemies":"Jaw Worm","floor":4,"turns":4},{"damage":12,"enemies":"Red Slaver","floor":5,"turns":5},{"damage":0,"enemies":"2 Fungi Beasts","floor":7,"turns":3},{"damage":11,"enemies":"3 Sentries","floor":8,"turns":5},{"damage":20,"enemies":"Large Slime","floor":12,"turns":8},{"damage":17,"enemies":"The Guardian","floor":16,"turns":9},{"damage":32,"enemies":"3 Byrds","floor":18,"turns":8},{"damage":93,"enemies":"Chosen","floor":21,"turns":9}],"seed_played":"-7085532001044188607","potions_obtained":[{"floor":4,"key":"AttackPotion"},{"floor":5,"key":"Explosive Potion"},{"floor":12,"key":"SteroidPotion"},{"floor":18,"key":"BloodPotion"}],"is_trial":false,"path_per_floor":["M","?","M","M","M","R","M","E","T","R","$","M","R","?","R","B",null,"M","$","?","M"],"character_chosen":"IRONCLAD","items_purchased":["Lee\u0027s Waffle"],"campfire_rested":1,"item_purchase_floors":[19],"current_hp_per_floor":[72,61,59,57,51,51,57,52,52,52,52,38,38,31,53,42,67,41,82,82,0],"gold":77,"neow_bonus":"RANDOM_COMMON_RELIC","is_prod":false,"is_daily":false,"chose_seed":false,"campfire_upgraded":3,"win_rate":0,"timestamp":1550476136,"path_taken":["M","?","M","M","M","R","M","E","T","R","$","M","R","?","R","BOSS","M","$","?","M"],"build_version":"2019-01-23","purchased_purges":1,"victory":false,"max_hp_per_floor":[75,75,75,75,75,75,75,75,75,75,75,75,75,75,75,75,75,75,82,82,82],"card_choices":[{"not_picked":["Cleave","Ghostly Armor"],"picked":"Iron Wave","floor":1},{"not_picked":["Thunderclap","Shrug It Off"],"picked":"Body Slam","floor":3},{"not_picked":["Rupture","Rampage"],"picked":"Shrug It Off","floor":4},{"not_picked":["Clash","Rage"],"picked":"Spot Weakness","floor":5},{"not_picked":["Uppercut","Inflame"],"picked":"Body Slam","floor":7},{"not_picked":["Fire Breathing","Searing Blow"],"picked":"Flex","floor":8},{"not_picked":["Iron Wave","Twin Strike"],"picked":"True Grit","floor":12},{"not_picked":["Demon Form","Double Tap"],"picked":"Impervious","floor":16},{"not_picked":["Havoc","Headbutt"],"picked":"Cleave+1","floor":18}],"player_experience":1154646,"relics_obtained":[{"floor":8,"key":"Ancient Tea Set"},{"floor":9,"key":"Ice Cream"}],"event_choices":[{"damage_healed":0,"gold_gain":75,"player_choice":"Gather Gold","damage_taken":11,"max_hp_gain":0,"max_hp_loss":0,"event_name":"World of Goop","floor":2,"gold_loss":0},{"cards_removed":["Strike_R"],"damage_healed":0,"gold_gain":0,"player_choice":"Card Removal","damage_taken":7,"max_hp_gain":0,"max_hp_loss":0,"event_name":"Golden Wing","floor":14,"gold_loss":0},{"damage_healed":0,"gold_gain":0,"player_choice":"Ignored","damage_taken":0,"max_hp_gain":0,"max_hp_loss":0,"event_name":"Vampires","floor":20,"gold_loss":0}],"is_beta":false,"boss_relics":[{"not_picked":["Snecko Eye","Astrolabe"],"picked":"Mark of Pain"}],"items_purged_floors":[11],"is_endless":false,"potions_floor_spawned":[4,5,12,18],"killed_by":"Chosen","ascension_level":18}