{"gold_per_floor":[117,131,131,56,56,88,88,13,65,96,96,113,113,147,147,225,225,237,287,63,76,76,76,107,107],"floor_reached":25,"playtime":1143,"items_purged":["Strike_B"],"score":481,"play_id":"6660558a-6972-4d95-843c-f3d56df18da3","local_time":"20190210020528","is_ascension_mode":true,"campfire_choices":[{"data":"Zap","floor":7,"key":"SMITH"},{"floor":13,"key":"REST"},{"floor":15,"key":"REST"},{"floor":23,"key":"REST"}],"neow_cost":"NONE","seed_source_timestamp":1927015595187492,"circlet_count":0,"master_deck":["AscendersBane","Strike_B","Defend_B","Defend_B+1","Zap+1","Dualcast+1","Loop","Doom and Gloom","Creative AI","Consume","Gash","Amplify","Rainbow","Go for the Eyes","Magnetism+1","Static Discharge+1","Redo+1","Decay","Storm+1"],"relics":["Cracked Core","NeowsBlessing","Sundial","Mercury Hourglass","Anchor","Vajra","Frozen Egg 2","Empty Cage","War Paint"],"potions_floor_usage":[10,25],"damage_taken":[{"damage":0,"enemies":"2 Louse","floor":1,"turns":1},{"damage":0,"enemies":"Jaw Worm","floor":2,"turns":1},{"damage":0,"enemies":"Lagavulin","floor":6,"turns":1},{"damage":10,"enemies":"3 Sentries","floor":10,"turns":4},{"damage":0,"enemies":"Small Slimes","floor":12,"turns":2},{"damage":20,"enemies":"Lagavulin","floor":14,"turns":5},{"damage":38,"enemies":"Slime Boss","floor":16,"turns":7},{"damage":39,"enemies":"2 Thieves","floor":18,"turns":4},{"damage":6,"enemies":"3 Byrds","floor":21,"turns":2},{"damage":35,"enemies":"Book of Stabbing","floor":24,"turns":4},{"damage":7,"enemies":"3 Cultists","floor":25,"turns":3}],"seed_played":"-9093098100610101097","potions_obtained":[{"floor":6,"key":"Energy Potion"},{"floor":24,"key":"EssenceOfSteel"}],"is_trial":false,"path_per_floor":["M","M","?","?","?","E","R","$","T","E","$","M","R","E","R","B",null,"M","?","$","M","?","R","E","M"],"character_chosen":"DEFECT","items_purchased":["Magnetism+1","Static Discharge+1"],"campfire_rested":3,"item_purchase_floors":[20,20],"current_hp_per_floor":[64,64,59,59,52,52,52,52,52,42,42,42,63,43,64,26,60,21,21,21,15,15,36,1,0],"gold":107,"neow_bonus":"THREE_ENEMY_KILL","is_prod":false,"is_daily":false,"chose_seed":false,"campfire_upgraded":1,"win_rate":0,"timestamp":1549789528,"path_taken":["M","M","?","?","?","E","R","$","T","E","$","M","R","E","R","BOSS","M","?","?","M","?","R","E","M"],"build_version":"2019-01-23","purchased_purges":1,"victory":false,"max_hp_per_floor":[71,71,71,71,71,71,71,71,71,71,71,71,71,71,71,71,71,71,71,71,71,71,71,71,71],"card_choices":[{"not_picked":["Coolheaded","Rip and Tear"],"picked":"Loop","floor":1},{"not_picked":["Darkness","Steam"],"picked":"Doom and Gloom","floor":2},{"not_picked":["Coolheaded","Beam Cell"],"picked":"Creative AI","floor":6},{"not_picked":["Hologram","Barrage"],"picked":"Consume","floor":10},{"not_picked":["Reprogram","Steam"],"picked":"Gash","floor":12},{"not_picked":["Rebound","Compile Driver"],"picked":"Amplify","floor":14},{"not_picked":["Multi-Cast","Hyperbeam"],"picked":"Rainbow","floor":16},{"not_picked":["Coolheaded","Beam Cell"],"picked":"Go for the Eyes","floor":18},{"not_picked":["Compile Driver","Rip and Tear+1"],"picked":"Redo+1","floor":21},{"not_picked":["Beam Cell","Rainbow"],"picked":"Storm+1","floor":24}],"player_experience":1048294,"relics_obtained":[{"floor":6,"key":"Mercury Hourglass"},{"floor":9,"key":"Anchor"},{"floor":10,"key":"Vajra"},{"floor":14,"key":"Frozen Egg 2"},{"floor":24,"key":"War Paint"}],"event_choices":[{"damage_healed":0,"gold_gain":0,"player_choice":"Success","damage_taken":5,"relics_obtained":["Sundial"],"max_hp_gain":0,"max_hp_loss":0,"event_name":"Scrap Ooze","floor":3,"gold_loss":0},{"cards_removed":["Strike_B"],"damage_healed":0,"gold_gain":0,"player_choice":"Card Removal","damage_taken":0,"max_hp_gain":0,"max_hp_loss":0,"event_name":"The Cleric","floor":4,"gold_loss":75},{"cards_removed":["Strike_B"],"damage_healed":0,"gold_gain":0,"player_choice":"Card Removal","damage_taken":7,"max_hp_gain":0,"max_hp_loss":0,"event_name":"Golden Wing","floor":5,"gold_loss":0},{"damage_healed":0,"gold_gain":50,"player_choice":"Pray","damage_taken":0,"max_hp_gain":0,"max_hp_loss":0,"event_name":"Golden Shrine","floor":19,"gold_loss":0},{"damage_healed":0,"gold_gain":0,"player_choice":"Smashed Altar","damage_taken":0,"max_hp_gain":0,"max_hp_loss":0,"event_name":"Forgotten Altar","floor":22,"gold_loss":0,"cards_obtained":["Decay"]}],"is_beta":false,"boss_relics":[{"not_picked":["White Beast Statue","Snecko Eye"],"picked":"Empty Cage"}],"items_purged_floors":[8],"is_endless":false,"potions_floor_spawned":[6,24],"killed_by":"3 Cultists","ascension_level":17}