{"gold_per_floor":[117,392,405,405,421,421,78,106,106,6,6,18,18,33,33,107,107,117,117,137,151,51,51,51],"floor_reached":24,"playtime":1375,"items_purged":["Regret","Strike_R"],"score":382,"play_id":"d02aab90-3a5e-456e-8c01-f48553cd0c7f","local_time":"20190224180550","is_ascension_mode":true,"campfire_choices":[{"data":"Wild Strike","floor":6,"key":"SMITH"},{"floor":11,"key":"REST"},{"data":"Bloodletting","floor":13,"key":"SMITH"},{"floor":15,"key":"REST"},{"floor":23,"key":"REST"}],"neow_cost":"NONE","seed_source_timestamp":170444557935810,"circlet_count":0,"master_deck":["AscendersBane","Strike_R","Strike_R","Strike_R","Defend_R","Defend_R","Defend_R","Defend_R","Bash","Shrug It Off","Disarm","Bloodletting+1","Wild Strike+1","Bludgeon","Second Wind","Dark Embrace","Anger","Headbutt","Double Tap","Reckless Charge","Iron Wave"],"relics":["Burning Blood","NeowsBlessing","Gremlin Horn","Ice Cream","Kunai","Fusion Hammer"],"potions_floor_usage":[8,12,16,24],"damage_taken":[{"damage":0,"enemies":"Jaw Worm","floor":1,"turns":1},{"damage":0,"enemies":"Cultist","floor":3,"turns":1},{"damage":4,"enemies":"2 Louse","floor":5,"turns":2},{"damage":62,"enemies":"Lagavulin","floor":8,"turns":9},{"damage":6,"enemies":"Lots of Slimes","floor":12,"turns":4},{"damage":11,"enemies":"Red Slaver","floor":14,"turns":2},{"damage":41,"enemies":"Hexaghost","floor":16,"turns":10},{"damage":25,"enemies":"Shell Parasite","floor":18,"turns":5},{"damage":31,"enemies":"Chosen","floor":20,"turns":4},{"damage":29,"enemies":"Snake Plant","floor":21,"turns":5},{"damage":32,"enemies":"Book of Stabbing","floor":24,"turns":4}],"seed_played":"-7225679947499991330","potions_obtained":[{"floor":1,"key":"Swift Potion"},{"floor":3,"key":"FairyPotion"},{"floor":8,"key":"GamblersBrew"},{"floor":14,"key":"AttackPotion"},{"floor":20,"key":"SpeedPotion"}],"is_trial":false,"path_per_floor":["M","?","M","?","M","R","$","E","T","$","R","M","R","M","R","B",null,"M","$","M","M","$","R","E"],"character_chosen":"IRONCLAD","items_purchased":["Gremlin Horn","Reckless Charge","Iron Wave"],"campfire_rested":3,"item_purchase_floors":[7,22,22],"current_hp_per_floor":[74,74,75,75,75,75,75,19,19,19,41,41,41,36,58,23,62,43,43,18,7,7,29,0],"gold":51,"neow_bonus":"THREE_ENEMY_KILL","is_prod":false,"is_daily":false,"chose_seed":false,"campfire_upgraded":2,"win_rate":0,"timestamp":1551056750,"path_taken":["M","?","?","?","M","R","$","E","T","$","R","M","R","?","R","BOSS","M","?","?","M","$","R","E"],"build_version":"2019-01-23","purchased_purges":2,"victory":false,"max_hp_per_floor":[75,75,75,75,75,75,75,75,75,75,75,75,75,75,75,75,75,75,75,75,75,75,75,75],"card_choices":[{"not_picked":["Metallicize","Battle Trance"],"picked":"Shrug It Off","floor":1},{"not_picked":["Pommel Strike","Entrench"],"picked":"Disarm","floor":3},{"not_picked":["True Grit","Warcry"],"picked":"Wild Strike","floor":5},{"not_picked":["Clash","Offering"],"picked":"Bludgeon","floor":8},{"not_picked":["Intimidate","Shrug It Off"],"picked":"Second Wind","floor":12},{"not_picked":["Twin Strike","Burning Pact","Havoc"],"picked":"SKIP","floor":14},{"not_picked":["Fiend Fire","Exhume"],"picked":"Dark Embrace","floor":16},{"not_picked":["True Grit","Spot Weakness"],"picked":"Anger","floor":18},{"not_picked":["Sever Soul","Bloodletting"],"picked":"Headbutt","floor":20},{"not_picked":["Armaments","Body Slam"],"picked":"Double Tap","floor":21}],"player_experience":1246608,"relics_obtained":[{"floor":8,"key":"Ice Cream"},{"floor":9,"key":"Kunai"}],"event_choices":[{"damage_healed":0,"gold_gain":275,"player_choice":"Desecrate","damage_taken":0,"max_hp_gain":0,"max_hp_loss":0,"event_name":"Golden Shrine","floor":2,"gold_loss":0,"cards_obtained":["Regret"]},{"damage_healed":0,"gold_gain":0,"cards_transformed":["Strike_R"],"player_choice":"Transformed","damage_taken":0,"max_hp_gain":0,"max_hp_loss":0,"event_name":"Transmorgrifier","floor":4,"gold_loss":0,"cards_obtained":["Bloodletting"]}],"is_beta":false,"boss_relics":[{"not_picked":["Orrery","Black Blood"],"picked":"Fusion Hammer"}],"items_purged_floors":[7,10],"is_endless":false,"potions_floor_spawned":[1,3,8,14,20],"killed_by":"Book of Stabbing","ascension_level":19}