{"gold_per_floor":[114,130,130,130,130,130,145,156,156,156,156,191,32,42,42,42],"floor_reached":16,"playtime":686,"items_purged":["Regret"],"score":200,"play_id":"57c2a4bf-6a34-403e-8000-2b9b639709fc","local_time":"20190304233519","is_ascension_mode":true,"campfire_choices":[{"data":"Flex","floor":6,"key":"SMITH"},{"data":"Wild Strike","floor":11,"key":"SMITH"},{"floor":15,"key":"REST"}],"neow_cost":"NONE","seed_source_timestamp":282452715051787,"circlet_count":0,"master_deck":["AscendersBane","Strike_R","Strike_R","Strike_R","Strike_R","Defend_R","Defend_R","Defend_R","Defend_R","Bash+1","Forethought+1","Flex+1","Body Slam","Body Slam","Wild Strike+1","Bludgeon","Metallicize","Second Wind"],"relics":["Burning Blood","Mummified Hand","Charon\u0027s Ashes","Nunchaku"],"potions_floor_usage":[7,12],"damage_taken":[{"damage":1,"enemies":"2 Louse","floor":1,"turns":4},{"damage":5,"enemies":"Small Slimes","floor":2,"turns":4},{"damage":4,"enemies":"Jaw Worm","floor":7,"turns":5},{"damage":16,"enemies":"Blue Slaver","floor":8,"turns":3},{"damage":42,"enemies":"3 Sentries","floor":12,"turns":7},{"damage":21,"enemies":"Gremlin Gang","floor":14,"turns":6},{"damage":39,"enemies":"The Guardian","floor":16,"turns":6}],"seed_played":"-1769589219575543653","potions_obtained":[{"floor":2,"key":"Regen Potion"},{"floor":8,"key":"BloodPotion"}],"is_trial":false,"path_per_floor":["M","M","?","?","?","R","M","M","T","?","R","E","$","M","R","B"],"character_chosen":"IRONCLAD","items_purchased":["Metallicize"],"campfire_rested":1,"item_purchase_floors":[13],"current_hp_per_floor":[73,74,74,51,51,51,67,57,57,57,57,28,28,13,35,0],"gold":42,"neow_bonus":"RANDOM_COLORLESS","is_prod":false,"is_daily":false,"chose_seed":false,"campfire_upgraded":2,"win_rate":0,"timestamp":1551767719,"path_taken":["M","M","?","?","?","R","M","M","T","?","R","E","?","M","R","BOSS"],"build_version":"2019-01-23","purchased_purges":1,"victory":false,"max_hp_per_floor":[75,75,75,75,75,75,75,75,75,75,75,75,75,75,75,75],"card_choices":[{"not_picked":["Sentinel","Sword Boomerang"],"picked":"Flex","floor":1},{"not_picked":["Sword Boomerang","Clothesline"],"picked":"Body Slam","floor":2},{"not_picked":["Flex","Rampage"],"picked":"Body Slam","floor":7},{"not_picked":["Thunderclap","Perfected Strike"],"picked":"Wild Strike","floor":8},{"not_picked":["Thunderclap","Shrug It Off"],"picked":"Bludgeon","floor":12},{"not_picked":["Flex","Wild Strike"],"picked":"Second Wind","floor":14}],"player_experience":1332931,"relics_obtained":[{"floor":9,"key":"Mummified Hand"},{"floor":12,"key":"Nunchaku"}],"event_choices":[{"cards_removed":["Strike_R"],"damage_healed":0,"gold_gain":0,"player_choice":"Forget","damage_taken":0,"max_hp_gain":0,"max_hp_loss":0,"event_name":"Living Wall","floor":3,"gold_loss":0},{"damage_healed":0,"gold_gain":0,"player_choice":"Entered Light","damage_taken":23,"max_hp_gain":0,"max_hp_loss":0,"event_name":"Shining Light","floor":4,"gold_loss":0,"cards_upgraded":["Forethought","Bash"]},{"damage_healed":0,"gold_gain":0,"player_choice":"Ignored","damage_taken":0,"max_hp_gain":0,"max_hp_loss":0,"event_name":"Liars Game","floor":5,"gold_loss":0},{"damage_healed":0,"gold_gain":0,"player_choice":"Box","damage_taken":0,"relics_obtained":["Charon\u0027s Ashes"],"max_hp_gain":0,"max_hp_loss":0,"event_name":"Big Fish","floor":10,"gold_loss":0,"cards_obtained":["Regret"]}],"is_beta":false,"boss_relics":[],"items_purged_floors":[13],"is_endless":false,"potions_floor_spawned":[2,8],"killed_by":"The Guardian","ascension_level":20}