{"gold_per_floor":[117,117,42,42,42,77,227,260,286,305,305,305,322,9,9,86,86,102,116,116,16,116,116,11,11,37,37,37],"floor_reached":28,"playtime":1286,"items_purged":["Strike_R","Doubt"],"score":552,"play_id":"3332a16d-9727-44b5-9b67-8190a99a8778","local_time":"20190224211329","is_ascension_mode":true,"campfire_choices":[{"data":"Flame Barrier","floor":11,"key":"SMITH"},{"data":"Armaments","floor":15,"key":"SMITH"},{"floor":23,"key":"REST"},{"data":"Body Slam","floor":25,"key":"SMITH"},{"floor":27,"key":"REST"}],"neow_cost":"NONE","seed_source_timestamp":181792315063507,"circlet_count":0,"master_deck":["AscendersBane","Strike_R","Strike_R","Strike_R","Defend_R","Defend_R","Defend_R","Defend_R","Bash","Cleave","Flame Barrier+1","Cleave","Ghostly Armor","Metallicize","Armaments+1","Demon Form","Dual Wield","Anger","Battle Trance","Body Slam+1","Shrug It Off","Rage"],"relics":["Burning Blood","NeowsBlessing","Ginger","Pen Nib","Thread and Needle","Strawberry","Shuriken","Mark of Pain","Mango","Mercury Hourglass","Dream Catcher"],"potions_floor_usage":[16,16,16,19,19,19,22],"damage_taken":[{"damage":0,"enemies":"Small Slimes","floor":1,"turns":1},{"damage":0,"enemies":"3 Sentries","floor":6,"turns":2},{"damage":0,"enemies":"Lagavulin","floor":8,"turns":2},{"damage":0,"enemies":"Jaw Worm","floor":10,"turns":6},{"damage":0,"enemies":"2 Louse","floor":13,"turns":1},{"damage":65,"enemies":"Slime Boss","floor":16,"turns":14},{"damage":20,"enemies":"Spheric Guardian","floor":18,"turns":7},{"damage":6,"enemies":"2 Thieves","floor":19,"turns":4},{"damage":19,"enemies":"Colosseum Slavers","floor":22,"turns":6},{"damage":39,"enemies":"Colosseum Nobs","floor":22,"turns":5},{"damage":85,"enemies":"Gremlin Leader","floor":28,"turns":4}],"seed_played":"-5593190895911806958","potions_obtained":[{"floor":6,"key":"Strength Potion"},{"floor":12,"key":"EntropicBrew"},{"floor":16,"key":"EntropicBrew"},{"floor":18,"key":"LiquidBronze"}],"is_trial":false,"path_per_floor":["M","?","$","?","$","E","?","E","T","M","R","?","M","$","R","B",null,"M","M","?","$","?","R","$","R","T","R","E"],"character_chosen":"IRONCLAD","items_purchased":["Shuriken","Armaments","Body Slam","Shrug It Off"],"campfire_rested":2,"item_purchase_floors":[14,14,24,24],"current_hp_per_floor":[74,74,74,63,63,69,69,75,82,82,82,82,82,82,82,23,67,53,53,53,53,21,49,49,49,49,77,0],"gold":37,"neow_bonus":"THREE_ENEMY_KILL","is_prod":false,"is_daily":false,"chose_seed":false,"campfire_upgraded":3,"win_rate":0,"timestamp":1551068009,"path_taken":["M","?","$","?","?","E","?","E","T","?","R","?","M","$","R","BOSS","M","M","?","$","?","R","$","R","T","R","E"],"build_version":"2019-01-23","purchased_purges":2,"victory":false,"max_hp_per_floor":[75,75,75,75,75,75,75,75,82,82,82,82,82,82,82,82,82,82,82,82,82,96,96,96,96,96,96,96],"card_choices":[{"not_picked":["Pommel Strike","Heavy Blade"],"picked":"Cleave","floor":1},{"not_picked":["Dual Wield","Pommel Strike"],"picked":"Flame Barrier","floor":6},{"not_picked":["Pommel Strike","True Grit"],"picked":"Cleave","floor":8},{"not_picked":["Clothesline","Sword Boomerang"],"picked":"Ghostly Armor","floor":10},{"not_picked":["Havoc","Sentinel"],"picked":"Metallicize","floor":13},{"not_picked":["Limit Break","Double Tap"],"picked":"Demon Form","floor":16},{"not_picked":["Armaments","Warcry","Rupture"],"picked":"SKIP","floor":18},{"not_picked":["Bloodletting","Dropkick+1"],"picked":"Dual Wield","floor":19},{"not_picked":["Infernal Blade","Hemokinesis+1"],"picked":"Battle Trance","floor":22},{"not_picked":["Body Slam","Thunderclap"],"picked":"Rage","floor":27}],"player_experience":1251976,"relics_obtained":[{"floor":6,"key":"Pen Nib"},{"floor":8,"key":"Thread and Needle"},{"floor":9,"key":"Strawberry"},{"floor":22,"key":"Mango"},{"floor":22,"key":"Mercury Hourglass"},{"floor":26,"key":"Dream Catcher"}],"event_choices":[{"cards_removed":["Strike_R"],"damage_healed":0,"gold_gain":0,"player_choice":"Forget","damage_taken":0,"max_hp_gain":0,"max_hp_loss":0,"event_name":"Living Wall","floor":2,"gold_loss":0},{"damage_healed":0,"gold_gain":0,"player_choice":"Success","damage_taken":11,"relics_obtained":["Ginger"],"max_hp_gain":0,"max_hp_loss":0,"event_name":"Scrap Ooze","floor":4,"gold_loss":0},{"damage_healed":0,"gold_gain":150,"player_choice":"AGREE","damage_taken":0,"max_hp_gain":0,"max_hp_loss":0,"event_name":"Liars Game","floor":7,"gold_loss":0,"cards_obtained":["Doubt"]},{"damage_healed":0,"gold_gain":0,"player_choice":"Got Potions","damage_taken":0,"max_hp_gain":0,"max_hp_loss":0,"event_name":"Lab","floor":12,"gold_loss":0},{"damage_healed":0,"gold_gain":0,"player_choice":"Read","damage_taken":0,"max_hp_gain":0,"max_hp_loss":0,"event_name":"The Library","floor":20,"gold_loss":0,"cards_obtained":["Anger"]},{"damage_healed":0,"gold_gain":0,"player_choice":"Fight","damage_taken":0,"max_hp_gain":0,"max_hp_loss":0,"event_name":"Colosseum","floor":22,"gold_loss":0},{"damage_healed":0,"gold_gain":0,"player_choice":"Fought Nobs","damage_taken":0,"max_hp_gain":0,"max_hp_loss":0,"event_name":"Colosseum","floor":22,"gold_loss":0}],"is_beta":false,"boss_relics":[{"not_picked":["Empty Cage","Black Blood"],"picked":"Mark of Pain"}],"items_purged_floors":[3,21],"is_endless":false,"potions_floor_spawned":[6,13,16,18],"killed_by":"Gremlin Leader","ascension_level":19}