{"gold_per_floor":[116,41,41,60,70,70,89,117,117,117,147,147,163,180,180,180],"floor_reached":16,"playtime":1210,"items_purged":["Strike_G"],"score":196,"play_id":"2da1ebd4-e125-4c54-b807-6e4702a46737","local_time":"20190211213639","is_ascension_mode":true,"campfire_choices":[{"floor":6,"key":"REST"},{"floor":12,"key":"REST"},{"floor":15,"key":"REST"}],"neow_cost":"NONE","seed_source_timestamp":2083627309544057,"circlet_count":0,"master_deck":["AscendersBane","Defend_G","Defend_G","Defend_G","Defend_G","Defend_G","Strike_G","Strike_G","Strike_G","Strike_G","Survivor","Neutralize","Acrobatics","Night Terror","Calculated Gamble","Slice","Reflex","Dodge and Roll","Burst+1","Endless Agony","Choke","Prepared"],"relics":["Fusion Hammer","Vajra","Shuriken","FossilizedHelix"],"potions_floor_usage":[8,8,16],"damage_taken":[{"damage":7,"enemies":"Jaw Worm","floor":1,"turns":5},{"damage":0,"enemies":"Cultist","floor":4,"turns":4},{"damage":2,"enemies":"Small Slimes","floor":5,"turns":4},{"damage":6,"enemies":"Blue Slaver","floor":7,"turns":5},{"damage":2,"enemies":"Lagavulin","floor":8,"turns":7},{"damage":53,"enemies":"Gremlin Nob","floor":11,"turns":5},{"damage":0,"enemies":"Looter","floor":13,"turns":4},{"damage":5,"enemies":"Large Slime","floor":14,"turns":3},{"damage":40,"enemies":"The Guardian","floor":16,"turns":11}],"seed_played":"4174407534725888049","potions_obtained":[{"floor":4,"key":"FearPotion"},{"floor":5,"key":"AttackPotion"},{"floor":13,"key":"FearPotion"}],"is_trial":false,"path_per_floor":["M","$","?","M","M","R","M","E","T","?","E","R","M","M","R","B"],"character_chosen":"THE_SILENT","items_purchased":[],"campfire_rested":3,"item_purchase_floors":[],"current_hp_per_floor":[52,52,52,52,50,66,60,58,58,58,5,24,24,19,38,0],"gold":180,"neow_bonus":"BOSS_RELIC","is_prod":false,"is_daily":false,"chose_seed":false,"campfire_upgraded":0,"win_rate":0,"timestamp":1549946199,"path_taken":["M","$","?","M","M","R","?","E","T","?","E","R","M","?","R","BOSS"],"build_version":"2019-01-23","purchased_purges":1,"victory":false,"max_hp_per_floor":[66,66,66,66,66,66,66,66,66,66,66,66,66,66,66,66],"card_choices":[{"not_picked":["Endless Agony","Slice"],"picked":"Acrobatics","floor":1},{"not_picked":["Poisoned Stab","Bane"],"picked":"Slice","floor":4},{"not_picked":["Deadly Poison","Well Laid Plans"],"picked":"Reflex","floor":5},{"not_picked":["Backflip","Masterful Stab"],"picked":"Dodge and Roll","floor":7},{"not_picked":["Slice","Blade Dance"],"picked":"Burst","floor":8},{"not_picked":["Prepared","Sucker Punch"],"picked":"Endless Agony","floor":11},{"not_picked":["Outmaneuver","Caltrops"],"picked":"Choke","floor":13},{"not_picked":["Dagger Spray","All Out Attack"],"picked":"Prepared","floor":14}],"player_experience":1074551,"relics_obtained":[{"floor":8,"key":"Vajra"},{"floor":9,"key":"Shuriken"},{"floor":11,"key":"FossilizedHelix"}],"event_choices":[{"damage_healed":0,"gold_gain":0,"player_choice":"2 cards matched","damage_taken":0,"max_hp_gain":0,"max_hp_loss":0,"event_name":"Match and Keep!","floor":3,"gold_loss":0,"cards_obtained":["Night Terror","Calculated Gamble"]},{"damage_healed":0,"gold_gain":0,"player_choice":"Upgraded","damage_taken":0,"max_hp_gain":0,"max_hp_loss":0,"event_name":"Upgrade Shrine","floor":10,"gold_loss":0,"cards_upgraded":["Burst"]}],"is_beta":false,"boss_relics":[],"items_purged_floors":[2],"is_endless":false,"potions_floor_spawned":[4,5,13],"killed_by":"The Guardian","ascension_level":15}