{"gold_per_floor":[111,211,221,231,61,61,136,147,147,158,158,172,122,140,140,238,238,250,250,267,217,217],"floor_reached":22,"playtime":3364,"items_purged":["Strike_G"],"score":178,"play_id":"55e9ca42-9e79-478a-91f6-1ddd2d3441b9","local_time":"20190316190521","is_ascension_mode":false,"campfire_choices":[{"data":"Acrobatics","floor":6,"key":"SMITH"},{"data":"Well Laid Plans","floor":11,"key":"SMITH"},{"data":"Footwork","floor":15,"key":"SMITH"}],"neow_cost":"NONE","seed_source_timestamp":261440463742894,"circlet_count":0,"master_deck":["Defend_G","Defend_G","Defend_G","Defend_G","Defend_G","Strike_G","Strike_G","Strike_G","Survivor","Neutralize","Dodge and Roll","Backflip","Crippling Poison","Acrobatics+1","Well Laid Plans+1","Flying Knee","Flying Knee","Footwork+1","Backstab","Burst","Pain","Parasite","Parasite","Blur"],"relics":["Ring of the Snake","StoneCalendar","Calling Bell","Happy Flower","Dodecahedron","Unceasing Top","Gambling Chip"],"potions_floor_usage":[16,16,18],"damage_taken":[{"damage":6,"enemies":"Cultist","floor":1,"turns":8},{"damage":0,"enemies":"2 Louse","floor":3,"turns":4},{"damage":0,"enemies":"Jaw Worm","floor":4,"turns":6},{"damage":0,"enemies":"Blue Slaver","floor":8,"turns":6},{"damage":7,"enemies":"Lots of Slimes","floor":10,"turns":5},{"damage":2,"enemies":"2 Fungi Beasts","floor":12,"turns":5},{"damage":0,"enemies":"Red Slaver","floor":14,"turns":5},{"damage":42,"enemies":"Hexaghost","floor":16,"turns":22},{"damage":33,"enemies":"Chosen","floor":18,"turns":7},{"damage":31,"enemies":"3 Byrds","floor":20,"turns":7},{"damage":1,"enemies":"3 Cultists","floor":22,"turns":5}],"seed_played":"7533594716663937215","potions_obtained":[{"floor":3,"key":"LiquidBronze"},{"floor":4,"key":"GhostInAJar"},{"floor":12,"key":"EssenceOfSteel"},{"floor":16,"key":"LiquidBronze"},{"floor":20,"key":"Weak Potion"}],"is_trial":false,"path_per_floor":["M","?","M","M","$","R","?","M","T","M","R","M","?","M","R","B",null,"M","?","M","?","M"],"character_chosen":"THE_SILENT","items_purchased":["Well Laid Plans","Flying Knee"],"campfire_rested":0,"item_purchase_floors":[5,5],"current_hp_per_floor":[64,64,64,64,64,64,57,57,57,50,50,48,48,48,48,6,70,37,37,6,6,5],"gold":217,"neow_bonus":"THREE_CARDS","is_prod":false,"is_daily":false,"chose_seed":false,"campfire_upgraded":3,"win_rate":0,"timestamp":1552781121,"path_taken":["M","?","?","M","$","R","?","?","T","M","R","M","?","M","R","BOSS","M","?","?","?","M"],"build_version":"2019-01-23","purchased_purges":1,"victory":false,"max_hp_per_floor":[70,70,70,70,70,70,70,70,70,70,70,70,70,70,70,70,70,70,70,70,70,70],"card_choices":[{"not_picked":["Outmaneuver","Dagger Throw"],"picked":"Dodge and Roll","floor":0},{"not_picked":["Poisoned Stab","Bane"],"picked":"Backflip","floor":1},{"not_picked":["Dagger Throw","Catalyst"],"picked":"Crippling Poison","floor":3},{"not_picked":["A Thousand Cuts","All Out Attack"],"picked":"Acrobatics","floor":4},{"not_picked":["Skewer","Dodge and Roll"],"picked":"Flying Knee","floor":8},{"not_picked":["Deflect","Terror"],"picked":"Footwork","floor":10},{"not_picked":["Underhanded Strike","Blade Dance","Crippling Poison"],"picked":"SKIP","floor":12},{"not_picked":["PiercingWail","Eviscerate"],"picked":"Backstab","floor":14},{"not_picked":["After Image","Tools of the Trade"],"picked":"Burst","floor":16},{"not_picked":["Poisoned Stab","Masterful Stab","Catalyst"],"picked":"SKIP","floor":18},{"not_picked":["Terror+1","Sucker Punch"],"picked":"Blur","floor":20}],"player_experience":39521,"relics_obtained":[{"floor":9,"key":"StoneCalendar"},{"floor":17,"key":"Happy Flower"},{"floor":17,"key":"Dodecahedron"},{"floor":17,"key":"Unceasing Top"}],"event_choices":[{"damage_healed":0,"gold_gain":100,"player_choice":"Pray","damage_taken":0,"max_hp_gain":0,"max_hp_loss":0,"event_name":"Golden Shrine","floor":2,"gold_loss":0},{"damage_healed":0,"gold_gain":75,"player_choice":"Touch","damage_taken":7,"max_hp_gain":0,"max_hp_loss":0,"event_name":"FaceTrader","floor":7,"gold_loss":0},{"cards_removed":["Strike_G"],"damage_healed":0,"gold_gain":0,"player_choice":"Card Removal","damage_taken":0,"max_hp_gain":0,"max_hp_loss":0,"event_name":"The Cleric","floor":13,"gold_loss":50},{"damage_healed":0,"gold_gain":0,"player_choice":"Gave Potion","damage_taken":0,"relics_obtained":["Gambling Chip"],"max_hp_gain":0,"max_hp_loss":0,"event_name":"WeMeetAgain","floor":19,"gold_loss":0},{"damage_healed":0,"gold_gain":0,"player_choice":"Bet on Owner","damage_taken":0,"max_hp_gain":0,"max_hp_loss":0,"event_name":"The Joust","floor":21,"gold_loss":50}],"is_beta":false,"boss_relics":[{"not_picked":["Runic Pyramid","Eternal Feather"],"picked":"Calling Bell"}],"items_purged_floors":[5],"is_endless":false,"potions_floor_spawned":[3,4,12,16,20],"killed_by":"3 Cultists","ascension_level":0}