{"path_per_floor":["M","?","$","M","$","R","M","R","T","R","?","M","R","M","R","B",null,"M","M","?"],"character_chosen":"DEFECT","items_purchased":["Cold Snap","Fission","Cold Snap"],"gold_per_floor":[111,286,44,59,33,33,47,47,47,47,47,65,65,80,80,179,179,196,208,208,208],"floor_reached":21,"campfire_rested":0,"playtime":1199,"item_purchase_floors":[3,3,5],"current_hp_per_floor":[63,63,63,63,63,63,58,58,58,58,58,55,55,48,48,22,62,52,42,42,0],"items_purged":["Doubt"],"gold":208,"score":237,"play_id":"83ad75ee-f37d-444f-aaf8-d54c7ab82140","local_time":"20180520193512","is_prod":false,"is_daily":false,"chose_seed":false,"is_ascension_mode":true,"campfire_upgraded":5,"timestamp":1526866512,"campfire_choices":[{"data":"Fission","floor":6,"key":"SMITH"},{"data":"Chaos","floor":8,"key":"SMITH"},{"data":"Barrage","floor":10,"key":"SMITH"},{"data":"Zap","floor":13,"key":"SMITH"},{"data":"Dualcast","floor":15,"key":"SMITH"}],"path_taken":["M","?","$","M","?","R","?","R","T","R","?","M","R","M","R","BOSS","M","M","?","M"],"build_version":"2018-05-18","seed_source_timestamp":945513242828917,"purchased_purges":1,"victory":false,"master_deck":["Defend_B","Defend_B","Defend_B","Zap+1","Dualcast+1","Cold Snap","Cold Snap","Fission+1","Chaos+1","Cold Snap","Barrage+1","Chill","Rebound","Echo Form","Skim+1","Gash+1","Self Repair+1","Recycle"],"max_hp_per_floor":[75,75,75,75,75,75,75,75,75,75,75,75,75,75,75,75,75,75,75,75,75],"relics":["Cracked Core","Ancient Tea Set","Potion Belt","Astrolabe"],"card_choices":[{"not_picked":["Reprogram","Capacitor"],"picked":"Cold Snap","floor":1},{"not_picked":["Ball Lightning","Sweeping Beam"],"picked":"Chaos","floor":4},{"not_picked":["Sunder","Rebound"],"picked":"Barrage","floor":7},{"not_picked":["Hologram","Coolheaded"],"picked":"Chill","floor":12},{"not_picked":["Nova","Scrape"],"picked":"Rebound","floor":14},{"not_picked":["Fission","Amplify"],"picked":"Echo Form","floor":16},{"not_picked":["Rebound","Barrage","Coolheaded"],"picked":"SKIP","floor":18},{"not_picked":["Coolheaded","Hologram"],"picked":"Recycle","floor":19}],"player_experience":146314,"potions_floor_usage":[16,19],"damage_taken":[{"damage":5,"enemies":"Small Slimes","floor":1,"turns":3},{"damage":0,"enemies":"Cultist","floor":4,"turns":3},{"damage":5,"enemies":"Jaw Worm","floor":7,"turns":2},{"damage":3,"enemies":"3 Louse","floor":12,"turns":2},{"damage":7,"enemies":"Exordium Wildlife","floor":14,"turns":4},{"damage":26,"enemies":"The Guardian","floor":16,"turns":11},{"damage":30,"enemies":"Shell Parasite","floor":18,"turns":7},{"damage":30,"enemies":"Chosen","floor":19,"turns":8},{"damage":44,"enemies":"Sentry and Sphere","floor":21,"turns":7}],"relics_obtained":[{"floor":9,"key":"Potion Belt"}],"event_choices":[{"event_name":"Liars Game","player_choice":"agreed","floor":2,"damage_taken":0},{"event_name":"Living Wall","player_choice":"Forget","floor":11,"damage_taken":0},{"event_name":"Back to Basics","player_choice":"Elegance","floor":20,"damage_taken":0}],"boss_relics":[{"not_picked":["Inserter","Calling Bell"],"picked":"Astrolabe"}],"items_purged_floors":[3],"potions_floor_spawned":[1,16],"seed_played":"-8372329210681012368","killed_by":"Sentry and Sphere","ascension_level":8,"potions_obtained":[{"floor":1,"key":"Energy Potion"},{"floor":16,"key":"GamblersBrew"}],"is_trial":false}