{"gold_per_floor":[109,129,129,129,54,54,97,97,120,153,13,13,29,79,79,79],"floor_reached":16,"playtime":582,"items_purged":["Strike_R","Strike_R"],"score":207,"play_id":"f1c4ed9a-a313-4f1b-a1f2-dba6024afe5f","local_time":"20190227054125","is_ascension_mode":true,"campfire_choices":[{"data":"Rampage","floor":6,"key":"SMITH"},{"floor":8,"key":"REST"},{"data":"Body Slam","floor":15,"key":"SMITH"}],"neow_cost":"NONE","seed_source_timestamp":385781021479547,"circlet_count":0,"master_deck":["AscendersBane","Strike_R","Strike_R","Defend_R","Defend_R","Defend_R","Defend_R","Bash","Rampage+1","Body Slam+1","Inflame"],"relics":["Burning Blood","PreservedInsect","Golden Idol","Self Forming Clay","Anchor","Red Skull"],"potions_floor_usage":[10],"damage_taken":[{"damage":11,"enemies":"Jaw Worm","floor":1,"turns":4},{"damage":1,"enemies":"2 Louse","floor":2,"turns":2},{"damage":35,"enemies":"3 Sentries","floor":7,"turns":10},{"damage":26,"enemies":"Lagavulin","floor":10,"turns":4},{"damage":1,"enemies":"Cultist","floor":13,"turns":3},{"damage":46,"enemies":"Hexaghost","floor":16,"turns":7}],"seed_played":"-1702123799782248436","potions_obtained":[{"floor":7,"key":"Strength Potion"}],"is_trial":false,"path_per_floor":["M","M","?","?","$","R","E","R","T","E","$","?","M","?","R","B"],"character_chosen":"IRONCLAD","items_purchased":["Inflame"],"campfire_rested":1,"item_purchase_floors":[11],"current_hp_per_floor":[63,68,68,68,68,68,39,59,59,39,39,39,44,44,44,0],"gold":79,"neow_bonus":"RANDOM_COMMON_RELIC","is_prod":false,"is_daily":false,"chose_seed":false,"campfire_upgraded":2,"win_rate":0,"timestamp":1551271285,"path_taken":["M","M","?","?","?","R","E","R","T","E","$","?","M","?","R","BOSS"],"build_version":"2019-01-23","purchased_purges":2,"victory":false,"max_hp_per_floor":[75,75,75,68,68,68,68,68,68,68,68,68,68,68,68,68],"card_choices":[{"not_picked":["Wild Strike","Pummel"],"picked":"Rampage","floor":1},{"not_picked":["Sword Boomerang","Fire Breathing","Heavy Blade"],"picked":"SKIP","floor":2},{"not_picked":["Feed","True Grit"],"picked":"Body Slam","floor":7},{"not_picked":["Bloodletting","Armaments","Warcry"],"picked":"SKIP","floor":10},{"not_picked":["Bloodletting","Armaments","Warcry"],"picked":"SKIP","floor":10},{"not_picked":["Thunderclap","Fire Breathing","Warcry"],"picked":"SKIP","floor":13}],"player_experience":1276437,"relics_obtained":[{"floor":7,"key":"Self Forming Clay"},{"floor":9,"key":"Anchor"},{"floor":10,"key":"Red Skull"}],"event_choices":[{"cards_removed":["Strike_R"],"damage_healed":0,"gold_gain":0,"player_choice":"Forget","damage_taken":0,"max_hp_gain":0,"max_hp_loss":0,"event_name":"Living Wall","floor":3,"gold_loss":0},{"damage_healed":0,"gold_gain":0,"player_choice":"Lose Max HP","damage_taken":0,"relics_obtained":["Golden Idol"],"max_hp_gain":0,"max_hp_loss":7,"event_name":"Golden Idol","floor":4,"gold_loss":0},{"damage_healed":0,"gold_gain":0,"player_choice":"Ignored","damage_taken":0,"max_hp_gain":0,"max_hp_loss":0,"event_name":"Liars Game","floor":12,"gold_loss":0},{"damage_healed":0,"gold_gain":50,"player_choice":"Pray","damage_taken":0,"max_hp_gain":0,"max_hp_loss":0,"event_name":"Golden Shrine","floor":14,"gold_loss":0}],"is_beta":false,"boss_relics":[],"items_purged_floors":[5,11],"is_endless":false,"potions_floor_spawned":[7],"killed_by":"Hexaghost","ascension_level":19}