{"gold_per_floor":[118,118,132,145,29,29,45,45,45,64,82,82,92,92,92,166,166,184,203,222,49,76,76,94,94,121,121,135,169,185,203,203,203],"floor_reached":33,"playtime":2076,"items_purged":["Strike_R"],"score":487,"play_id":"d161953b-ea75-435c-b0cf-22d476245914","local_time":"20190217074348","is_ascension_mode":true,"campfire_choices":[{"data":"Whirlwind","floor":6,"key":"SMITH"},{"data":"Shrug It Off","floor":8,"key":"SMITH"},{"floor":12,"key":"REST"},{"floor":15,"key":"REST"},{"floor":23,"key":"REST"},{"floor":25,"key":"REST"},{"floor":27,"key":"REST"},{"floor":32,"key":"REST"}],"neow_cost":"CURSE","seed_source_timestamp":140778927784283,"circlet_count":0,"master_deck":["AscendersBane","Strike_R","Strike_R","Strike_R","Defend_R","Defend_R","Defend_R","Defend_R","Bash","Clumsy","Shrug It Off+1","Flex","Sever Soul","Whirlwind+1","Spot Weakness","Body Slam","Thunderclap","Warcry","Dark Embrace","Feel No Pain","Dropkick","Corruption","Flex","Armaments"],"relics":["Burning Blood","Turnip","Singing Bowl","GremlinMask","Busted Crown","Pen Nib","Orichalcum","Ancient Tea Set","Bottled Flame"],"potions_floor_usage":[11,16,19,20,24,29,30,33],"damage_taken":[{"damage":28,"enemies":"Jaw Worm","floor":1,"turns":7},{"damage":12,"enemies":"Cultist","floor":3,"turns":6},{"damage":3,"enemies":"2 Louse","floor":4,"turns":3},{"damage":0,"enemies":"Lots of Slimes","floor":7,"turns":1},{"damage":14,"enemies":"Red Slaver","floor":10,"turns":3},{"damage":14,"enemies":"Gremlin Gang","floor":11,"turns":4},{"damage":21,"enemies":"Exordium Thugs","floor":13,"turns":3},{"damage":69,"enemies":"Slime Boss","floor":16,"turns":10},{"damage":2,"enemies":"3 Byrds","floor":18,"turns":4},{"damage":40,"enemies":"Chosen","floor":19,"turns":7},{"damage":46,"enemies":"Snecko","floor":20,"turns":6},{"damage":13,"enemies":"Cultist and Chosen","floor":24,"turns":6},{"damage":37,"enemies":"Snake Plant","floor":28,"turns":6},{"damage":35,"enemies":"Slavers","floor":29,"turns":4},{"damage":0,"enemies":"3 Cultists","floor":30,"turns":3},{"damage":15,"enemies":"Snecko","floor":31,"turns":3},{"damage":59,"enemies":"Champ","floor":33,"turns":10}],"seed_played":"8437915356351699471","potions_obtained":[{"floor":1,"key":"Dexterity Potion"},{"floor":11,"key":"Fruit Juice"},{"floor":13,"key":"Strength Potion"},{"floor":16,"key":"Regen Potion"},{"floor":19,"key":"Poison Potion"},{"floor":20,"key":"Block Potion"},{"floor":28,"key":"AttackPotion"},{"floor":29,"key":"GamblersBrew"}],"is_trial":false,"path_per_floor":["M","?","M","M","$","R","M","R","T","M","M","R","M","?","R","B",null,"M","M","M","$","T","R","M","R","T","R","M","E","M","M","R","B"],"character_chosen":"IRONCLAD","items_purchased":["Whirlwind","Pen Nib"],"campfire_rested":6,"item_purchase_floors":[5,21],"current_hp_per_floor":[46,46,40,43,43,43,49,49,49,41,38,62,47,47,71,8,62,66,47,7,7,7,31,26,50,50,74,43,14,22,15,40,0],"gold":203,"neow_bonus":"ONE_RARE_RELIC","is_prod":false,"is_daily":false,"chose_seed":false,"campfire_upgraded":2,"win_rate":0,"timestamp":1550414628,"path_taken":["M","?","M","M","$","R","M","R","T","?","M","R","M","?","R","BOSS","M","M","?","$","?","R","M","R","T","R","?","E","M","M","R","BOSS"],"build_version":"2019-01-23","purchased_purges":1,"victory":false,"max_hp_per_floor":[75,75,75,75,75,75,75,75,75,75,80,80,80,80,80,80,80,80,80,80,80,80,80,82,82,82,82,82,82,84,86,86,86],"card_choices":[{"not_picked":["Carnage","Twin Strike"],"picked":"Shrug It Off","floor":1},{"not_picked":["Sword Boomerang","Anger"],"picked":"Sever Soul","floor":3},{"not_picked":["Havoc","Perfected Strike","Sword Boomerang"],"picked":"SKIP","floor":4},{"not_picked":["Evolve","Iron Wave"],"picked":"Spot Weakness","floor":7},{"not_picked":["Second Wind","Ghostly Armor"],"picked":"Body Slam","floor":10},{"not_picked":["Iron Wave","Second Wind"],"picked":"Thunderclap","floor":11},{"not_picked":["Sword Boomerang","Intimidate"],"picked":"Warcry","floor":13},{"not_picked":["Immolate","Bludgeon"],"picked":"Dark Embrace","floor":16},{"not_picked":[],"picked":"Feel No Pain","floor":18},{"not_picked":[],"picked":"Dropkick","floor":19},{"not_picked":[],"picked":"Corruption","floor":20},{"not_picked":["Perfected Strike"],"picked":"Singing Bowl","floor":24},{"not_picked":[],"picked":"Flex","floor":28},{"not_picked":[],"picked":"Armaments","floor":29},{"not_picked":["Battle Trance+1"],"picked":"Singing Bowl","floor":30},{"not_picked":["Sword Boomerang"],"picked":"Singing Bowl","floor":31}],"player_experience":1128581,"relics_obtained":[{"floor":9,"key":"Singing Bowl"},{"floor":22,"key":"Orichalcum"},{"floor":26,"key":"Ancient Tea Set"},{"floor":29,"key":"Bottled Flame"}],"event_choices":[{"damage_healed":0,"gold_gain":0,"cards_transformed":["Strike_R"],"player_choice":"Transformed","damage_taken":0,"max_hp_gain":0,"max_hp_loss":0,"event_name":"Transmorgrifier","floor":2,"gold_loss":0,"cards_obtained":["Flex"]},{"damage_healed":0,"gold_gain":0,"player_choice":"Trade","damage_taken":0,"relics_obtained":["GremlinMask"],"max_hp_gain":0,"max_hp_loss":0,"event_name":"FaceTrader","floor":14,"gold_loss":0}],"is_beta":false,"boss_relics":[{"not_picked":["Astrolabe","Velvet Choker"],"picked":"Busted Crown"}],"items_purged_floors":[5],"is_endless":false,"potions_floor_spawned":[1,11,13,16,19,20,28,29],"killed_by":"Champ","ascension_level":17}