{"gold_per_floor":[118,131,56,56,56,85,85,105,105,135,135,35,35,45,45,123,123,134,134,9,9,59,59],"floor_reached":23,"playtime":776,"items_purged":["Strike_R","Strike_R","Strike_R"],"score":440,"play_id":"a359a932-3338-40c4-a6e9-1f47df6c18f5","local_time":"20190305183514","is_ascension_mode":true,"campfire_choices":[{"data":"True Grit","floor":7,"key":"SMITH"},{"data":"Wild Strike","floor":11,"key":"SMITH"},{"data":"Bash","floor":13,"key":"SMITH"},{"data":"Body Slam","floor":15,"key":"SMITH"}],"neow_cost":"NONE","seed_source_timestamp":350758817303056,"circlet_count":0,"master_deck":["AscendersBane","Strike_R","Defend_R","Defend_R","Defend_R","Defend_R","Bash+1","True Grit+1","Clash","Thunderclap","Feel No Pain+1","Wild Strike+1","Body Slam+1","Immolate","Cleave+1"],"relics":["Burning Blood","NeowsBlessing","Frozen Egg 2","Pear","Shuriken","Philosopher\u0027s Stone"],"potions_floor_usage":[10,16],"damage_taken":[{"damage":0,"enemies":"Cultist","floor":1,"turns":1},{"damage":0,"enemies":"Small Slimes","floor":2,"turns":1},{"damage":0,"enemies":"Gremlin Nob","floor":6,"turns":1},{"damage":0,"enemies":"2 Louse","floor":8,"turns":2},{"damage":15,"enemies":"3 Sentries","floor":10,"turns":13},{"damage":0,"enemies":"Looter","floor":14,"turns":2},{"damage":80,"enemies":"Hexaghost","floor":16,"turns":10},{"damage":19,"enemies":"2 Thieves","floor":18,"turns":2},{"damage":67,"enemies":"Slavers","floor":23,"turns":3}],"seed_played":"7185799684027191758","potions_obtained":[{"floor":6,"key":"Dexterity Potion"},{"floor":8,"key":"Block Potion"}],"is_trial":false,"path_per_floor":["M","M","$","?","?","E","R","M","T","E","R","$","R","M","R","B",null,"M","?","$","?","?","E"],"character_chosen":"IRONCLAD","items_purchased":[],"campfire_rested":0,"item_purchase_floors":[],"current_hp_per_floor":[74,75,75,75,75,75,75,75,85,76,76,76,76,82,82,8,66,53,53,53,70,62,0],"gold":59,"neow_bonus":"THREE_ENEMY_KILL","is_prod":false,"is_daily":false,"chose_seed":false,"campfire_upgraded":4,"win_rate":0,"timestamp":1551836114,"path_taken":["M","M","$","?","?","E","R","M","T","E","R","$","R","M","R","BOSS","M","?","$","?","?","E"],"build_version":"2019-01-23","purchased_purges":3,"victory":false,"max_hp_per_floor":[75,75,75,75,75,75,75,75,85,85,85,85,85,85,85,85,85,85,85,85,85,85,85],"card_choices":[{"not_picked":["Perfected Strike","Heavy Blade"],"picked":"True Grit","floor":1},{"not_picked":["Havoc","Pummel"],"picked":"Clash","floor":2},{"not_picked":["Reckless Charge","Heavy Blade"],"picked":"Thunderclap","floor":6},{"not_picked":["Disarm","Corruption+1"],"picked":"Feel No Pain+1","floor":8},{"not_picked":["Pommel Strike","Flex"],"picked":"Wild Strike","floor":10},{"not_picked":["Combust+1","Wild Strike"],"picked":"Body Slam","floor":14},{"not_picked":["Fiend Fire","Bludgeon"],"picked":"Immolate","floor":16},{"not_picked":["Heavy Blade","Sword Boomerang+1"],"picked":"Cleave+1","floor":18}],"player_experience":1338057,"relics_obtained":[{"floor":6,"key":"Frozen Egg 2"},{"floor":9,"key":"Pear"},{"floor":10,"key":"Shuriken"}],"event_choices":[{"cards_removed":["Strike_R"],"damage_healed":0,"gold_gain":0,"player_choice":"Forget","damage_taken":0,"max_hp_gain":0,"max_hp_loss":0,"event_name":"Living Wall","floor":4,"gold_loss":0},{"damage_healed":0,"gold_gain":0,"player_choice":"Leave","damage_taken":0,"max_hp_gain":0,"max_hp_loss":0,"event_name":"The Cleric","floor":5,"gold_loss":0},{"damage_healed":0,"gold_gain":0,"player_choice":"Ignored","damage_taken":0,"max_hp_gain":0,"max_hp_loss":0,"event_name":"Vampires","floor":19,"gold_loss":0},{"damage_healed":17,"gold_gain":0,"player_choice":"Heal","damage_taken":0,"max_hp_gain":0,"max_hp_loss":0,"event_name":"The Library","floor":21,"gold_loss":0},{"damage_healed":0,"gold_gain":50,"player_choice":"Touch","damage_taken":8,"max_hp_gain":0,"max_hp_loss":0,"event_name":"FaceTrader","floor":22,"gold_loss":0}],"is_beta":false,"boss_relics":[{"not_picked":["Lizard Tail","Orrery"],"picked":"Philosopher\u0027s Stone"}],"items_purged_floors":[3,12,20],"is_endless":false,"potions_floor_spawned":[6,8],"killed_by":"Slavers","ascension_level":20}