{"gold_per_floor":[110,124,141,157,157,157,184,184,184,212,212,212,228,72,72,72],"floor_reached":16,"playtime":761,"items_purged":["Strike_R"],"score":215,"play_id":"2539a97c-7907-4e64-b3b2-23305cbc1ef6","local_time":"20190301191707","is_ascension_mode":true,"campfire_choices":[{"data":"Thunderclap","floor":6,"key":"SMITH"},{"floor":11,"key":"REST"},{"floor":15,"key":"REST"}],"neow_cost":"TEN_PERCENT_HP_LOSS","seed_source_timestamp":7680889620178,"circlet_count":0,"master_deck":["AscendersBane","Defend_R","Defend_R","Defend_R","Defend_R","Bash","Dropkick","Shrug It Off","Carnage","Thunderclap+1","Metallicize","Flame Barrier","Uppercut","Second Wind"],"relics":["Burning Blood","Shuriken","Gremlin Horn","Matryoshka"],"potions_floor_usage":[7,10,16],"damage_taken":[{"damage":7,"enemies":"Cultist","floor":1,"turns":4},{"damage":4,"enemies":"2 Louse","floor":2,"turns":3},{"damage":9,"enemies":"Jaw Worm","floor":3,"turns":4},{"damage":12,"enemies":"Large Slime","floor":4,"turns":5},{"damage":24,"enemies":"Lagavulin","floor":7,"turns":5},{"damage":39,"enemies":"3 Sentries","floor":10,"turns":6},{"damage":3,"enemies":"Looter","floor":13,"turns":3},{"damage":60,"enemies":"Slime Boss","floor":16,"turns":9}],"seed_played":"-7799018040716505838","potions_obtained":[{"floor":2,"key":"Regen Potion"},{"floor":7,"key":"LiquidBronze"},{"floor":13,"key":"LiquidBronze"}],"is_trial":false,"path_per_floor":["M","M","M","M","?","R","E","?","T","E","R","?","M","$","R","B"],"character_chosen":"IRONCLAD","items_purchased":["Second Wind"],"campfire_rested":2,"item_purchase_floors":[14],"current_hp_per_floor":[67,68,65,59,59,59,55,55,55,22,42,35,38,38,58,0],"gold":72,"neow_bonus":"REMOVE_TWO","is_prod":false,"is_daily":false,"chose_seed":false,"campfire_upgraded":1,"win_rate":0,"timestamp":1551493027,"path_taken":["M","M","?","M","?","R","E","?","T","E","R","?","M","?","R","BOSS"],"build_version":"2019-01-23","purchased_purges":1,"victory":false,"max_hp_per_floor":[68,68,68,68,68,68,68,68,68,68,68,68,68,68,68,68],"card_choices":[{"not_picked":["Anger","Havoc"],"picked":"Dropkick","floor":1},{"not_picked":["Iron Wave","Pommel Strike"],"picked":"Shrug It Off","floor":2},{"not_picked":["Clothesline","Combust"],"picked":"Carnage","floor":3},{"not_picked":["Anger","Heavy Blade"],"picked":"Thunderclap","floor":4},{"not_picked":["Anger","Battle Trance"],"picked":"Metallicize","floor":7},{"not_picked":["Flex","Feel No Pain"],"picked":"Flame Barrier","floor":10},{"not_picked":["Bloodletting","Cleave"],"picked":"Uppercut","floor":13}],"player_experience":1306113,"relics_obtained":[{"floor":7,"key":"Shuriken"},{"floor":9,"key":"Gremlin Horn"},{"floor":10,"key":"Matryoshka"}],"event_choices":[{"cards_removed":["Strike_R"],"damage_healed":0,"gold_gain":0,"player_choice":"Forget","damage_taken":0,"max_hp_gain":0,"max_hp_loss":0,"event_name":"Living Wall","floor":5,"gold_loss":0},{"damage_healed":0,"gold_gain":0,"player_choice":"Ignored","damage_taken":0,"max_hp_gain":0,"max_hp_loss":0,"event_name":"Liars Game","floor":8,"gold_loss":0},{"cards_removed":["Strike_R"],"damage_healed":0,"gold_gain":0,"player_choice":"Card Removal","damage_taken":7,"max_hp_gain":0,"max_hp_loss":0,"event_name":"Golden Wing","floor":12,"gold_loss":0}],"is_beta":false,"boss_relics":[],"items_purged_floors":[14],"is_endless":false,"potions_floor_spawned":[2,7,13],"killed_by":"Slime Boss","ascension_level":19}