{"path_per_floor":["M","M","?","M","M","R","M","R","T","R","M","E","M","E","R","B",null,"M","$","M","$","M","R","M","M","T","R","E","M","M","?","R","B",null,"M","M"],"character_chosen":"DEFECT","items_purchased":["Matryoshka","Frozen Egg 2"],"gold_per_floor":[118,128,128,140,159,159,170,170,248,248,261,296,312,340,340,441,471,486,3,23,23,41,41,56,68,68,68,94,110,125,125,125,224,224,236,251,251],"floor_reached":37,"campfire_rested":5,"playtime":3099,"item_purchase_floors":[19,19],"current_hp_per_floor":[68,67,67,67,52,52,44,44,44,66,66,58,56,26,48,37,71,55,55,50,50,33,57,32,32,32,56,51,42,44,44,68,49,72,49,42,0],"items_purged":[],"gold":251,"score":626,"play_id":"732452ec-f9b5-4c41-bd7b-5f9d53e1a9cb","local_time":"20180525233438","is_prod":false,"is_daily":false,"chose_seed":false,"is_ascension_mode":true,"campfire_upgraded":2,"win_rate":0,"timestamp":1527312878,"campfire_choices":[{"data":"Genetic Algorithm","floor":6,"key":"SMITH"},{"data":"White Noise","floor":8,"key":"SMITH"},{"floor":10,"key":"REST"},{"floor":15,"key":"REST"},{"floor":23,"key":"REST"},{"floor":27,"key":"REST"},{"floor":32,"key":"REST"}],"path_taken":["M","M","?","M","M","R","M","R","T","R","M","E","M","E","R","BOSS","M","$","M","$","M","R","M","M","T","R","E","M","M","?","R","BOSS","M","M","?"],"build_version":"2018-05-24","seed_source_timestamp":1389984217581250,"purchased_purges":0,"victory":false,"master_deck":["Strike_B","Strike_B","Strike_B","Strike_B","Defend_B","Defend_B","Defend_B","Defend_B","Zap+1","Dualcast+1","Melter+1","FTL","Dark Shackles","Rainbow","Streamline","Genetic Algorithm+1","White Noise+1","White Noise","Heatsinks","Sweeping Beam","Echo Form","Rebound","Reinforced Body+1","Buffer+1","BootSequence","BootSequence","Defragment+1","Genetic Algorithm+1","Electrodynamics+1","Static Discharge+1","Go for the Eyes+1"],"max_hp_per_floor":[75,75,75,75,75,75,75,75,75,75,75,75,75,75,75,75,80,80,80,80,80,80,80,80,80,80,80,80,80,80,80,80,80,80,80,80,80],"relics":["Cracked Core","War Paint","Bottled Flame","Girya","DataDisk","Tiny House","Matryoshka","Frozen Egg 2","Dream Catcher","Blood Vial","Anchor","Sozu"],"card_choices":[{"not_picked":["Darkness","Cold Snap"],"picked":"Melter","floor":1},{"not_picked":["Compile Driver","Gash"],"picked":"FTL","floor":2},{"not_picked":["Hologram","Hello World"],"picked":"Streamline","floor":4},{"not_picked":["Blizzard","Darkness"],"picked":"Genetic Algorithm","floor":5},{"not_picked":["Reinforced Body","Redo"],"picked":"White Noise","floor":7},{"not_picked":["Steam","Steam Power"],"picked":"White Noise","floor":11},{"not_picked":["Leap","BootSequence"],"picked":"Heatsinks","floor":12},{"not_picked":["Undo","Ball Lightning"],"picked":"Sweeping Beam","floor":13},{"not_picked":["Redo","Capacitor","Coolheaded"],"picked":"SKIP","floor":14},{"not_picked":["Meteor Strike","Thunder Strike"],"picked":"Echo Form","floor":16},{"not_picked":["Darkness","Coolheaded"],"picked":"Rebound","floor":17},{"not_picked":["Beam Cell","Compile Driver"],"picked":"Reinforced Body+1","floor":18},{"not_picked":["Hologram","Leap","Barrage"],"picked":"SKIP","floor":20},{"not_picked":["Ball Lightning","Leap"],"picked":"Buffer+1","floor":22},{"not_picked":["Streamline","Cold Snap"],"picked":"BootSequence","floor":24},{"not_picked":["Coolheaded","Hello World+1"],"picked":"BootSequence","floor":25},{"not_picked":["Reinforced Body","Rebound+1"],"picked":"Defragment+1","floor":28},{"not_picked":["Hologram","Redo","Barrage"],"picked":"SKIP","floor":29},{"not_picked":["Barrage+1","Aggregate","Hello World+1"],"picked":"SKIP","floor":30},{"not_picked":["Hyperbeam","Echo Form+1"],"picked":"Electrodynamics+1","floor":33},{"not_picked":["Stack","Beam Cell+1"],"picked":"Static Discharge+1","floor":35},{"not_picked":["Turbo+1","Sweeping Beam+1"],"picked":"Go for the Eyes+1","floor":36}],"player_experience":164266,"potions_floor_usage":[12,20,24,33,35,37],"damage_taken":[{"damage":0,"enemies":"2 Louse","floor":1,"turns":2},{"damage":1,"enemies":"Cultist","floor":2,"turns":3},{"damage":0,"enemies":"Jaw Worm","floor":4,"turns":3},{"damage":15,"enemies":"Gremlin Gang","floor":5,"turns":3},{"damage":8,"enemies":"Blue Slaver","floor":7,"turns":3},{"damage":0,"enemies":"Large Slime","floor":11,"turns":4},{"damage":8,"enemies":"3 Sentries","floor":12,"turns":4},{"damage":9,"enemies":"Red Slaver","floor":13,"turns":2},{"damage":30,"enemies":"Lagavulin","floor":14,"turns":5},{"damage":11,"enemies":"Hexaghost","floor":16,"turns":8},{"damage":16,"enemies":"2 Thieves","floor":18,"turns":4},{"damage":5,"enemies":"Shell Parasite","floor":20,"turns":3},{"damage":24,"enemies":"Snake Plant","floor":22,"turns":4},{"damage":25,"enemies":"Chosen and Byrds","floor":24,"turns":6},{"damage":0,"enemies":"Snecko","floor":25,"turns":7},{"damage":14,"enemies":"Book of Stabbing","floor":28,"turns":6},{"damage":11,"enemies":"Snake Plant","floor":29,"turns":5},{"damage":0,"enemies":"Centurion and Healer","floor":30,"turns":7},{"damage":21,"enemies":"Automaton","floor":33,"turns":14},{"damage":25,"enemies":"Flame Bruiser 1 Orb","floor":35,"turns":8},{"damage":9,"enemies":"3 Darklings","floor":36,"turns":4},{"damage":61,"enemies":"Mysterious Sphere","floor":37,"turns":4}],"relics_obtained":[{"floor":9,"key":"Bottled Flame"},{"floor":12,"key":"Girya"},{"floor":14,"key":"DataDisk"},{"floor":26,"key":"Dream Catcher"},{"floor":26,"key":"Blood Vial"},{"floor":28,"key":"Anchor"}],"event_choices":[{"event_name":"Match and Keep!","player_choice":"2 cards matched","floor":3,"damage_taken":0},{"event_name":"Duplicator","player_choice":"One dupe","floor":31,"damage_taken":0},{"event_name":"Mysterious Sphere","player_choice":"Fight","floor":37,"damage_taken":0}],"boss_relics":[{"not_picked":["Orrery","White Beast Statue"],"picked":"Tiny House"},{"not_picked":["Black Star","Eternal Feather"],"picked":"Sozu"}],"items_purged_floors":[],"potions_floor_spawned":[1,4,7,16,20,22,25,29,33,35],"seed_played":"-5483968686737410470","killed_by":"Mysterious Sphere","ascension_level":9,"potions_obtained":[{"floor":1,"key":"SteroidPotion"},{"floor":4,"key":"Ancient Potion"},{"floor":7,"key":"Energy Potion"},{"floor":16,"key":"Weak Potion"},{"floor":17,"key":"FairyPotion"},{"floor":20,"key":"FocusPotion"},{"floor":25,"key":"FearPotion"},{"floor":33,"key":"AttackPotion"}],"is_trial":false}