{"gold_per_floor":[119,130,146,146,157,157,157,157,203,236,253,253,328,356,356,460,460,474,489,489,489,500,500,510,510,510,542,632,403,403,331,331,434,434,453,148,202,202,222,249,249,261,287,299,299,6,40,58,58,58],"floor_reached":50,"playtime":2843,"items_purged":["Regret","Defend_B","Defend_B"],"score":830,"play_id":"f1ebf8c5-9b3a-4b0d-a97d-5d5aedcdfa53","local_time":"20180624234844","is_ascension_mode":true,"campfire_choices":[{"data":"Conserve Battery","floor":6,"key":"SMITH"},{"data":"Conserve Battery","floor":8,"key":"SMITH"},{"data":"Biased Cognition","floor":12,"key":"SMITH"},{"floor":15,"key":"REST"},{"floor":23,"key":"REST"},{"floor":25,"key":"REST"},{"floor":30,"key":"REST"},{"data":"Barrage","floor":32,"key":"SMITH"},{"floor":41,"key":"REST"},{"data":"Consume","floor":45,"key":"SMITH"},{"floor":49,"key":"REST"}],"neow_cost":"NONE","seed_source_timestamp":966804457199704,"circlet_count":0,"master_deck":["Defend_B","Zap","Dualcast","Conserve Battery+1","Cold Snap","Conserve Battery+1","Zap","Biased Cognition+1","Electrodynamics","Scrape+1","Cold Snap","Bite","Bite","Bite","Bite","Bite","Barrage+1","White Noise","Static Discharge+1","Clumsy","Go for the Eyes","Dark Shackles","Apotheosis","Ball Lightning","Thunder Strike","BootSequence","Writhe","Consume+1","Self Repair+1","Storm+1","Storm+1","Writhe","Conserve Battery+1","Go for the Eyes","Redo","Cold Snap","BootSequence"],"relics":["Cursed Key","Oddly Smooth Stone","Bronze Scales","Bottled Lightning","Inserter","Smiling Mask","Unceasing Top","Lizard Tail","Bottled Tornado","Prayer Wheel","Frozen Egg 2","Omamori","Ice Cream","Mercury Hourglass"],"potions_floor_usage":[14,19,27,47,50,50,50],"damage_taken":[{"damage":1,"enemies":"Cultist","floor":1,"turns":3},{"damage":0,"enemies":"Jaw Worm","floor":2,"turns":3},{"damage":7,"enemies":"Small Slimes","floor":3,"turns":4},{"damage":1,"enemies":"Blue Slaver","floor":5,"turns":4},{"damage":2,"enemies":"3 Sentries","floor":10,"turns":6},{"damage":2,"enemies":"Red Slaver","floor":11,"turns":3},{"damage":1,"enemies":"Gremlin Nob","floor":14,"turns":4},{"damage":37,"enemies":"The Guardian","floor":16,"turns":11},{"damage":16,"enemies":"Spheric Guardian","floor":18,"turns":4},{"damage":1,"enemies":"Chosen","floor":19,"turns":4},{"damage":23,"enemies":"Snecko","floor":22,"turns":5},{"damage":24,"enemies":"Snake Plant","floor":24,"turns":3},{"damage":2,"enemies":"Gremlin Leader","floor":27,"turns":4},{"damage":35,"enemies":"Collector","floor":33,"turns":8},{"damage":24,"enemies":"3 Darklings","floor":35,"turns":3},{"damage":11,"floor":37,"turns":3},{"damage":12,"enemies":"3 Shapes","floor":39,"turns":5},{"damage":50,"enemies":"2 Orb Walkers","floor":40,"turns":4},{"damage":21,"enemies":"Maw","floor":42,"turns":7},{"damage":7,"enemies":"3 Darklings","floor":44,"turns":2},{"damage":35,"enemies":"Giant Head","floor":47,"turns":6},{"damage":11,"enemies":"Sphere and 2 Shapes","floor":48,"turns":3},{"damage":49,"enemies":"Awakened One","floor":50,"turns":3}],"seed_played":"6689161632386852304","potions_obtained":[{"floor":1,"key":"SneckoOil"},{"floor":14,"key":"Explosive Potion"},{"floor":16,"key":"Dexterity Potion"},{"floor":18,"key":"AttackPotion"},{"floor":22,"key":"Block Potion"},{"floor":40,"key":"Poison Potion"},{"floor":47,"key":"Dexterity Potion"}],"is_trial":false,"path_per_floor":["M","M","M","?","M","R","?","R","T","E","M","R","?","E","R","B",null,"M","M","?","?","M","R","M","R","T","E","?","$","R","$","R","B",null,"M","$","?","?","M","E","R","M","T","M","R","$","E","M","R"],"character_chosen":"DEFECT","items_purchased":["Apotheosis","Ball Lightning","Bottled Tornado","Ice Cream"],"campfire_rested":6,"item_purchase_floors":[29,31,36,46],"current_hp_per_floor":[67,67,60,60,59,59,59,59,59,57,55,55,44,43,65,28,63,47,46,46,46,35,50,32,47,47,51,36,36,51,51,51,38,49,28,28,17,30,25,27,42,45,45,42,42,42,34,25,40,0],"gold":58,"neow_bonus":"BOSS_RELIC","is_prod":false,"is_daily":false,"chose_seed":false,"campfire_upgraded":5,"win_rate":0,"timestamp":1529905724,"path_taken":["M","M","?","?","?","R","?","R","T","E","?","R","?","E","R","BOSS","M","M","?","?","M","R","?","R","T","E","?","$","R","$","R","BOSS","M","$","?","?","M","E","R","?","T","M","R","$","E","?","R","BOSS"],"build_version":"2018-06-21v2","purchased_purges":3,"victory":false,"max_hp_per_floor":[75,75,75,75,75,75,75,75,75,75,75,75,75,75,75,75,75,75,75,52,52,52,52,52,52,52,52,52,52,52,52,52,52,52,52,52,52,52,52,52,52,52,52,52,52,52,52,52,52,52],"card_choices":[{"not_picked":["Fusion","Barrage"],"picked":"Conserve Battery","floor":1},{"not_picked":["Streamline","Gash","Barrage"],"picked":"SKIP","floor":2},{"not_picked":["Heatsinks","Turbo","Double Energy"],"picked":"SKIP","floor":3},{"not_picked":["Fission","Streamline"],"picked":"Conserve Battery","floor":5},{"not_picked":["Streamline","Reprogram","Coolheaded"],"picked":"SKIP","floor":10},{"not_picked":["Go for the Eyes","Streamline","Beam Cell"],"picked":"SKIP","floor":11},{"not_picked":["Hologram","Compile Driver","Turbo"],"picked":"SKIP","floor":14},{"not_picked":["Buffer","Meteor Strike"],"picked":"Electrodynamics","floor":16},{"not_picked":["Cold Snap","Streamline"],"picked":"Scrape+1","floor":18},{"not_picked":["Go for the Eyes","Chill"],"picked":"Cold Snap","floor":19},{"not_picked":["Streamline","Barrage"],"picked":"White Noise","floor":22},{"not_picked":["Rebound","Skim"],"picked":"Static Discharge+1","floor":24},{"not_picked":["Tempest","Rebound+1"],"picked":"Go for the Eyes","floor":27},{"not_picked":["All For One","Echo Form"],"picked":"Thunder Strike","floor":33},{"not_picked":["Cold Snap","Compile Driver","Stack"],"picked":"SKIP","floor":35},{"not_picked":["Barrage+1","Aggregate"],"picked":"BootSequence","floor":37},{"not_picked":["Cold Snap+1","Barrage+1"],"picked":"Consume","floor":39},{"not_picked":["Steam+1","Go for the Eyes"],"picked":"Self Repair+1","floor":39},{"not_picked":["Rebound+1","Core Surge","Steam"],"picked":"SKIP","floor":40},{"not_picked":["BootSequence","Cold Snap"],"picked":"Storm+1","floor":42},{"not_picked":["Barrage+1","Compile Driver"],"picked":"Storm+1","floor":42},{"not_picked":["Sunder+1","Blizzard"],"picked":"Conserve Battery+1","floor":44},{"not_picked":["Loop+1","Rip and Tear"],"picked":"Go for the Eyes","floor":44},{"not_picked":["Chaos","Rebound"],"picked":"Redo","floor":47},{"not_picked":["Rebound","Coolheaded"],"picked":"Cold Snap","floor":48},{"not_picked":["Double Energy","Go for the Eyes"],"picked":"BootSequence","floor":48}],"player_experience":894655,"relics_obtained":[{"floor":9,"key":"Oddly Smooth Stone"},{"floor":10,"key":"Bronze Scales"},{"floor":14,"key":"Bottled Lightning"},{"floor":26,"key":"Smiling Mask"},{"floor":27,"key":"Unceasing Top"},{"floor":37,"key":"Prayer Wheel"},{"floor":40,"key":"Frozen Egg 2"},{"floor":43,"key":"Omamori"},{"floor":47,"key":"Mercury Hourglass"}],"event_choices":[{"event_name":"Transmorgrifier","player_choice":"Transform","floor":4,"damage_taken":0},{"event_name":"Match and Keep!","player_choice":"2 cards matched","floor":7,"damage_taken":0},{"event_name":"World of Goop","player_choice":"Gather Gold","floor":13,"damage_taken":0},{"event_name":"Vampires","player_choice":"Became a vampire","floor":20,"damage_taken":0},{"event_name":"The Library","player_choice":"Read","floor":21,"damage_taken":0},{"event_name":"Knowing Skull","player_choice":"GOLD CARD ","floor":28,"damage_taken":0},{"event_name":"Mysterious Sphere","player_choice":"Fight","floor":37,"damage_taken":0},{"event_name":"Winding Halls","player_choice":"Writhe","floor":38,"damage_taken":0}],"boss_relics":[{"not_picked":["Tiny House","Fusion Hammer"],"picked":"Inserter"},{"not_picked":["Philosopher\u0027s Stone","Pandora\u0027s Box"],"picked":"Lizard Tail"}],"items_purged_floors":[29,31,36],"is_endless":false,"potions_floor_spawned":[1,14,16,18,22,40,42,44,47],"killed_by":"Awakened One","ascension_level":7}