{"gold_per_floor":[111,111,122,47,23,56,56,70,70,70,89,89,118,129,129,229,229,249,249,73,73,90,116,128,128,128,158,177,197,197,209,209,304,304,317,33,51,151,151,176,176,176,176,196,196,196,216,216,216,216,216,216,91,123,123],"floor_reached":55,"playtime":5055,"items_purged":["Strike_R","Writhe","Defend_R"],"score":849,"play_id":"ee93898e-8c77-41c1-a56a-21e3aa7e0c47","local_time":"20190306200723","is_ascension_mode":true,"campfire_choices":[{"data":"Armaments","floor":7.0,"key":"SMITH"},{"data":"Metallicize","floor":12.0,"key":"SMITH"},{"data":"Demon Form","floor":15.0,"key":"SMITH"},{"data":"Body Slam","floor":25.0,"key":"SMITH"},{"data":"Carnage","floor":32.0,"key":"SMITH"},{"floor":42,"key":"RECALL"},{"data":"True Grit","floor":45,"key":"SMITH"},{"data":"Bash","floor":49,"key":"SMITH"},{"data":"Shrug It Off","floor":52,"key":"SMITH"}],"neow_cost":"NONE","seed_source_timestamp":0,"circlet_count":0,"master_deck":["Defend_R","Defend_R","Defend_R","Bash+1","Carnage+1","Armaments+1","True Grit+1","Anger","Body Slam+1","Metallicize+1","Demon Form+1","Clothesline+1","Reaper+1","Shrug It Off+1","Flame Barrier+1","Bite+1","Bite+1","Bite+1","Bite+1","Bite+1","True Grit+1","Havoc+1","Pummel+1","Reckless Charge+1","Disarm+1","Ghostly Armor+1","Uppercut+1","Impervious+1","Infernal Blade+1","Battle Trance+1","Havoc+1","Pommel Strike+1","Reaper+1","Metamorphosis+1","Reckless Charge+1","Shrug It Off+1"],"special_seed":0,"relics":["Burning Blood","Potion Belt","Bottled Lightning","Orichalcum","Molten Egg 2","Juzu Bracelet","Coffee Dripper","Toxic Egg 2","Oddly Smooth Stone","Paper Frog","Vajra","Runic Pyramid","ClockworkSouvenir","Bird Faced Urn","Mango","Omamori","Bronze Scales"],"potions_floor_usage":[55,55],"damage_taken":[{"damage":2.0,"enemies":"Jaw Worm","floor":1.0,"turns":3.0},{"damage":0.0,"enemies":"Cultist","floor":3.0,"turns":2.0},{"damage":27.0,"enemies":"Lagavulin","floor":6.0,"turns":6.0},{"damage":8.0,"enemies":"Small Slimes","floor":8.0,"turns":3.0},{"damage":8.0,"enemies":"2 Fungi Beasts","floor":11.0,"turns":3.0},{"damage":13.0,"enemies":"3 Sentries","floor":13.0,"turns":8.0},{"damage":0.0,"enemies":"Blue Slaver","floor":14.0,"turns":5.0},{"damage":19.0,"enemies":"Slime Boss","floor":16.0,"turns":8.0},{"damage":21.0,"enemies":"3 Byrds","floor":18.0,"turns":4.0},{"damage":8.0,"enemies":"Chosen","floor":22.0,"turns":6.0},{"damage":20.0,"enemies":"Gremlin Leader","floor":23.0,"turns":5.0},{"damage":11.0,"enemies":"Centurion and Healer","floor":24.0,"turns":6.0},{"damage":32.0,"enemies":"Book of Stabbing","floor":27.0,"turns":7.0},{"damage":8.0,"enemies":"Chosen and Byrds","floor":28.0,"turns":7.0},{"damage":24.0,"enemies":"Shelled Parasite and Fungi","floor":29.0,"turns":6.0},{"damage":8.0,"enemies":"Snecko","floor":31.0,"turns":5.0},{"damage":18.0,"enemies":"Champ","floor":33.0,"turns":8.0},{"damage":15.0,"enemies":"3 Darklings","floor":35.0,"turns":9.0},{"damage":5.0,"enemies":"Orb Walker","floor":37.0,"turns":3.0},{"damage":3,"enemies":"Mind Bloom Boss Battle","floor":38,"turns":6},{"damage":55,"enemies":"Reptomancer","floor":40,"turns":7},{"damage":22,"enemies":"Sphere and 2 Shapes","floor":44,"turns":7},{"damage":0,"enemies":"Maw","floor":47,"turns":6},{"damage":38,"enemies":"Time Eater","floor":50,"turns":9},{"damage":63,"enemies":"Shield and Spear","floor":54,"turns":7},{"damage":114,"enemies":"The Heart","floor":55,"turns":8}],"seed_played":"-2093419866279025383","potions_obtained":[{"floor":1.0,"key":"BloodPotion"},{"floor":2.0,"key":"Fire Potion"},{"floor":2.0,"key":"SmokeBomb"},{"floor":2.0,"key":"FairyPotion"},{"floor":6.0,"key":"FearPotion"},{"floor":13.0,"key":"SpeedPotion"},{"floor":14.0,"key":"Ancient Potion"},{"floor":28.0,"key":"FearPotion"},{"floor":38,"key":"EssenceOfSteel"}],"is_trial":false,"path_per_floor":["M","?","M","$","$","E","R","M","T","T","M","R","E","M","R","B",null,"M","?","$","?","M","E","M","R","T","E","M","M","T","M","R","B",null,"M","$","M","?","?","E","?","R","T","M","R","?","M","?","R","B",null,"R","$","E","B"],"character_chosen":"IRONCLAD","items_purchased":["True Grit","Flame Barrier+1","ClockworkSouvenir","Battle Trance+1"],"campfire_rested":0,"item_purchase_floors":[5,20,36,36],"current_hp_per_floor":[80,80,80,80,80,59,59,57,57,57,55,55,48,54,54,41,80,66,66,66,56,56,56,56,56,56,39,46,49,49,54,54,56,56,56,56,56,56,56,37,37,37,37,47,47,47,70,66,66,51,66,66,66,61,0],"gold":123,"neow_bonus":"RANDOM_COMMON_RELIC","is_prod":false,"is_daily":false,"chose_seed":false,"campfire_upgraded":8,"win_rate":0,"timestamp":1551928043,"path_taken":["M","?","M","?","$","E","R","M","T","?","M","R","E","M","R","BOSS","M","?","$","?","M","E","M","R","T","E","M","M","?","M","R","BOSS","M","$","M","?","?","E","?","R","T","M","R","?","M","?","R","BOSS","R","$","E","BOSS"],"build_version":"2019-01-23","purchased_purges":3,"victory":false,"max_hp_per_floor":[80,80,80,80,80,80,80,80,80,80,80,80,80,80,80,80,80,80,80,80,56,56,56,56,56,56,56,56,56,56,56,56,56,56,56,56,56,56,56,70,70,70,70,70,70,70,70,66,66,66,66,66,66,66,66],"card_choices":[{"not_picked":["Cleave","Hemokinesis"],"picked":"Carnage","floor":1.0},{"not_picked":["Thunderclap","Body Slam"],"picked":"Armaments","floor":3.0},{"not_picked":["Pummel","Entrench"],"picked":"Anger","floor":6.0},{"not_picked":["Rage","Wild Strike"],"picked":"Body Slam","floor":8.0},{"not_picked":["Body Slam+1","Pommel Strike+1"],"picked":"Metallicize","floor":11.0},{"not_picked":["True Grit","Searing Blow+1"],"picked":"Demon Form","floor":13.0},{"not_picked":["Flex","Sentinel"],"picked":"Clothesline+1","floor":14.0},{"not_picked":["Bludgeon+1","Fiend Fire+1"],"picked":"Reaper+1","floor":16.0},{"not_picked":["Anger+1","Twin Strike+1"],"picked":"Shrug It Off","floor":18.0},{"not_picked":["Twin Strike+1","Rage+1"],"picked":"True Grit+1","floor":22.0},{"not_picked":["Hemokinesis+1","Feel No Pain+1"],"picked":"Havoc+1","floor":23.0},{"not_picked":["Sword Boomerang+1","Corruption"],"picked":"Pummel+1","floor":24.0},{"not_picked":["Juggernaut","Armaments+1"],"picked":"Reckless Charge+1","floor":27.0},{"not_picked":["Havoc+1","Power Through+1"],"picked":"Disarm+1","floor":28.0},{"not_picked":["Intimidate+1","Flex+1"],"picked":"Ghostly Armor+1","floor":29.0},{"not_picked":["Body Slam+1","Sword Boomerang+1"],"picked":"Uppercut+1","floor":31.0},{"not_picked":["Immolate+1","Reaper+1"],"picked":"Impervious+1","floor":33.0},{"not_picked":["Headbutt+1","Wild Strike+1"],"picked":"Infernal Blade+1","floor":35.0},{"not_picked":["Warcry+1","Flex+1"],"picked":"Havoc+1","floor":37},{"not_picked":["Disarm+1","Headbutt+1"],"picked":"Pommel Strike+1","floor":38},{"not_picked":["Whirlwind+1","Perfected Strike+1"],"picked":"Reaper+1","floor":40},{"not_picked":["Headbutt+1","Wild Strike+1","Bloodletting+1"],"picked":"SKIP","floor":44},{"not_picked":["HandOfGreed+1","Transmutation+1"],"picked":"Metamorphosis+1","floor":46},{"not_picked":["Thunderclap+1","Corruption+1"],"picked":"Reckless Charge+1","floor":47},{"not_picked":["Iron Wave+1","Clash+1"],"picked":"Shrug It Off+1","floor":54}],"player_experience":48351,"relics_obtained":[{"floor":6.0,"key":"Bottled Lightning"},{"floor":9.0,"key":"Orichalcum"},{"floor":10.0,"key":"Molten Egg 2"},{"floor":13.0,"key":"Juzu Bracelet"},{"floor":23.0,"key":"Oddly Smooth Stone"},{"floor":27.0,"key":"Paper Frog"},{"floor":30.0,"key":"Vajra"},{"floor":38,"key":"Bird Faced Urn"},{"floor":40,"key":"Mango"},{"floor":43,"key":"Omamori"},{"floor":54,"key":"Bronze Scales"}],"event_choices":[{"damage_healed":0.0,"max_hp_gain":0.0,"max_hp_loss":0.0,"gold_gain":0.0,"event_name":"Lab","player_choice":"Got Potions","floor":2.0,"gold_loss":0.0,"damage_taken":0.0},{"damage_healed":0.0,"max_hp_gain":0.0,"max_hp_loss":0.0,"gold_gain":0.0,"event_name":"The Mausoleum","player_choice":"Opened","floor":19.0,"gold_loss":0.0,"damage_taken":0.0,"relics_obtained":["Toxic Egg 2"],"cards_obtained":["Writhe"]},{"damage_healed":0.0,"max_hp_gain":0.0,"max_hp_loss":24.0,"gold_gain":0.0,"event_name":"Vampires","player_choice":"Became a vampire","floor":21.0,"gold_loss":0.0,"damage_taken":0.0,"cards_obtained":["Bite","Bite","Bite","Bite","Bite"]},{"damage_healed":0,"gold_gain":0,"player_choice":"Fight","damage_taken":0,"max_hp_gain":0,"max_hp_loss":0,"event_name":"MindBloom","floor":38,"gold_loss":0},{"damage_healed":0,"gold_gain":0,"player_choice":"Ignored","damage_taken":0,"max_hp_gain":0,"max_hp_loss":0,"event_name":"Tomb of Lord Red Mask","floor":39,"gold_loss":0},{"damage_healed":0,"gold_gain":0,"player_choice":"Ignored","damage_taken":0,"max_hp_gain":0,"max_hp_loss":0,"event_name":"Mysterious Sphere","floor":41,"gold_loss":0},{"damage_healed":0,"gold_gain":0,"player_choice":"Memory 1","damage_taken":0,"max_hp_gain":0,"max_hp_loss":0,"event_name":"SensoryStone","floor":46,"gold_loss":0},{"damage_healed":0,"gold_gain":0,"player_choice":"Max HP","damage_taken":0,"max_hp_gain":0,"max_hp_loss":4,"event_name":"Winding Halls","floor":48,"gold_loss":0}],"is_beta":false,"boss_relics":[{"not_picked":["Orrery","Mark of Pain"],"picked":"Coffee Dripper"},{"not_picked":["Black Star","White Beast Statue"],"picked":"Runic Pyramid"}],"items_purged_floors":[4,20,53],"is_endless":false,"potions_floor_spawned":[1,6,13,14,22,24,28,29,38,40,54],"killed_by":"The Heart","ascension_level":3}