{"gold_per_floor":[117,128,47,47,58,58,21,52,52,52,78,78,178,207,207,306,306,306,306,194,194,194,194,194,194,194,194,194,194,194,194,194,194,194,194,194,94,94,94,94,55,55,55,55,55,55,55,55,55,55,55,55,4,4,4],"floor_reached":55,"playtime":4282,"items_purged":["Strike_G","Strike_G"],"score":819,"play_id":"c0238c0f-75ea-4788-937c-105f9ceabf0f","local_time":"20190306214419","is_ascension_mode":true,"campfire_choices":[{"data":"Noxious Fumes","floor":6,"key":"SMITH"},{"data":"Leg Sweep","floor":10,"key":"SMITH"},{"data":"Burst","floor":12,"key":"SMITH"},{"data":"Noxious Fumes","floor":15,"key":"SMITH"},{"data":"Catalyst","floor":25,"key":"SMITH"},{"data":"Neutralize","floor":30,"key":"SMITH"},{"data":"Dodge and Roll","floor":32,"key":"SMITH"},{"floor":40,"key":"REST"},{"floor":44,"key":"REST"},{"floor":46,"key":"RECALL"},{"floor":49,"key":"REST"},{"data":"Well Laid Plans","floor":52,"key":"SMITH"}],"neow_cost":"TEN_PERCENT_HP_LOSS","seed_source_timestamp":494927502357552,"circlet_count":0,"master_deck":["Defend_G","Defend_G","Defend_G","Defend_G","Defend_G","Strike_G","Strike_G","Survivor","Neutralize+1","Trip","Madness","Crippling Poison","Leg Sweep+1","Noxious Fumes+1","Flying Knee","Predator","Deadly Poison","Burst+1","Noxious Fumes+1","Adrenaline","Backflip","Catalyst+1","Well Laid Plans+1","PiercingWail","Noxious Fumes+1","Dagger Throw","PiercingWail","Backstab+1","Infinite Blades+1","Dodge and Roll+1","Glass Knife","Dodge and Roll","Bane","Poisoned Stab","Caltrops","Acrobatics"],"relics":["Ring of the Snake","Snake Skull","Letter Opener","Bag of Marbles","Sundial","Ectoplasm","WingedGreaves","Pocketwatch","Kunai","Busted Crown","Boot","Orichalcum"],"potions_floor_usage":[11,24,29,33,50,54,55,55],"damage_taken":[{"damage":2,"enemies":"Small Slimes","floor":1,"turns":3},{"damage":9,"enemies":"Jaw Worm","floor":2,"turns":4},{"damage":0,"enemies":"Cultist","floor":5,"turns":4},{"damage":11,"enemies":"Lagavulin","floor":8,"turns":6},{"damage":8,"enemies":"Gremlin Nob","floor":11,"turns":4},{"damage":11,"enemies":"Lagavulin","floor":14,"turns":6},{"damage":11,"enemies":"The Guardian","floor":16,"turns":7},{"damage":0,"enemies":"3 Byrds","floor":18,"turns":2},{"damage":0,"enemies":"Chosen","floor":19,"turns":4},{"damage":9,"enemies":"Snake Plant","floor":21,"turns":3},{"damage":1,"enemies":"3 Cultists","floor":22,"turns":4},{"damage":3,"enemies":"Gremlin Leader","floor":23,"turns":4},{"damage":12,"enemies":"Slavers","floor":24,"turns":4},{"damage":1,"enemies":"Book of Stabbing","floor":27,"turns":5},{"damage":0,"enemies":"Cultist and Chosen","floor":29,"turns":4},{"damage":4,"enemies":"Snecko","floor":31,"turns":3},{"damage":12,"enemies":"Champ","floor":33,"turns":5},{"damage":11,"enemies":"Orb Walker","floor":35,"turns":2},{"damage":22,"enemies":"3 Darklings","floor":36,"turns":4},{"damage":11,"enemies":"Transient","floor":38,"turns":5},{"damage":15,"enemies":"Writhing Mass","floor":39,"turns":4},{"damage":1,"enemies":"Maw","floor":42,"turns":7},{"damage":0,"enemies":"3 Darklings","floor":45,"turns":3},{"damage":1,"enemies":"Sphere and 2 Shapes","floor":47,"turns":3},{"damage":16,"enemies":"Awakened One","floor":50,"turns":12},{"damage":42,"enemies":"Shield and Spear","floor":54,"turns":5},{"damage":26,"enemies":"The Heart","floor":55,"turns":2}],"seed_played":"-1803944107295016604","potions_obtained":[{"floor":1,"key":"Fire Potion"},{"floor":11,"key":"EssenceOfSteel"},{"floor":14,"key":"SteroidPotion"},{"floor":16,"key":"Explosive Potion"},{"floor":24,"key":"Poison Potion"},{"floor":35,"key":"FearPotion"},{"floor":36,"key":"Strength Potion"},{"floor":45,"key":"AttackPotion"},{"floor":54,"key":"PowerPotion"}],"is_trial":false,"path_per_floor":["M","M","$","?","M","R","$","E","T","R","E","R","?","E","R","B",null,"M","M","$","M","M","E","E","R","T","E","?","M","R","M","R","B",null,"M","M","$","M","M","R","$","M","T","R","M","R","M","?","R","B",null,"R","$","E","B"],"character_chosen":"THE_SILENT","items_purchased":["Noxious Fumes","Predator","Well Laid Plans","Caltrops","Swift Potion"],"campfire_rested":3,"item_purchase_floors":[3,7,20,41,53],"current_hp_per_floor":[61,52,52,57,57,57,57,46,46,46,38,38,38,27,27,16,68,68,68,68,59,58,55,43,43,43,42,42,42,42,38,38,26,68,57,35,35,24,9,29,29,28,28,48,48,48,47,47,67,51,68,68,68,26,0],"gold":4,"neow_bonus":"RANDOM_COLORLESS_2","is_prod":false,"is_daily":false,"chose_seed":false,"campfire_upgraded":8,"win_rate":0,"timestamp":1551933859,"path_taken":["M","M","$","?","M","R","?","E","T","R","E","R","?","E","R","BOSS","M","M","$","?","M","E","E","R","T","E","?","M","R","M","R","BOSS","M","?","$","M","M","R","$","M","T","R","M","R","M","?","R","BOSS","R","$","E","BOSS"],"build_version":"2019-01-23","purchased_purges":2,"victory":false,"max_hp_per_floor":[63,63,63,68,68,68,68,68,68,68,68,68,68,68,68,68,68,68,68,68,68,68,68,68,68,68,68,68,68,68,68,68,68,68,68,68,68,68,68,68,68,68,68,68,68,68,68,68,68,68,68,68,68,68,68],"card_choices":[{"not_picked":["Deadly Poison","Underhanded Strike"],"picked":"Crippling Poison","floor":1},{"not_picked":["Infinite Blades","Underhanded Strike"],"picked":"Leg Sweep","floor":2},{"not_picked":["Tactician","Underhanded Strike"],"picked":"Flying Knee","floor":5},{"not_picked":["Dash","Masterful Stab"],"picked":"Deadly Poison","floor":8},{"not_picked":["Heel Hook","Slice"],"picked":"Burst","floor":11},{"not_picked":["Prepared","Poisoned Stab"],"picked":"Noxious Fumes","floor":14},{"not_picked":["Doppelganger","Phantasmal Killer"],"picked":"Adrenaline","floor":16},{"not_picked":["Slice","Quick Slash"],"picked":"Backflip","floor":18},{"not_picked":["Quick Slash","Blur"],"picked":"Catalyst","floor":19},{"not_picked":["Endless Agony","Well Laid Plans"],"picked":"PiercingWail","floor":21},{"not_picked":["Flechettes","Quick Slash"],"picked":"Noxious Fumes+1","floor":22},{"not_picked":["Flechettes","Blade Dance"],"picked":"Dagger Throw","floor":23},{"not_picked":["Deflect","Skewer"],"picked":"PiercingWail","floor":24},{"not_picked":["Die Die Die","Slice"],"picked":"Backstab+1","floor":27},{"not_picked":["Bane","Flying Knee+1"],"picked":"Infinite Blades+1","floor":29},{"not_picked":["Tactician","Blade Dance"],"picked":"Dodge and Roll","floor":31},{"not_picked":["Die Die Die","Doppelganger"],"picked":"Glass Knife","floor":33},{"not_picked":["Underhanded Strike"],"picked":"SKIP","floor":35},{"not_picked":[],"picked":"Dodge and Roll","floor":36},{"not_picked":[],"picked":"Bane","floor":38},{"not_picked":[],"picked":"Poisoned Stab","floor":39},{"not_picked":["Outmaneuver"],"picked":"SKIP","floor":42},{"not_picked":["Infinite Blades+1"],"picked":"SKIP","floor":45},{"not_picked":[],"picked":"Acrobatics","floor":47},{"not_picked":["Distraction+1"],"picked":"SKIP","floor":54}],"player_experience":53406,"relics_obtained":[{"floor":8,"key":"Snake Skull"},{"floor":9,"key":"Letter Opener"},{"floor":11,"key":"Bag of Marbles"},{"floor":14,"key":"Sundial"},{"floor":23,"key":"WingedGreaves"},{"floor":24,"key":"Pocketwatch"},{"floor":27,"key":"Kunai"},{"floor":43,"key":"Boot"},{"floor":54,"key":"Orichalcum"}],"event_choices":[{"damage_healed":0,"gold_gain":0,"player_choice":"Donut","damage_taken":0,"max_hp_gain":5,"max_hp_loss":0,"event_name":"Big Fish","floor":4,"gold_loss":0},{"damage_healed":0,"gold_gain":100,"player_choice":"Pray","damage_taken":0,"max_hp_gain":0,"max_hp_loss":0,"event_name":"Golden Shrine","floor":13,"gold_loss":0},{"cards_removed":["Strike_G"],"damage_healed":0,"gold_gain":0,"player_choice":"Purged","damage_taken":0,"max_hp_gain":0,"max_hp_loss":0,"event_name":"Purifier","floor":28,"gold_loss":0},{"damage_healed":0,"gold_gain":0,"player_choice":"Ignored","damage_taken":0,"max_hp_gain":0,"max_hp_loss":0,"event_name":"Mysterious Sphere","floor":48,"gold_loss":0}],"is_beta":false,"boss_relics":[{"not_picked":["Orrery","WristBlade"],"picked":"Ectoplasm"},{"not_picked":["Sozu","Velvet Choker"],"picked":"Busted Crown"}],"items_purged_floors":[20,37],"is_endless":false,"potions_floor_spawned":[1,11,14,16,19,21,24,27,35,36,45,54],"killed_by":"The Heart","ascension_level":2}