{"path_per_floor":["M","M","M","$","$","R","?","R","T","E","R","M","E","$","R","B",null,"M","M","$","?","M","M","R","E","T","R","$","?","E","M","R","B",null,"M","M","$","M","?","R","M","R","T","M","E","M","R","$","R","B"],"character_chosen":"DEFECT","items_purchased":["Defragment","White Noise","Defragment","FTL","Happy Flower"],"gold_per_floor":[119,137,149,7,7,7,7,7,7,41,41,56,88,88,88,189,189,205,222,82,82,102,118,118,144,144,144,19,45,73,86,86,191,191,202,222,122,134,134,134,153,153,205,218,247,260,260,108,108,108],"floor_reached":51,"campfire_rested":3,"playtime":3164,"item_purchase_floors":[4,20,37,37,48],"current_hp_per_floor":[81,74,67,67,67,67,67,67,67,48,48,42,34,34,58,50,82,52,52,52,41,38,41,41,39,39,39,39,35,38,35,35,35,41,27,24,24,20,36,36,29,29,29,29,21,18,30,30,41,41],"items_purged":["Strike_B","Strike_B","Strike_B"],"gold":108,"score":903,"play_id":"6bb0ebc9-e2b6-4eae-9db5-0fb0c5721a35","local_time":"20180605224317","is_prod":false,"is_daily":false,"chose_seed":false,"is_ascension_mode":true,"campfire_upgraded":8,"win_rate":0,"timestamp":1528260197,"campfire_choices":[{"data":"Defragment","floor":6,"key":"SMITH"},{"data":"Static Discharge","floor":8,"key":"SMITH"},{"data":"Melter","floor":11,"key":"SMITH"},{"floor":15,"key":"REST"},{"data":"Thunder Strike","floor":24,"key":"SMITH"},{"data":"Defragment","floor":27,"key":"SMITH"},{"data":"Creative AI","floor":32,"key":"SMITH"},{"data":"Storm","floor":40,"key":"SMITH"},{"data":"Chaos","floor":42,"key":"SMITH"},{"floor":47,"key":"REST"},{"floor":49,"key":"REST"}],"path_taken":["M","?","M","?","$","R","?","R","T","E","R","M","E","$","R","BOSS","M","M","$","?","M","?","R","E","T","R","$","?","E","M","R","BOSS","M","M","$","M","?","R","M","R","T","?","E","M","R","$","R","BOSS"],"build_version":"2018-05-31","seed_source_timestamp":533913526508163,"purchased_purges":3,"victory":true,"master_deck":["Zap","Dualcast","Ball Lightning","Static Discharge+1","Melter+1","Defragment+1","BootSequence+1","Defragment+1","Glacier","All For One","Glacier","Go for the Eyes","White Noise","Ghostly","Ghostly","Ghostly","Ghostly","Ghostly","Gash+1","Thunder Strike+1","Ball Lightning","Creative AI+1","Barrage+1","Buffer","Chaos+1","Go for the Eyes","Hologram","Chaos+1","Conserve Battery","Beam Cell+1","Defragment","FTL","Storm+1","Leap+1"],"max_hp_per_floor":[82,82,82,82,82,82,82,82,82,82,82,82,82,82,82,82,82,82,82,82,41,41,41,41,41,41,41,41,41,41,41,41,41,41,41,41,41,41,36,36,36,36,36,41,41,41,41,41,41,41],"relics":["Cracked Core","Toolbox","Bronze Scales","Mercury Hourglass","Inserter","Potion Belt","Art of War","Red Mask","Bottled Tornado","Pandora\u0027s Box","Bag of Marbles","War Paint","Happy Flower"],"card_choices":[{"not_picked":["Steam Power","Steam"],"picked":"Ball Lightning","floor":1},{"not_picked":["Loop","BootSequence"],"picked":"Static Discharge","floor":2},{"not_picked":["Beam Cell","Rebound"],"picked":"Melter","floor":3},{"not_picked":["Gash","Hello World"],"picked":"BootSequence","floor":10},{"not_picked":["Stack","Leap"],"picked":"Defragment","floor":12},{"not_picked":["Sunder","Static Discharge"],"picked":"Glacier","floor":13},{"not_picked":["Biased Cognition","Fission"],"picked":"All For One","floor":16},{"not_picked":["Hologram","Lockon"],"picked":"Glacier","floor":18},{"not_picked":["Gash","Hologram+1"],"picked":"Go for the Eyes","floor":19},{"not_picked":["Aggregate","Turbo"],"picked":"Gash+1","floor":22},{"not_picked":["Redo+1","Coolheaded"],"picked":"Thunder Strike","floor":23},{"not_picked":["Static Discharge","Heatsinks"],"picked":"Ball Lightning","floor":25},{"not_picked":["Streamline","Gash"],"picked":"Creative AI","floor":30},{"not_picked":["Gash","Turbo"],"picked":"Barrage+1","floor":31},{"not_picked":["Meteor Strike","All For One"],"picked":"Buffer","floor":33},{"not_picked":["Steam+1","Rip and Tear","Rebound"],"picked":"SKIP","floor":35},{"not_picked":["Leap","Genetic Algorithm+1"],"picked":"Beam Cell+1","floor":36},{"not_picked":["Leap","Beam Cell+1"],"picked":"Storm","floor":38},{"not_picked":["Fusion+1","Darkness+1","Genetic Algorithm+1"],"picked":"SKIP","floor":41},{"not_picked":["Double Energy+1","Compile Driver+1"],"picked":"Leap+1","floor":44},{"not_picked":["Stack+1","Hologram+1","Streamline+1"],"picked":"SKIP","floor":45},{"not_picked":["All For One","Hologram","Darkness+1"],"picked":"SKIP","floor":46}],"player_experience":854167,"potions_floor_usage":[13,33,44,45,50,50,50],"damage_taken":[{"damage":1,"enemies":"Cultist","floor":1,"turns":3},{"damage":7,"enemies":"2 Louse","floor":2,"turns":2},{"damage":7,"enemies":"Jaw Worm","floor":3,"turns":2},{"damage":19,"enemies":"3 Sentries","floor":10,"turns":4},{"damage":6,"enemies":"Lots of Slimes","floor":12,"turns":2},{"damage":8,"enemies":"Gremlin Nob","floor":13,"turns":3},{"damage":8,"enemies":"Slime Boss","floor":16,"turns":7},{"damage":30,"enemies":"Shell Parasite","floor":18,"turns":3},{"damage":4,"enemies":"Chosen","floor":19,"turns":5},{"damage":3,"enemies":"Centurion and Healer","floor":22,"turns":5},{"damage":0,"enemies":"Snecko","floor":23,"turns":7},{"damage":2,"enemies":"Book of Stabbing","floor":25,"turns":7},{"damage":4,"enemies":"Masked Bandits","floor":29,"turns":4},{"damage":1,"enemies":"Gremlin Leader","floor":30,"turns":7},{"damage":3,"enemies":"Cultist and Chosen","floor":31,"turns":5},{"damage":0,"enemies":"Collector","floor":33,"turns":9},{"damage":14,"enemies":"Orb Walker","floor":35,"turns":4},{"damage":3,"enemies":"3 Shapes","floor":36,"turns":4},{"damage":4,"enemies":"Maw","floor":38,"turns":6},{"damage":7,"enemies":"4 Shapes","floor":41,"turns":3},{"damage":5,"enemies":"Sphere and 2 Shapes","floor":44,"turns":3},{"damage":8,"enemies":"Giant Head","floor":45,"turns":7},{"damage":3,"enemies":"3 Darklings","floor":46,"turns":4},{"damage":0,"enemies":"Time Eater","floor":50,"turns":11}],"relics_obtained":[{"floor":9,"key":"Toolbox"},{"floor":10,"key":"Bronze Scales"},{"floor":13,"key":"Mercury Hourglass"},{"floor":25,"key":"Potion Belt"},{"floor":26,"key":"Art of War"},{"floor":29,"key":"Red Mask"},{"floor":30,"key":"Bottled Tornado"},{"floor":43,"key":"Bag of Marbles"},{"floor":45,"key":"War Paint"}],"event_choices":[{"event_name":"The Cleric","player_choice":"Leave","floor":7,"damage_taken":0},{"event_name":"Ghosts","player_choice":"Became a Ghost","floor":21,"damage_taken":0},{"event_name":"Masked Bandits","player_choice":"Fought over 19 gold","floor":29,"damage_taken":0},{"event_name":"The Moai Head","player_choice":"Heal","floor":39,"damage_taken":0}],"boss_relics":[{"not_picked":["White Beast Statue","Orrery"],"picked":"Inserter"},{"not_picked":["Eternal Feather","Cursed Key"],"picked":"Pandora\u0027s Box"}],"items_purged_floors":[4,20,28],"potions_floor_spawned":[3,12,13,18,22,23,30,36,41,44,46],"seed_played":"6511631446180570380","ascension_level":2,"potions_obtained":[{"floor":3,"key":"Weak Potion"},{"floor":12,"key":"AttackPotion"},{"floor":13,"key":"GamblersBrew"},{"floor":18,"key":"LiquidBronze"},{"floor":23,"key":"FairyPotion"},{"floor":30,"key":"FairyPotion"},{"floor":36,"key":"AttackPotion"},{"floor":41,"key":"Fruit Juice"},{"floor":44,"key":"Dexterity Potion"},{"floor":46,"key":"EssenceOfSteel"}],"is_trial":false}