{"gold_per_floor":[110,110,128,138,68,68,94,19,97,116,149,149,149,149],"floor_reached":14,"playtime":593,"items_purged":["Strike_G"],"score":172,"play_id":"16f2e5c4-4f94-4feb-b8b9-6f87315fe5b6","local_time":"20190211232849","is_ascension_mode":true,"campfire_choices":[{"data":"Skewer","floor":6,"key":"SMITH"}],"neow_cost":"NONE","seed_source_timestamp":2090974299952811,"circlet_count":0,"master_deck":["AscendersBane","Defend_G+1","Defend_G+1","Defend_G","Defend_G","Defend_G","Strike_G","Strike_G","Strike_G","Survivor","Neutralize","Backstab","Skewer+1","Riddle With Holes","Blur","Footwork","Dodge and Roll","Terror","Blur"],"relics":["Ring of the Snake","NeowsBlessing","War Paint","Frozen Egg 2","Smiling Mask","Meat on the Bone"],"potions_floor_usage":[7,11,14],"damage_taken":[{"damage":0,"enemies":"Cultist","floor":1,"turns":1},{"damage":0,"enemies":"2 Louse","floor":3,"turns":1},{"damage":0,"enemies":"Small Slimes","floor":4,"turns":1},{"damage":20,"enemies":"Gremlin Nob","floor":7,"turns":4},{"damage":0,"enemies":"Looter","floor":10,"turns":2},{"damage":15,"enemies":"Lagavulin","floor":11,"turns":8},{"damage":34,"enemies":"Gremlin Nob","floor":14,"turns":5}],"seed_played":"7819671748389797916","potions_obtained":[{"floor":1,"key":"Ancient Potion"},{"floor":4,"key":"GhostInAJar"},{"floor":10,"key":"LiquidBronze"},{"floor":11,"key":"FearPotion"},{"floor":13,"key":"PowerPotion"}],"is_trial":false,"path_per_floor":["M","?","M","M","$","R","E","$","T","M","E","T","?","E"],"character_chosen":"THE_SILENT","items_purchased":["Footwork"],"campfire_rested":0,"item_purchase_floors":[5],"current_hp_per_floor":[59,59,59,59,59,59,39,39,39,39,24,24,24,0],"gold":149,"neow_bonus":"THREE_ENEMY_KILL","is_prod":false,"is_daily":false,"chose_seed":false,"campfire_upgraded":1,"win_rate":0,"timestamp":1549952929,"path_taken":["M","?","M","?","$","R","E","$","T","M","E","?","?","E"],"build_version":"2019-01-23","purchased_purges":1,"victory":false,"max_hp_per_floor":[66,66,66,66,66,66,66,66,66,66,66,66,66,66],"card_choices":[{"not_picked":["Infinite Blades","Dodge and Roll"],"picked":"Backstab","floor":1},{"not_picked":["Sucker Punch","Endless Agony"],"picked":"Riddle With Holes","floor":3},{"not_picked":["Blade Dance","Poisoned Stab"],"picked":"Blur","floor":4},{"not_picked":["Dagger Throw","Acrobatics"],"picked":"Dodge and Roll","floor":7},{"not_picked":["Setup","Prepared"],"picked":"Terror","floor":10},{"not_picked":["Leg Sweep","Phantasmal Killer"],"picked":"Blur","floor":11}],"player_experience":1081835,"relics_obtained":[{"floor":7,"key":"War Paint"},{"floor":9,"key":"Frozen Egg 2"},{"floor":11,"key":"Smiling Mask"},{"floor":12,"key":"Meat on the Bone"}],"event_choices":[{"damage_healed":0,"gold_gain":0,"cards_transformed":["Strike_G"],"player_choice":"Transformed","damage_taken":0,"max_hp_gain":0,"max_hp_loss":0,"event_name":"Transmorgrifier","floor":2,"gold_loss":0,"cards_obtained":["Skewer"]},{"damage_healed":0,"gold_gain":0,"player_choice":"Got Potions","damage_taken":0,"max_hp_gain":0,"max_hp_loss":0,"event_name":"Lab","floor":13,"gold_loss":0}],"is_beta":false,"boss_relics":[],"items_purged_floors":[8],"is_endless":false,"potions_floor_spawned":[1,4,10,11],"killed_by":"Gremlin Nob","ascension_level":15}