{"path_per_floor":["M","M","?","?","M","R","$","R","T","E","$","R","E","M","R","B",null,"M","?","?","M","?","R","E","R","T","$","M","?","?","M","R","B",null,"M","?","$","?","$","R","?","R","T","R","E","$","E","$","R","B"],"character_chosen":"DEFECT","items_purchased":["Self Repair+1","Electrodynamics+1","Melter+1","Redo","Happy Flower","Blizzard+1"],"gold_per_floor":[111,129,129,129,149,149,74,74,155,186,4,4,42,63,63,193,193,214,214,314,330,330,330,364,364,364,0,13,13,13,33,33,152,152,172,172,16,16,16,16,16,16,16,16,51,51,82,14,14,14],"floor_reached":51,"campfire_rested":4,"playtime":2827,"item_purchase_floors":[],"current_hp_per_floor":[70,70,69,69,69,69,69,69,69,57,57,57,61,63,63,69,69,69,69,69,55,34,34,34,34,34,34,34,18,18,27,27,27,32,34,30,30,20,20,30,30,34,34,34,34,34,32,32,34,34],"items_purged":["Strike_B","Strike_B","Defend_B"],"gold":14,"score":1022,"play_id":"063769bb-00d2-4cba-915d-5e0dd6ca1b43","local_time":"20180617024233","is_prod":false,"is_daily":false,"chose_seed":false,"is_ascension_mode":true,"campfire_upgraded":7,"win_rate":0,"timestamp":1529224953,"campfire_choices":[{"data":"Zap","floor":6.0,"key":"SMITH"},{"data":"Cold Snap","floor":8.0,"key":"SMITH"},{"data":"Dualcast","floor":12.0,"key":"SMITH"},{"data":"Go for the Eyes","floor":15.0,"key":"SMITH"},{"data":"Conserve Battery","floor":23,"key":"SMITH"},{"data":"Cold Snap","floor":25,"key":"SMITH"},{"data":"Redo","floor":32,"key":"SMITH"},{"floor":40,"key":"REST"},{"floor":42,"key":"REST"},{"floor":44,"key":"REST"},{"floor":49,"key":"REST"}],"path_taken":["M","M","?","?","M","R","$","R","T","E","$","R","E","M","R","BOSS","M","?","?","M","?","R","E","R","T","$","M","?","?","M","R","BOSS","M","?","?","?","$","R","?","R","T","R","E","?","E","$","R","BOSS"],"build_version":"2018-06-14v2","seed_source_timestamp":0,"purchased_purges":3,"victory":true,"master_deck":["Defend_B","Defend_B","Defend_B","Zap+1","Dualcast+1","Go for the Eyes+1","Cold Snap+1","Conserve Battery+1","Static Discharge+1","Self Repair+1","White Noise","Machine Learning+1","Self Repair+1","Ball Lightning+1","Ghostly","Ghostly","Ghostly","Ghostly","Ghostly","Cold Snap+1","Electrodynamics+1","Melter+1","Redo+1","Ball Lightning+1","Compile Driver+1","Buffer+1","Defragment+1","Madness","Madness","Mind Blast+1","Finesse","Flash of Steel+1","Reinforced Body","Blizzard+1"],"max_hp_per_floor":[75,75,69,69,69,69,69,69,69,69,69,69,69,69,69,69,69,69,69,69,69,34,34,34,34,34,34,34,34,34,34,34,34,34,34,34,34,34,34,34,34,34,34,34,34,34,34,34,34,34],"special_seed":0,"relics":["Cracked Core","Blood Vial","Golden Idol","Oddly Smooth Stone","Frozen Egg 2","Cables","Potion Belt","Empty Cage","DataDisk","Juzu Bracelet","Molten Egg 2","Enchiridion","Fusion Hammer","Happy Flower","Shuriken","Darkstone Periapt","Ice Cream"],"card_choices":[{"not_picked":["Gash","Force Field"],"picked":"Go for the Eyes","floor":1.0},{"not_picked":["Hologram","Redo"],"picked":"Cold Snap","floor":2.0},{"not_picked":["Tempest","Beam Cell"],"picked":"Conserve Battery","floor":5.0},{"not_picked":["Barrage","Beam Cell"],"picked":"Static Discharge+1","floor":10.0},{"not_picked":["Beam Cell","Cold Snap"],"picked":"White Noise","floor":13.0},{"not_picked":["Compile Driver","Go for the Eyes","Turbo"],"picked":"SKIP","floor":14.0},{"not_picked":["Rainbow","All For One"],"picked":"Machine Learning+1","floor":16.0},{"not_picked":["Cold Snap","BootSequence"],"picked":"Self Repair+1","floor":18},{"not_picked":["Go for the Eyes+1","Steam"],"picked":"Ball Lightning+1","floor":21},{"not_picked":["Barrage","Glacier"],"picked":"Cold Snap","floor":24},{"not_picked":["Sunder+1","Redo"],"picked":"Ball Lightning+1","floor":28},{"not_picked":["Loop+1","Turbo"],"picked":"Compile Driver+1","floor":31},{"not_picked":["Rainbow","Core Surge+1"],"picked":"Buffer+1","floor":33},{"not_picked":["Ball Lightning+1","Steam+1"],"picked":"Defragment+1","floor":35},{"not_picked":["Transmutation","Apotheosis"],"picked":"Mind Blast+1","floor":38},{"not_picked":["Trip","Jack Of All Trades"],"picked":"Finesse","floor":38},{"not_picked":["Good Instincts","Jack Of All Trades"],"picked":"Flash of Steel+1","floor":38},{"not_picked":["Hologram+1","Stack+1"],"picked":"Reinforced Body","floor":45},{"not_picked":["Turbo","Steam+1","Steam Power+1"],"picked":"SKIP","floor":47}],"player_experience":889820,"potions_floor_usage":[33,33,33,33,45,50],"damage_taken":[{"damage":0.0,"enemies":"Small Slimes","floor":1.0,"turns":3.0},{"damage":2.0,"enemies":"Jaw Worm","floor":2.0,"turns":3.0},{"damage":0.0,"enemies":"Cultist","floor":5.0,"turns":3.0},{"damage":12.0,"enemies":"3 Sentries","floor":10.0,"turns":7.0},{"damage":8.0,"enemies":"Lagavulin","floor":13.0,"turns":5.0},{"damage":10.0,"enemies":"3 Louse","floor":14.0,"turns":3.0},{"damage":6.0,"enemies":"Hexaghost","floor":16.0,"turns":11.0},{"damage":2,"enemies":"Chosen","floor":18,"turns":4},{"damage":24,"enemies":"2 Thieves","floor":21,"turns":2},{"damage":6,"enemies":"Book of Stabbing","floor":24,"turns":7},{"damage":10,"enemies":"Cultist and Chosen","floor":28,"turns":5},{"damage":13,"enemies":"Snecko","floor":31,"turns":4},{"damage":22,"enemies":"Champ","floor":33,"turns":9},{"damage":0,"enemies":"Orb Walker","floor":35,"turns":4},{"damage":0,"enemies":"Giant Head","floor":45,"turns":8},{"damage":22,"enemies":"Nemesis","floor":47,"turns":7},{"damage":0,"enemies":"Time Eater","floor":50,"turns":12}],"relics_obtained":[{"floor":9.0,"key":"Frozen Egg 2"},{"floor":10.0,"key":"Cables"},{"floor":13.0,"key":"Potion Belt"},{"floor":24,"key":"Juzu Bracelet"},{"floor":26,"key":"Molten Egg 2"},{"floor":29,"key":"Enchiridion"},{"floor":43,"key":"Shuriken"},{"floor":45,"key":"Darkstone Periapt"},{"floor":47,"key":"Ice Cream"}],"event_choices":[{"event_name":"Golden Idol","player_choice":"Lose Max HP","floor":3.0,"damage_taken":0.0},{"event_name":"Accursed Blacksmith","player_choice":"Rummage","floor":4.0,"damage_taken":0.0},{"event_name":"The Mausoleum","player_choice":"Yes","floor":19,"damage_taken":0},{"event_name":"Golden Shrine","player_choice":"Pray","floor":20,"damage_taken":0},{"event_name":"Ghosts","player_choice":"Became a Ghost","floor":22,"damage_taken":0},{"event_name":"Cursed Tome","player_choice":"Obtained Book","floor":29,"damage_taken":0},{"event_name":"Addict","player_choice":"Ignored","floor":30,"damage_taken":0},{"event_name":"Winding Halls","player_choice":"Embrace Madness","floor":36,"damage_taken":0},{"event_name":"SensoryStone","player_choice":"Memory 3","floor":38,"damage_taken":0},{"event_name":"SecretPortal","player_choice":"Rejected Portal.","floor":41,"damage_taken":0}],"boss_relics":[{"not_picked":["Ectoplasm","Tiny House"],"picked":"Empty Cage"},{"not_picked":["Pandora\u0027s Box","Eternal Feather"],"picked":"Fusion Hammer"}],"items_purged_floors":[],"is_endless":false,"potions_floor_spawned":[5,10,13,14,28,31,33,45],"seed_played":"845833532233529180","ascension_level":6,"potions_obtained":[{"floor":5.0,"key":"EssenceOfSteel"},{"floor":10.0,"key":"Dexterity Potion"},{"floor":13.0,"key":"Weak Potion"},{"floor":14.0,"key":"Poison Potion"},{"floor":28,"key":"Swift Potion"},{"floor":31,"key":"Poison Potion"},{"floor":33,"key":"EssenceOfSteel"},{"floor":45,"key":"Strength Potion"}],"is_trial":false}