{"gold_per_floor":[115,125,225,236,252,252,265,265,265,276,276,305,305,317,317,394,394,405,416,428,446,15,44,44,60,60,60,71,129,129,129],"floor_reached":31,"playtime":1800,"items_purged":[],"score":548,"play_id":"44738fe0-2979-4b2c-92fe-fc1729c1ee50","local_time":"20190222205940","is_ascension_mode":true,"campfire_choices":[{"data":"Flame Barrier","floor":6,"key":"SMITH"},{"data":"Uppercut","floor":8,"key":"SMITH"},{"data":"Flex","floor":11,"key":"SMITH"},{"data":"Rage","floor":13,"key":"SMITH"},{"data":"Hemokinesis","floor":15,"key":"SMITH"},{"data":"Juggernaut","floor":24,"key":"SMITH"},{"floor":27,"key":"REST"}],"neow_cost":"NONE","seed_source_timestamp":7643323243830,"circlet_count":0,"master_deck":["AscendersBane","Strike_R","Strike_R","Strike_R","Strike_R","Strike_R","Defend_R","Defend_R","Defend_R","Defend_R","Bash","Flame Barrier+1","Uppercut+1","Blood for Blood","Flex+1","Thunderclap","Hemokinesis+1","Rage+1","Pommel Strike","Impervious","Flex","Blood for Blood","Anger","Juggernaut+1","Mayhem","Anger","Warcry","Feel No Pain","Barricade"],"relics":["Burning Blood","Blood Vial","Darkstone Periapt","Regal Pillow","Eternal Feather","Lee\u0027s Waffle","Dead Branch","Gremlin Horn","Tiny Chest"],"potions_floor_usage":[5,12,12,23,23,28,31],"damage_taken":[{"damage":17,"enemies":"Small Slimes","floor":1,"turns":7},{"damage":6,"enemies":"Cultist","floor":2,"turns":5},{"damage":8,"enemies":"2 Louse","floor":4,"turns":2},{"damage":12,"enemies":"Gremlin Gang","floor":5,"turns":5},{"damage":9,"enemies":"Blue Slaver","floor":7,"turns":5},{"damage":14,"enemies":"3 Louse","floor":10,"turns":4},{"damage":11,"enemies":"3 Sentries","floor":12,"turns":8},{"damage":11,"enemies":"Looter","floor":14,"turns":2},{"damage":38,"enemies":"The Guardian","floor":16,"turns":8},{"damage":23,"enemies":"Shell Parasite","floor":18,"turns":3},{"damage":0,"enemies":"3 Byrds","floor":19,"turns":1},{"damage":30,"enemies":"Snake Plant","floor":20,"turns":3},{"damage":8,"enemies":"Snecko","floor":21,"turns":6},{"damage":42,"enemies":"Gremlin Leader","floor":23,"turns":7},{"damage":47,"enemies":"Shelled Parasite and Fungi","floor":25,"turns":9},{"damage":20,"enemies":"Centurion and Healer","floor":28,"turns":6},{"damage":26,"enemies":"Book of Stabbing","floor":29,"turns":4},{"damage":48,"enemies":"Slavers","floor":31,"turns":3}],"seed_played":"-6787110932346909557","potions_obtained":[{"floor":1,"key":"Fire Potion"},{"floor":2,"key":"FairyPotion"},{"floor":4,"key":"PowerPotion"},{"floor":10,"key":"Block Potion"},{"floor":12,"key":"SpeedPotion"},{"floor":18,"key":"Dexterity Potion"},{"floor":25,"key":"Block Potion"},{"floor":29,"key":"Poison Potion"}],"is_trial":false,"path_per_floor":["M","M","?","M","M","R","M","R","T","M","R","E","R","M","R","B",null,"M","M","M","M","$","E","R","M","T","R","M","E","?","E"],"character_chosen":"IRONCLAD","items_purchased":["Lee\u0027s Waffle","Mayhem"],"campfire_rested":1,"item_purchase_floors":[22,22],"current_hp_per_floor":[59,61,61,61,57,57,56,56,56,50,50,47,47,44,44,14,60,45,53,31,31,82,46,61,22,22,76,64,46,46,0],"gold":129,"neow_bonus":"RANDOM_COMMON_RELIC","is_prod":false,"is_daily":false,"chose_seed":false,"campfire_upgraded":6,"win_rate":0,"timestamp":1550894380,"path_taken":["M","M","?","M","?","R","M","R","T","M","R","E","R","M","R","BOSS","M","?","?","M","$","E","R","M","T","R","M","E","?","E"],"build_version":"2019-01-23","purchased_purges":0,"victory":false,"max_hp_per_floor":[75,75,75,75,75,75,75,75,75,75,75,75,75,75,75,75,75,75,75,75,75,82,82,82,82,82,82,82,82,82,82],"card_choices":[{"not_picked":["Clash","Perfected Strike"],"picked":"Flame Barrier","floor":1},{"not_picked":["Sword Boomerang","Rampage"],"picked":"Uppercut","floor":2},{"not_picked":["Ghostly Armor","Pommel Strike"],"picked":"Blood for Blood","floor":4},{"not_picked":["Combust","Rampage"],"picked":"Flex","floor":5},{"not_picked":["Inflame","Seeing Red"],"picked":"Thunderclap","floor":7},{"not_picked":["Heavy Blade","Twin Strike"],"picked":"Hemokinesis","floor":10},{"not_picked":["Havoc","Limit Break"],"picked":"Rage","floor":12},{"not_picked":["Twin Strike","Havoc"],"picked":"Pommel Strike","floor":14},{"not_picked":["Offering","Exhume"],"picked":"Impervious","floor":16},{"not_picked":["Sever Soul","Clothesline"],"picked":"Flex","floor":18},{"not_picked":["Fire Breathing","Headbutt"],"picked":"Blood for Blood","floor":19},{"not_picked":["Perfected Strike","Thunderclap"],"picked":"Anger","floor":20},{"not_picked":["Clash+1","Pummel"],"picked":"Juggernaut","floor":21},{"not_picked":["Sword Boomerang","Havoc"],"picked":"Anger","floor":23},{"not_picked":["Power Through","Heavy Blade"],"picked":"Warcry","floor":25},{"not_picked":["True Grit","Warcry"],"picked":"Feel No Pain","floor":28},{"not_picked":["Clothesline","Sword Boomerang","Uppercut+1"],"picked":"SKIP","floor":29}],"player_experience":1214796,"relics_obtained":[{"floor":9,"key":"Darkstone Periapt"},{"floor":12,"key":"Regal Pillow"},{"floor":23,"key":"Dead Branch"},{"floor":26,"key":"Gremlin Horn"},{"floor":29,"key":"Tiny Chest"}],"event_choices":[{"damage_healed":0,"gold_gain":100,"player_choice":"Gold","damage_taken":0,"max_hp_gain":0,"max_hp_loss":0,"event_name":"Wheel of Change","floor":3,"gold_loss":0},{"damage_healed":0,"gold_gain":0,"player_choice":"Read","damage_taken":0,"max_hp_gain":0,"max_hp_loss":0,"event_name":"The Library","floor":30,"gold_loss":0,"cards_obtained":["Barricade"]}],"is_beta":false,"boss_relics":[{"not_picked":["Runic Cube","Runic Dome"],"picked":"Eternal Feather"}],"items_purged_floors":[],"is_endless":false,"potions_floor_spawned":[1,2,4,10,12,18,20,25,29],"killed_by":"Slavers","ascension_level":19}