{"gold_per_floor":[113,63,82,257,274,306,10,35,35,35,54,79,91,101,101,197,197,187,207,54,54,74,100,21,34,60,60,87,87,87,104,104,206,206,219,270,270,290,302,330,330,330,330,42,55,55,86,97,97,97],"floor_reached":50,"playtime":4541,"items_purged":["Doubt"],"score":641,"play_id":"8003a08b-f692-4c6f-8474-63f7b7abe3b9","local_time":"20180922003215","is_ascension_mode":true,"campfire_choices":[{"data":"Barricade","floor":10,"key":"SMITH"},{"floor":15,"key":"REST"},{"data":"Armaments","floor":27,"key":"SMITH"},{"data":"Entrench","floor":30,"key":"SMITH"},{"floor":32,"key":"REST"},{"data":"Metamorphosis","floor":46,"key":"SMITH"},{"data":"Heavy Blade","floor":49,"key":"SMITH"}],"neow_cost":"NONE","seed_source_timestamp":8891416990090,"circlet_count":0,"master_deck":["Strike_R+1","Strike_R+1","Strike_R+1","Strike_R+1","Defend_R+1","Defend_R+1","Defend_R+1","Defend_R+1","Bash","Pommel Strike","Pummel","Warcry","Pommel Strike","Barricade+1","Armaments+1","Juggernaut","Iron Wave","Impervious","Spot Weakness+1","Evolve","Inflame","Dropkick","Evolve","Entrench+1","Flex","Reaper","Inflame","Heavy Blade+1","Shrug It Off+1","Pommel Strike+1","Metamorphosis+1","Bandage Up","Panache","Headbutt+1","Iron Wave+1","Dual Wield+1"],"relics":["Burning Blood","Kunai","Paper Frog","Ginger","Magic Flower","Self Forming Clay","Mark of Pain","Ornamental Fan","Omamori","Nunchaku","Regal Pillow","Cursed Key","StoneCalendar","Juzu Bracelet","Frozen Egg 2","FossilizedHelix","Pear"],"potions_floor_usage":[6,8,8,16,18,18,22,23,28,40,50,50,50],"damage_taken":[{"damage":5,"enemies":"2 Louse","floor":1,"turns":3},{"damage":1,"enemies":"Jaw Worm","floor":3,"turns":3},{"damage":4,"enemies":"Cultist","floor":5,"turns":4},{"damage":20,"enemies":"Gremlin Nob","floor":6,"turns":4},{"damage":11,"enemies":"3 Sentries","floor":8,"turns":8},{"damage":2,"enemies":"Exordium Wildlife","floor":11,"turns":4},{"damage":44,"enemies":"Lagavulin","floor":12,"turns":6},{"damage":14,"enemies":"Large Slime","floor":13,"turns":4},{"damage":12,"enemies":"Looter","floor":14,"turns":3},{"damage":25,"enemies":"Hexaghost","floor":16,"turns":15},{"damage":18,"enemies":"2 Thieves","floor":18,"turns":5},{"damage":5,"enemies":"3 Byrds","floor":19,"turns":7},{"damage":21,"enemies":"Snecko","floor":22,"turns":5},{"damage":37,"enemies":"Slavers","floor":23,"turns":6},{"damage":12,"enemies":"Centurion and Healer","floor":25,"turns":7},{"damage":21,"enemies":"Gremlin Leader","floor":28,"turns":7},{"damage":21,"enemies":"Snake Plant","floor":31,"turns":4},{"damage":7,"enemies":"Automaton","floor":33,"turns":13},{"damage":18,"enemies":"3 Darklings","floor":35,"turns":6},{"damage":23,"enemies":"Mysterious Sphere","floor":36,"turns":5},{"damage":6,"enemies":"3 Shapes","floor":38,"turns":4},{"damage":28,"enemies":"Reptomancer","floor":39,"turns":6},{"damage":0,"enemies":"Giant Head","floor":40,"turns":8},{"damage":11,"enemies":"Spire Growth","floor":45,"turns":6},{"damage":25,"enemies":"Nemesis","floor":47,"turns":5},{"damage":11,"enemies":"Sphere and 2 Shapes","floor":48,"turns":4},{"damage":86,"enemies":"Awakened One","floor":50,"turns":7}],"seed_played":"8278324814622786148","potions_obtained":[{"floor":1,"key":"Poison Potion"},{"floor":3,"key":"EssenceOfSteel"},{"floor":11,"key":"Swift Potion"},{"floor":14,"key":"SkillPotion"},{"floor":16,"key":"Dexterity Potion"},{"floor":18,"key":"AttackPotion"},{"floor":22,"key":"BloodPotion"},{"floor":25,"key":"FearPotion"},{"floor":39,"key":"GamblersBrew"},{"floor":45,"key":"Strength Potion"},{"floor":47,"key":"GamblersBrew"},{"floor":48,"key":"GamblersBrew"}],"is_trial":false,"path_per_floor":["M","?","M","?","M","E","$","E","T","R","M","E","M","M","R","B",null,"M","M","$","?","M","E","$","M","T","R","E","T","R","M","R","B",null,"M","?","?","M","M","E","?","?","T","$","M","R","E","M","R"],"character_chosen":"IRONCLAD","items_purchased":["Paper Frog","SteroidPotion","Evolve","Evolve","FossilizedHelix"],"campfire_rested":2,"item_purchase_floors":[7,7,20,24,44],"current_hp_per_floor":[80,80,80,80,80,66,66,61,61,61,68,33,28,25,49,33,80,71,75,75,75,63,47,47,44,44,44,32,32,32,20,59,61,80,80,80,80,80,71,80,70,75,75,75,78,78,72,79,79,0],"gold":97,"neow_bonus":"THREE_CARDS","is_prod":false,"is_daily":false,"chose_seed":false,"campfire_upgraded":5,"win_rate":0,"timestamp":1537590735,"path_taken":["M","?","M","?","M","E","$","E","T","R","M","E","?","M","R","BOSS","M","?","$","?","?","E","$","M","T","R","E","?","R","?","R","BOSS","M","?","?","M","M","E","?","?","T","$","M","R","E","M","R","BOSS"],"build_version":"2018-09-20","purchased_purges":1,"victory":false,"max_hp_per_floor":[80,80,80,80,80,80,80,80,80,80,80,80,80,80,80,80,80,80,80,80,80,80,80,80,80,80,80,80,80,80,80,80,80,80,80,80,80,80,80,80,80,80,80,80,80,80,90,90,90,90],"card_choices":[{"not_picked":["Twin Strike","Burning Pact"],"picked":"Pommel Strike","floor":0},{"not_picked":["Clothesline","Anger"],"picked":"Pummel","floor":1},{"not_picked":["Pommel Strike","Twin Strike"],"picked":"Warcry","floor":3},{"not_picked":["Entrench","Uppercut"],"picked":"Pommel Strike","floor":5},{"not_picked":["Immolate","Clothesline"],"picked":"Perfected Strike","floor":6},{"not_picked":["Thunderclap","Shrug It Off"],"picked":"Barricade","floor":8},{"not_picked":["Flex","Iron Wave"],"picked":"Armaments","floor":11},{"not_picked":["Cleave","Power Through"],"picked":"Juggernaut","floor":12},{"not_picked":["Clothesline","Flex"],"picked":"Iron Wave","floor":13},{"not_picked":["Clothesline","Twin Strike","Havoc"],"picked":"SKIP","floor":14},{"not_picked":["Double Tap","Dark Embrace"],"picked":"Impervious","floor":16},{"not_picked":["Sword Boomerang","Wild Strike+1"],"picked":"Spot Weakness+1","floor":18},{"not_picked":["Feel No Pain","Clash"],"picked":"Pommel Strike","floor":19},{"not_picked":["Shrug It Off","Immolate"],"picked":"Inflame","floor":22},{"not_picked":["Clothesline","True Grit"],"picked":"Dropkick","floor":23},{"not_picked":["Clash","Evolve+1","Uppercut+1"],"picked":"SKIP","floor":25},{"not_picked":["Second Wind","Headbutt"],"picked":"Entrench","floor":28},{"not_picked":["Shockwave+1","Cleave"],"picked":"Flex","floor":31},{"not_picked":["Brutality","Juggernaut"],"picked":"Reaper","floor":33},{"not_picked":["Perfected Strike","Cleave"],"picked":"Inflame","floor":35},{"not_picked":["Uppercut","Blood for Blood"],"picked":"Heavy Blade","floor":36},{"not_picked":["Sever Soul","Pummel+1"],"picked":"Shrug It Off+1","floor":38},{"not_picked":["Clash","Clothesline+1"],"picked":"Pommel Strike+1","floor":39},{"not_picked":["Clash+1","Sentinel+1","Burning Pact+1"],"picked":"SKIP","floor":40},{"not_picked":["Mind Blast","Dark Shackles"],"picked":"Metamorphosis","floor":41},{"not_picked":["Deep Breath","Madness"],"picked":"Bandage Up","floor":41},{"not_picked":["Blind","Forethought"],"picked":"Panache","floor":41},{"not_picked":["Thunderclap+1","Twin Strike"],"picked":"Headbutt+1","floor":45},{"not_picked":["Cleave","Exhume"],"picked":"Iron Wave+1","floor":47},{"not_picked":["Thunderclap+1","True Grit"],"picked":"Dual Wield+1","floor":48}],"player_experience":145419,"relics_obtained":[{"floor":6,"key":"Kunai"},{"floor":8,"key":"Ginger"},{"floor":9,"key":"Magic Flower"},{"floor":12,"key":"Self Forming Clay"},{"floor":23,"key":"Ornamental Fan"},{"floor":26,"key":"Omamori"},{"floor":28,"key":"Nunchaku"},{"floor":29,"key":"Regal Pillow"},{"floor":36,"key":"StoneCalendar"},{"floor":40,"key":"Juzu Bracelet"},{"floor":43,"key":"Frozen Egg 2"},{"floor":47,"key":"Pear"}],"event_choices":[{"event_name":"The Cleric","player_choice":"Card Removal","floor":2,"damage_taken":0},{"event_name":"Liars Game","player_choice":"agreed","floor":4,"damage_taken":0},{"event_name":"Back to Basics","player_choice":"Simplicity","floor":21,"damage_taken":0},{"event_name":"Mysterious Sphere","player_choice":"Fight","floor":36,"damage_taken":0},{"event_name":"Falling","player_choice":"Removed Attack","floor":37,"damage_taken":0},{"event_name":"SensoryStone","player_choice":"Memory 3","floor":41,"damage_taken":0},{"event_name":"Bonfire Elementals","player_choice":"COMMON","floor":42,"damage_taken":0}],"is_beta":false,"boss_relics":[{"not_picked":["Lizard Tail","Tiny House"],"picked":"Mark of Pain"},{"not_picked":["Black Blood","Orrery"],"picked":"Cursed Key"}],"items_purged_floors":[20],"is_endless":false,"potions_floor_spawned":[1,3,11,14,16,18,22,25,39,45,47,48],"killed_by":"Awakened One","ascension_level":1}