{"gold_per_floor":[119,194,194,144,160,189,189,189,189,216,216,227,227,259,259,362,362,379,389,389,304,67,97,97,132,132,132,157,171,16,34,34,131,161,175,191,116,127,145,171,184,215,215,215,231,231,264,275,275,275],"floor_reached":51,"playtime":5813,"items_purged":["Shame"],"score":951,"play_id":"fc0c8789-0eec-4239-baed-5d79f36ac3be","local_time":"20181123143144","is_ascension_mode":true,"campfire_choices":[{"floor":8,"key":"REST"},{"floor":13,"key":"REST"},{"floor":15,"key":"REST"},{"floor":24,"key":"REST"},{"floor":27,"key":"REST"},{"floor":32,"key":"REST"},{"data":"Writhe","floor":44,"key":"PURGE"},{"floor":46,"key":"REST"},{"floor":49,"key":"REST"}],"neow_cost":"NONE","seed_source_timestamp":766348046199308,"circlet_count":0,"master_deck":["Strike_R","Strike_R","Strike_R","Strike_R+1","Strike_R","Defend_R","Defend_R+1","Defend_R","Defend_R+1","Bash+1","Ghostly Armor+1","Flame Barrier+1","Headbutt","Shrug It Off+1","Metallicize+1","Feed","Bandage Up+1","Spot Weakness+1","Pommel Strike","Shockwave+1","Double Tap+1","Injury","Warcry+1","Uppercut+1"],"relics":["Burning Blood","Toxic Egg 2","Pantograph","Frozen Egg 2","Blue Candle","War Paint","Ice Cream","Fusion Hammer","Red Skull","Oddly Smooth Stone","Bag of Preparation","Dodecahedron","Paper Frog","Dead Branch","Bag of Marbles","Calling Bell","Tiny Chest","Peace Pipe","Shuriken","Calipers","Kunai","PreservedInsect","Boot"],"potions_floor_usage":[10,10,16,28,33,33,40,42,42,48,50],"damage_taken":[{"damage":2,"enemies":"2 Louse","floor":1,"turns":3},{"damage":7,"enemies":"Small Slimes","floor":5,"turns":4},{"damage":50,"enemies":"Lagavulin","floor":6,"turns":12},{"damage":18,"enemies":"3 Sentries","floor":10,"turns":15},{"damage":0,"enemies":"Jaw Worm","floor":12,"turns":4},{"damage":26,"enemies":"Lagavulin","floor":14,"turns":9},{"damage":16,"enemies":"The Guardian","floor":16,"turns":14},{"damage":0,"enemies":"Shell Parasite","floor":18,"turns":6},{"damage":7,"enemies":"Spheric Guardian","floor":19,"turns":6},{"damage":44,"enemies":"Slavers","floor":23,"turns":10},{"damage":61,"enemies":"Gremlin Leader","floor":25,"turns":6},{"damage":23,"enemies":"Slavers","floor":28,"turns":7},{"damage":40,"enemies":"Shelled Parasite and Fungi","floor":29,"turns":5},{"damage":0,"enemies":"Centurion and Healer","floor":31,"turns":7},{"damage":31,"enemies":"Automaton","floor":33,"turns":11},{"damage":15,"enemies":"3 Darklings","floor":35,"turns":5},{"damage":8,"enemies":"3 Shapes","floor":36,"turns":6},{"damage":16,"enemies":"Sphere and 2 Shapes","floor":38,"turns":7},{"damage":17,"enemies":"3 Darklings","floor":39,"turns":7},{"damage":42,"enemies":"Giant Head","floor":40,"turns":8},{"damage":0,"enemies":"Transient","floor":41,"turns":5},{"damage":29,"enemies":"Reptomancer","floor":42,"turns":6},{"damage":29,"enemies":"Maw","floor":45,"turns":7},{"damage":5,"enemies":"Giant Head","floor":47,"turns":6},{"damage":11,"enemies":"3 Darklings","floor":48,"turns":5},{"damage":70,"enemies":"Donu and Deca","floor":50,"turns":8}],"seed_played":"-6944154933046395175","potions_obtained":[{"floor":5,"key":"GamblersBrew"},{"floor":6,"key":"EssenceOfSteel"},{"floor":10,"key":"Strength Potion"},{"floor":18,"key":"Strength Potion"},{"floor":25,"key":"GamblersBrew"},{"floor":28,"key":"Dexterity Potion"},{"floor":36,"key":"Explosive Potion"},{"floor":39,"key":"Block Potion"},{"floor":40,"key":"Explosive Potion"},{"floor":42,"key":"Explosive Potion"},{"floor":47,"key":"Swift Potion"}],"is_trial":false,"path_per_floor":["M","?","?","?","M","E","?","R","T","E","?","M","R","E","R","B",null,"M","M","?","?","$","E","R","E","T","R","E","M","$","M","R","B",null,"M","M","$","M","M","E","M","E","T","R","M","R","E","M","R","B",null],"character_chosen":"IRONCLAD","items_purchased":["Oddly Smooth Stone","Bandage Up+1","Bag of Marbles"],"campfire_rested":8,"item_purchase_floors":[22,22,30],"current_hp_per_floor":[88,77,77,77,76,32,29,55,55,43,25,31,57,37,63,78,88,91,93,74,74,74,45,75,26,26,56,48,23,23,38,71,77,111,103,110,110,109,104,74,86,69,69,69,52,87,94,95,117,59],"gold":275,"neow_bonus":"TEN_PERCENT_HP_BONUS","is_prod":false,"is_daily":false,"chose_seed":false,"campfire_upgraded":0,"win_rate":0,"timestamp":1543001504,"path_taken":["M","?","?","?","M","E","?","R","T","E","?","M","R","E","R","BOSS","M","M","?","?","$","E","R","E","T","R","E","M","?","M","R","BOSS","M","M","$","?","M","E","M","E","T","R","M","R","E","M","R","BOSS"],"build_version":"2018-11-15","purchased_purges":1,"victory":true,"max_hp_per_floor":[88,88,88,88,88,88,88,88,88,88,88,88,88,88,88,88,88,91,94,99,99,99,102,102,102,102,102,105,108,108,111,111,111,111,111,114,114,117,117,117,117,117,117,117,117,117,117,117,117,117],"card_choices":[{"not_picked":["Twin Strike","Wild Strike","Havoc"],"picked":"SKIP","floor":1},{"not_picked":["Clash","Perfected Strike"],"picked":"Ghostly Armor+1","floor":5},{"not_picked":["Hemokinesis","Heavy Blade"],"picked":"Flame Barrier+1","floor":6},{"not_picked":["Rupture+1","Flex+1"],"picked":"Headbutt","floor":10},{"not_picked":["True Grit+1","Wild Strike"],"picked":"Shrug It Off+1","floor":12},{"not_picked":["Barricade+1","Dual Wield+1"],"picked":"Metallicize+1","floor":14},{"not_picked":["Brutality+1","Bludgeon"],"picked":"Feed","floor":16},{"not_picked":["Shrug It Off+1","Havoc+1","Reckless Charge"],"picked":"SKIP","floor":18},{"not_picked":["Wild Strike","Shrug It Off+1","Heavy Blade"],"picked":"SKIP","floor":19},{"not_picked":["Juggernaut+1","Anger"],"picked":"Spot Weakness+1","floor":23},{"not_picked":["Cleave+1","Exhume+1"],"picked":"Pommel Strike","floor":25},{"not_picked":["Anger","Perfected Strike","Twin Strike"],"picked":"SKIP","floor":28},{"not_picked":["Sword Boomerang","Clash","Sentinel+1"],"picked":"SKIP","floor":29},{"not_picked":["True Grit+1","Perfected Strike"],"picked":"Shockwave+1","floor":31},{"not_picked":["Limit Break+1","Fiend Fire"],"picked":"Double Tap+1","floor":33},{"not_picked":["Twin Strike","Power Through+1","Combust+1"],"picked":"SKIP","floor":35},{"not_picked":["Burning Pact+1","Rage+1"],"picked":"Warcry+1","floor":36},{"not_picked":["Reckless Charge","Heavy Blade+1","Evolve+1"],"picked":"SKIP","floor":38},{"not_picked":["Flame Barrier+1","Cleave","Sword Boomerang"],"picked":"SKIP","floor":39},{"not_picked":["Perfected Strike","Shrug It Off+1"],"picked":"Uppercut+1","floor":40},{"not_picked":["Headbutt","Rampage+1","Anger+1"],"picked":"SKIP","floor":41},{"not_picked":["Second Wind+1","Intimidate+1","Twin Strike"],"picked":"SKIP","floor":42},{"not_picked":["Heavy Blade+1","Havoc+1","Wild Strike"],"picked":"SKIP","floor":45},{"not_picked":["Reckless Charge","Feed","Bludgeon"],"picked":"SKIP","floor":47},{"not_picked":["Clothesline+1","True Grit+1","Armaments+1"],"picked":"SKIP","floor":48}],"player_experience":174451,"relics_obtained":[{"floor":6,"key":"Pantograph"},{"floor":9,"key":"Blue Candle"},{"floor":10,"key":"War Paint"},{"floor":14,"key":"Ice Cream"},{"floor":23,"key":"Bag of Preparation"},{"floor":25,"key":"Dodecahedron"},{"floor":26,"key":"Paper Frog"},{"floor":28,"key":"Dead Branch"},{"floor":34,"key":"Tiny Chest"},{"floor":34,"key":"Peace Pipe"},{"floor":34,"key":"Shuriken"},{"floor":40,"key":"Calipers"},{"floor":42,"key":"Kunai"},{"floor":43,"key":"PreservedInsect"},{"floor":47,"key":"Boot"}],"event_choices":[{"damage_healed":0,"gold_gain":75,"player_choice":"Gather Gold","damage_taken":11,"max_hp_gain":0,"max_hp_loss":0,"event_name":"World of Goop","floor":2,"gold_loss":0},{"damage_healed":0,"gold_gain":0,"player_choice":"Box","damage_taken":0,"relics_obtained":["Toxic Egg 2"],"max_hp_gain":0,"max_hp_loss":0,"event_name":"Big Fish","floor":3,"gold_loss":0,"cards_obtained":["Regret"]},{"cards_removed":["Regret"],"damage_healed":0,"gold_gain":0,"player_choice":"Card Removal","damage_taken":0,"max_hp_gain":0,"max_hp_loss":0,"event_name":"The Cleric","floor":4,"gold_loss":50},{"damage_healed":0,"gold_gain":0,"player_choice":"Success","damage_taken":3,"relics_obtained":["Frozen Egg 2"],"max_hp_gain":0,"max_hp_loss":0,"event_name":"Scrap Ooze","floor":7,"gold_loss":0},{"damage_healed":0,"gold_gain":0,"player_choice":"Entered Light","damage_taken":18,"max_hp_gain":0,"max_hp_loss":0,"event_name":"Shining Light","floor":11,"gold_loss":0,"cards_upgraded":["Strike_R","Bash"]},{"damage_healed":0,"gold_gain":0,"player_choice":"Shed Blood","damage_taken":24,"max_hp_gain":5,"max_hp_loss":0,"event_name":"Forgotten Altar","floor":20,"gold_loss":0},{"damage_healed":0,"gold_gain":0,"player_choice":"Obtained Relic","damage_taken":0,"relics_obtained":["Red Skull"],"max_hp_gain":0,"max_hp_loss":0,"event_name":"Addict","floor":21,"gold_loss":85}],"is_beta":false,"boss_relics":[{"not_picked":["Mark of Pain","Pandora\u0027s Box"],"picked":"Fusion Hammer"},{"not_picked":["Runic Cube","Runic Dome"],"picked":"Calling Bell"}],"items_purged_floors":[37],"is_endless":false,"potions_floor_spawned":[5,6,10,18,25,28,36,39,40,42,47],"ascension_level":1}