{"path_per_floor":["M","?","M","?","?","R","E","M","T","E","M","$","R","M","R","B",null,"M","M","?"],"character_chosen":"DEFECT","items_purchased":[],"gold_per_floor":[115,115,129,129,129,129,164,181,181,207,221,146,146,161,161,261,261,272,282,282,282],"floor_reached":21,"campfire_rested":0,"playtime":838,"item_purchase_floors":[],"current_hp_per_floor":[68,68,68,53,53,53,53,53,67,53,53,53,53,48,48,41,77,63,26,26,0],"items_purged":["Strike_B"],"gold":282,"score":300,"play_id":"18d6fc29-e652-458a-981f-53c7f77160f4","local_time":"20180522003158","is_prod":false,"is_daily":false,"chose_seed":false,"is_ascension_mode":true,"campfire_upgraded":3,"timestamp":1526970718,"campfire_choices":[{"data":"Sweeping Beam","floor":6,"key":"SMITH"},{"data":"Dualcast","floor":13,"key":"SMITH"},{"data":"Recycle","floor":15,"key":"SMITH"}],"path_taken":["M","?","M","?","?","R","E","?","T","E","M","$","R","M","R","BOSS","M","M","?","M"],"build_version":"2018-05-18","seed_source_timestamp":1050082677545425,"purchased_purges":1,"victory":false,"master_deck":["Strike_B","Defend_B","Defend_B","Defend_B","Defend_B","Zap+1","Dualcast+1","Sweeping Beam+1","Ball Lightning+1","Streamline","Scrape","Static Discharge","Recycle+1","Creative AI","Chill","Reinforced Body"],"max_hp_per_floor":[75,75,75,75,75,75,75,75,89,89,89,89,89,89,89,89,89,89,89,89,89],"relics":["Cracked Core","NeowsBlessing","Bird Faced Urn","Mango","Gambling Chip","Inserter"],"card_choices":[{"not_picked":["Leap","Steam"],"picked":"Sweeping Beam","floor":1},{"not_picked":["Capacitor","Hologram"],"picked":"Ball Lightning","floor":3},{"not_picked":["Turbo","Rebound"],"picked":"Streamline","floor":7},{"not_picked":["Sunder","Cold Snap"],"picked":"Scrape","floor":8},{"not_picked":["Capacitor","Consume"],"picked":"Static Discharge","floor":10},{"not_picked":["Cold Snap","Steam Power","Hologram"],"picked":"SKIP","floor":11},{"not_picked":["Melter","Axe Kick"],"picked":"Recycle","floor":14},{"not_picked":["Nova","Amplify"],"picked":"Creative AI","floor":16},{"not_picked":["Cold Snap","Stack"],"picked":"Chill","floor":18},{"not_picked":["Stack","Streamline+1"],"picked":"Reinforced Body","floor":19}],"player_experience":153163,"potions_floor_usage":[16,16,19],"damage_taken":[{"damage":0,"enemies":"Small Slimes","floor":1,"turns":1},{"damage":0,"enemies":"Jaw Worm","floor":3,"turns":1},{"damage":0,"enemies":"3 Sentries","floor":7,"turns":1},{"damage":0,"enemies":"2 Louse","floor":8,"turns":1},{"damage":14,"enemies":"Gremlin Nob","floor":10,"turns":3},{"damage":0,"enemies":"Large Slime","floor":11,"turns":3},{"damage":5,"enemies":"Gremlin Gang","floor":14,"turns":2},{"damage":9,"enemies":"Slime Boss","floor":16,"turns":5},{"damage":22,"enemies":"Spheric Guardian","floor":18,"turns":4},{"damage":45,"enemies":"Shell Parasite","floor":19,"turns":4},{"damage":34,"enemies":"Snake Plant","floor":21,"turns":4}],"relics_obtained":[{"floor":7,"key":"Bird Faced Urn"},{"floor":9,"key":"Mango"},{"floor":10,"key":"Gambling Chip"}],"event_choices":[{"event_name":"Living Wall","player_choice":"Forget","floor":2,"damage_taken":0},{"event_name":"Shining Light","player_choice":"Entered Light","floor":4,"damage_taken":0},{"event_name":"Wheel of Change","player_choice":"Card Removal","floor":5,"damage_taken":0},{"event_name":"Vampires","player_choice":"Ignored","floor":20,"damage_taken":0}],"boss_relics":[{"not_picked":["Lizard Tail","Sozu"],"picked":"Inserter"}],"items_purged_floors":[12],"potions_floor_spawned":[1,3,10,11,14,18,19],"seed_played":"-8091391779088853941","killed_by":"Snake Plant","ascension_level":8,"potions_obtained":[{"floor":1,"key":"SteroidPotion"},{"floor":3,"key":"FearPotion"},{"floor":10,"key":"FocusPotion"},{"floor":14,"key":"FocusPotion"},{"floor":18,"key":"FearPotion"},{"floor":19,"key":"Swift Potion"}],"is_trial":false}