{"gold_per_floor":[111,70,220,233,74,74,103,103,128,157,157,170,199,209,209,283,283,295,210,210,230,245,245,264,264,291,291,316,316],"floor_reached":29,"playtime":1930,"items_purged":["Doubt"],"score":543,"play_id":"a747a63d-56ca-40d7-9f85-008bc22a19b3","local_time":"20190218215217","is_ascension_mode":true,"campfire_choices":[{"data":"Feel No Pain","floor":6,"key":"SMITH"},{"data":"Metallicize","floor":8,"key":"SMITH"},{"floor":11,"key":"REST"},{"floor":15,"key":"REST"},{"floor":23,"key":"REST"},{"data":"Body Slam","floor":25,"key":"SMITH"},{"floor":27,"key":"REST"}],"neow_cost":"NONE","seed_source_timestamp":278227195579659,"circlet_count":0,"master_deck":["AscendersBane","Strike_R","Strike_R","Strike_R","Strike_R","Defend_R","Defend_R","Defend_R","Defend_R","Bash","Carnage","Metallicize+1","Feel No Pain+1","Corruption","Power Through","Sever Soul","Evolve","Sentinel","Clash","Dark Embrace","Writhe","Metallicize+1","Cleave","Impervious","Thunderclap","Body Slam+1","Fiend Fire"],"relics":["Burning Blood","NeowsBlessing","PreservedInsect","Regal Pillow","Omamori","Pen Nib","Calling Bell","Bag of Marbles","Matryoshka","Thread and Needle","Blue Candle","Orichalcum","Blood Vial","Bag of Preparation"],"potions_floor_usage":[1,13,14,16,21,29],"damage_taken":[{"damage":0,"enemies":"Jaw Worm","floor":1,"turns":1},{"damage":0,"enemies":"2 Louse","floor":4,"turns":1},{"damage":0,"enemies":"Lagavulin","floor":7,"turns":1},{"damage":43,"enemies":"Gremlin Nob","floor":10,"turns":5},{"damage":0,"enemies":"Small Slimes","floor":12,"turns":4},{"damage":31,"enemies":"Lagavulin","floor":13,"turns":4},{"damage":45,"enemies":"Exordium Thugs","floor":14,"turns":6},{"damage":26,"enemies":"Slime Boss","floor":16,"turns":10},{"damage":32,"enemies":"Spheric Guardian","floor":18,"turns":12},{"damage":16,"enemies":"Shell Parasite","floor":21,"turns":9},{"damage":22,"enemies":"Snecko","floor":22,"turns":7},{"damage":36,"enemies":"Snake Plant","floor":24,"turns":9},{"damage":48,"enemies":"Book of Stabbing","floor":28,"turns":7},{"damage":42,"enemies":"3 Cultists","floor":29,"turns":5}],"seed_played":"-7725014543934721001","potions_obtained":[{"floor":1,"key":"Fruit Juice"},{"floor":10,"key":"AttackPotion"},{"floor":12,"key":"Regen Potion"},{"floor":14,"key":"Energy Potion"},{"floor":18,"key":"Block Potion"},{"floor":28,"key":"PowerPotion"}],"is_trial":false,"path_per_floor":["M","$","?","M","$","R","E","R","T","E","R","M","E","M","R","B",null,"M","?","?","M","M","R","M","R","T","R","E","M"],"character_chosen":"IRONCLAD","items_purchased":["Metallicize","Corruption"],"campfire_rested":4,"item_purchase_floors":[2,5],"current_hp_per_floor":[79,79,79,80,80,80,80,80,80,43,80,80,55,31,70,50,73,47,47,47,37,21,60,30,30,30,69,29,0],"gold":316,"neow_bonus":"THREE_ENEMY_KILL","is_prod":false,"is_daily":false,"chose_seed":false,"campfire_upgraded":3,"win_rate":0,"timestamp":1550551937,"path_taken":["M","$","?","M","$","R","E","R","T","E","R","M","E","M","R","BOSS","M","?","?","M","?","R","M","R","T","R","E","M"],"build_version":"2019-01-23","purchased_purges":1,"victory":false,"max_hp_per_floor":[80,80,80,80,80,80,80,80,80,80,80,80,80,80,80,80,80,80,80,80,80,80,80,80,80,80,80,80,80],"card_choices":[{"not_picked":["Havoc","Dual Wield"],"picked":"Carnage","floor":1},{"not_picked":["Warcry","Rampage"],"picked":"Feel No Pain","floor":4},{"not_picked":["Inflame","Pommel Strike"],"picked":"Power Through","floor":7},{"not_picked":["Immolate","Infernal Blade"],"picked":"Sever Soul","floor":10},{"not_picked":["Cleave","Perfected Strike"],"picked":"Evolve","floor":12},{"not_picked":["Blood for Blood","Dropkick"],"picked":"Sentinel","floor":13},{"not_picked":["Thunderclap","True Grit"],"picked":"Clash","floor":14},{"not_picked":["Impervious","Feed"],"picked":"Dark Embrace","floor":16},{"not_picked":["Flex","Rupture"],"picked":"Metallicize+1","floor":18},{"not_picked":["Body Slam","Armaments"],"picked":"Impervious","floor":21},{"not_picked":["Flex","Havoc"],"picked":"Thunderclap","floor":22},{"not_picked":["Uppercut","Thunderclap"],"picked":"Body Slam","floor":24},{"not_picked":["Disarm","Corruption+1"],"picked":"Fiend Fire","floor":28}],"player_experience":1169282,"relics_obtained":[{"floor":7,"key":"PreservedInsect"},{"floor":9,"key":"Regal Pillow"},{"floor":10,"key":"Omamori"},{"floor":13,"key":"Pen Nib"},{"floor":17,"key":"Bag of Marbles"},{"floor":17,"key":"Matryoshka"},{"floor":17,"key":"Thread and Needle"},{"floor":26,"key":"Orichalcum"},{"floor":26,"key":"Blood Vial"},{"floor":28,"key":"Bag of Preparation"}],"event_choices":[{"damage_healed":0,"gold_gain":150,"player_choice":"AGREE","damage_taken":0,"max_hp_gain":0,"max_hp_loss":0,"event_name":"Liars Game","floor":3,"gold_loss":0,"cards_obtained":["Doubt"]},{"damage_healed":0,"gold_gain":0,"player_choice":"Obtained Relic","damage_taken":0,"relics_obtained":["Blue Candle"],"max_hp_gain":0,"max_hp_loss":0,"event_name":"Addict","floor":19,"gold_loss":85},{"damage_healed":0,"gold_gain":0,"cards_transformed":["Strike_R"],"player_choice":"Transformed","damage_taken":0,"max_hp_gain":0,"max_hp_loss":0,"event_name":"Transmorgrifier","floor":20,"gold_loss":0,"cards_obtained":["Cleave"]}],"is_beta":false,"boss_relics":[{"not_picked":["Tiny House","Eternal Feather"],"picked":"Calling Bell"}],"items_purged_floors":[5],"is_endless":false,"potions_floor_spawned":[1,10,12,14,18,28],"killed_by":"3 Cultists","ascension_level":18}