{"gold_per_floor":[114,37,50,60,80,80,114,114,185,210,210,210],"floor_reached":12,"playtime":749,"items_purged":[],"score":129,"play_id":"b34cfcaf-8509-43ec-b7fd-8abaa49c55de","local_time":"20190224154455","is_ascension_mode":true,"campfire_choices":[{"floor":6,"key":"REST"},{"floor":11,"key":"REST"}],"neow_cost":"CURSE","seed_source_timestamp":850914820661730,"circlet_count":0,"master_deck":["AscendersBane","Strike_B","Strike_B","Strike_B","Strike_B","Defend_B","Defend_B","Defend_B","Defend_B","Zap","Dualcast","Normality","Echo Form","Sweeping Beam","Capacitor","Tempest","Buffer","Cold Snap"],"relics":["Cracked Core","WingedGreaves","Pear","Odd Mushroom"],"potions_floor_usage":[5],"damage_taken":[{"damage":0,"enemies":"Cultist","floor":1,"turns":3},{"damage":7,"enemies":"Jaw Worm","floor":3,"turns":5},{"damage":0,"enemies":"Small Slimes","floor":4,"turns":2},{"damage":46,"enemies":"Gremlin Gang","floor":5,"turns":4},{"damage":20,"enemies":"Gremlin Nob","floor":7,"turns":4},{"damage":26,"enemies":"The Mushroom Lair","floor":10,"turns":4},{"damage":31,"enemies":"Lots of Slimes","floor":12,"turns":3}],"seed_played":"-8555704979153381245","potions_obtained":[{"floor":4,"key":"SkillPotion"},{"floor":7,"key":"LiquidBronze"}],"is_trial":false,"path_per_floor":["M","$","M","M","M","R","E","?","T","?","R","M"],"character_chosen":"DEFECT","items_purchased":["Capacitor"],"campfire_rested":2,"item_purchase_floors":[2],"current_hp_per_floor":[68,68,61,61,15,37,17,17,27,1,26,0],"gold":210,"neow_bonus":"THREE_RARE_CARDS","is_prod":false,"is_daily":false,"chose_seed":false,"campfire_upgraded":0,"win_rate":0,"timestamp":1551044695,"path_taken":["M","?","M","M","M","R","E","?","T","?","R","M"],"build_version":"2019-01-23","purchased_purges":0,"victory":false,"max_hp_per_floor":[75,75,75,75,75,75,75,75,85,85,85,85],"card_choices":[{"not_picked":["Hyperbeam","Electrodynamics"],"picked":"Echo Form","floor":0},{"not_picked":["Compile Driver","Leap"],"picked":"Sweeping Beam","floor":1},{"not_picked":["Compile Driver","Coolheaded"],"picked":"Tempest","floor":3},{"not_picked":["Gash","Beam Cell","Stack"],"picked":"SKIP","floor":4},{"not_picked":["Gash","Steam"],"picked":"Buffer","floor":5},{"not_picked":["Heatsinks","Go for the Eyes"],"picked":"Cold Snap","floor":7}],"player_experience":519844,"relics_obtained":[{"floor":7,"key":"WingedGreaves"},{"floor":9,"key":"Pear"},{"floor":10,"key":"Odd Mushroom"}],"event_choices":[{"damage_healed":0,"gold_gain":0,"player_choice":"Ignored","damage_taken":0,"max_hp_gain":0,"max_hp_loss":0,"event_name":"Shining Light","floor":8,"gold_loss":0},{"damage_healed":0,"gold_gain":0,"player_choice":"Fought Mushrooms","damage_taken":0,"max_hp_gain":0,"max_hp_loss":0,"event_name":"Mushrooms","floor":10,"gold_loss":0}],"is_beta":false,"boss_relics":[],"items_purged_floors":[],"is_endless":false,"potions_floor_spawned":[4,7],"killed_by":"Lots of Slimes","ascension_level":13}