{"path_per_floor":["M","$","?","?","M","?","?","R","T","E","M","E","R","M","R","B",null,"M","M","$","?","M","R","?","M","T"],"character_chosen":"DEFECT","items_purchased":["Sweeping Beam","Peace Pipe"],"gold_per_floor":[112,11,11,11,23,23,98,98,98,125,145,175,175,194,194,293,293,309,327,14,14,31,31,31,50,50,50],"floor_reached":27,"campfire_rested":1,"playtime":1067,"current_hp_per_floor":[75,75,75,75,75,75,64,64,71,71,71,50,50,44,44,35,82,55,35,35,35,13,37,37,8,8,0],"items_purged":["Strike_B"],"gold":50,"score":295,"play_id":"d1142355-add4-47be-8222-dbd4946e286a","local_time":"20180512232718","is_prod":false,"is_daily":false,"chose_seed":false,"is_ascension_mode":true,"campfire_upgraded":3,"timestamp":1526189238,"path_taken":["M","$","?","?","?","?","?","R","T","E","M","E","R","M","R","BOSS","M","M","$","?","M","R","?","M","T","M"],"build_version":"2018-05-12v2","seed_source_timestamp":268351583558639,"purchased_purges":1,"victory":false,"master_deck":["Strike_B","Defend_B","Defend_B","Defend_B","Defend_B","Zap+1","Dualcast","Sweeping Beam+1","Ball Lightning","Streamline+1","FTL","Creative AI"],"max_hp_per_floor":[75,75,75,75,75,75,75,75,82,82,82,82,82,82,82,82,82,82,82,82,82,82,82,82,82,82,82],"relics":["Cracked Core","NeowsBlessing","Happy Flower","Strawberry","Orichalcum","Lantern","Black Star","Peace Pipe","Toxic Egg 2"],"card_choices":[{"not_picked":["Sunder","Cold Snap","Beam Cell"],"picked":"SKIP","floor":1},{"not_picked":["Skim","Turbo","Beam Cell"],"picked":"SKIP","floor":5},{"not_picked":["Rip and Tear","Amplify"],"picked":"Ball Lightning","floor":10},{"not_picked":["Barrage","Blizzard","Axe Kick"],"picked":"SKIP","floor":11},{"not_picked":["Go for the Eyes","Auto Shields"],"picked":"Streamline","floor":12},{"not_picked":["Coolheaded","Undo"],"picked":"FTL","floor":14},{"not_picked":["Nova","Echo Form"],"picked":"Creative AI","floor":16},{"not_picked":["Stack","Leap","Barrage"],"picked":"SKIP","floor":18},{"not_picked":["Streamline","Rebound","Redo"],"picked":"SKIP","floor":19},{"not_picked":["Chill","Capacitor+1","Streamline+1"],"picked":"SKIP","floor":22},{"not_picked":["Coolheaded+1","Leap","Rebound"],"picked":"SKIP","floor":25}],"player_experience":104167,"potions_floor_usage":[16,25],"damage_taken":[{"damage":0,"enemies":"Small Slimes","floor":1,"turns":1},{"damage":0,"enemies":"Cultist","floor":5,"turns":1},{"damage":0,"enemies":"Lagavulin","floor":10,"turns":1},{"damage":0,"enemies":"2 Louse","floor":11,"turns":2},{"damage":21,"enemies":"3 Sentries","floor":12,"turns":4},{"damage":6,"enemies":"Lots of Slimes","floor":14,"turns":2},{"damage":9,"enemies":"Slime Boss","floor":16,"turns":7},{"damage":27,"enemies":"Chosen","floor":18,"turns":4},{"damage":20,"enemies":"Shell Parasite","floor":19,"turns":4},{"damage":22,"enemies":"Snecko","floor":22,"turns":4},{"damage":29,"enemies":"Slaver and Parasite","floor":25,"turns":4},{"damage":15,"enemies":"Sentry and Sphere","floor":27,"turns":2}],"event_choices":[{"event_name":"Living Wall","player_choice":"Forget","floor":3,"damage_taken":0},{"event_name":"Accursed Blacksmith","player_choice":"Rummage","floor":4,"damage_taken":0},{"event_name":"Purifier","player_choice":"One Purge","floor":6,"damage_taken":0},{"event_name":"World of Goop","player_choice":"Gather Gold","floor":7,"damage_taken":0},{"event_name":"Vampires","player_choice":"Ignored","floor":21,"damage_taken":0},{"event_name":"Drug Dealer","player_choice":"Ignored","floor":24,"damage_taken":0}],"boss_relics":[{"not_picked":["Velvet Choker","White Beast Statue"],"picked":"Black Star"}],"potions_floor_spawned":[1,14,18],"seed_played":"8659581583381929432","killed_by":"Sentry and Sphere","ascension_level":4,"is_trial":false}