{"gold_per_floor":[12,28,42,56,70,70,105,118,118,118,218,62,72,72,72,169,169,182,182,198,123,123],"floor_reached":22,"playtime":1868,"items_purged":["Strike_R"],"score":207,"play_id":"298cf242-e068-4561-bd5f-9b02880dcd6b","local_time":"20190312202640","is_ascension_mode":true,"campfire_choices":[{"data":"Flex","floor":6,"key":"SMITH"},{"data":"Seeing Red","floor":10,"key":"SMITH"},{"data":"Disarm","floor":15,"key":"SMITH"}],"neow_cost":"NO_GOLD","seed_source_timestamp":2596956987664,"circlet_count":0,"master_deck":["Strike_R","Strike_R","Defend_R","Defend_R","Bash","Metallicize","Headbutt","Flex+1","Shrug It Off","Heavy Blade","Seeing Red+1","Clothesline","Disarm+1","Headbutt","Fiend Fire","Sword Boomerang","Dual Wield"],"relics":["Burning Blood","Pen Nib","Gambling Chip","Eternal Feather","Meat on the Bone"],"potions_floor_usage":[18,22],"damage_taken":[{"damage":3,"enemies":"2 Louse","floor":1,"turns":3},{"damage":6,"enemies":"Cultist","floor":2,"turns":5},{"damage":7,"enemies":"Small Slimes","floor":3,"turns":4},{"damage":13,"enemies":"2 Fungi Beasts","floor":4,"turns":3},{"damage":18,"enemies":"Lots of Slimes","floor":5,"turns":5},{"damage":11,"enemies":"Gremlin Nob","floor":7,"turns":3},{"damage":3,"enemies":"Looter","floor":8,"turns":2},{"damage":4,"enemies":"Blue Slaver","floor":13,"turns":3},{"damage":9,"enemies":"Hexaghost","floor":16,"turns":11},{"damage":18,"enemies":"Shell Parasite","floor":18,"turns":4},{"damage":27,"enemies":"Spheric Guardian","floor":20,"turns":4},{"damage":45,"enemies":"Shelled Parasite and Fungi","floor":22,"turns":7}],"seed_played":"4158403956044750768","potions_obtained":[{"floor":1,"key":"Ancient Potion"},{"floor":3,"key":"SpeedPotion"},{"floor":7,"key":"SteroidPotion"},{"floor":8,"key":"Dexterity Potion"}],"is_trial":false,"path_per_floor":["M","M","M","M","M","R","E","M","T","R","?","$","M","?","R","B",null,"M","?","M","?","M"],"character_chosen":"IRONCLAD","items_purchased":["Disarm"],"campfire_rested":0,"item_purchase_floors":[12],"current_hp_per_floor":[80,80,79,72,60,60,55,58,58,58,58,58,60,53,53,50,80,68,68,47,47,2],"gold":123,"neow_bonus":"REMOVE_TWO","is_prod":false,"is_daily":false,"chose_seed":false,"campfire_upgraded":3,"win_rate":0,"timestamp":1552433200,"path_taken":["M","M","M","M","M","R","E","M","T","R","?","$","?","?","R","BOSS","M","?","?","?","M"],"build_version":"2019-01-23","purchased_purges":1,"victory":false,"max_hp_per_floor":[80,80,80,80,80,80,80,80,80,80,80,80,80,80,80,80,80,80,80,80,80,80],"card_choices":[{"not_picked":["Sentinel","Power Through"],"picked":"Metallicize","floor":1},{"not_picked":["Iron Wave","Heavy Blade"],"picked":"Headbutt","floor":2},{"not_picked":["Infernal Blade","Thunderclap"],"picked":"Flex","floor":3},{"not_picked":["Warcry","Body Slam"],"picked":"Shrug It Off","floor":4},{"not_picked":["Clash","Body Slam"],"picked":"Heavy Blade","floor":5},{"not_picked":["Anger","Headbutt"],"picked":"Seeing Red","floor":7},{"not_picked":["Twin Strike","Body Slam"],"picked":"Clothesline","floor":8},{"not_picked":["Thunderclap","Anger"],"picked":"Headbutt","floor":13},{"not_picked":["Brutality","Demon Form"],"picked":"Fiend Fire","floor":16},{"not_picked":["Cleave","Intimidate+1"],"picked":"Sword Boomerang","floor":18},{"not_picked":["Body Slam","Headbutt"],"picked":"Dual Wield","floor":20}],"player_experience":175320,"relics_obtained":[{"floor":7,"key":"Pen Nib"},{"floor":9,"key":"Gambling Chip"}],"event_choices":[{"damage_healed":0,"gold_gain":100,"player_choice":"Pray","damage_taken":0,"max_hp_gain":0,"max_hp_loss":0,"event_name":"Golden Shrine","floor":11,"gold_loss":0},{"cards_removed":["Strike_R"],"damage_healed":0,"gold_gain":0,"player_choice":"Card Removal","damage_taken":7,"max_hp_gain":0,"max_hp_loss":0,"event_name":"Golden Wing","floor":14,"gold_loss":0},{"damage_healed":0,"gold_gain":0,"player_choice":"Gave Potion","damage_taken":0,"relics_obtained":["Meat on the Bone"],"max_hp_gain":0,"max_hp_loss":0,"event_name":"WeMeetAgain","floor":19,"gold_loss":0},{"cards_removed":["Strike_R"],"damage_healed":0,"gold_gain":0,"player_choice":"Gave Gold","damage_taken":0,"max_hp_gain":0,"max_hp_loss":0,"event_name":"Beggar","floor":21,"gold_loss":75}],"is_beta":false,"boss_relics":[{"not_picked":["White Beast Statue","Runic Dome"],"picked":"Eternal Feather"}],"items_purged_floors":[12],"is_endless":false,"potions_floor_spawned":[1,3,7,8],"killed_by":"Shelled Parasite and Fungi","ascension_level":2}