{"gold_per_floor":[113,129,129,145,145,174,174,60,86,14,14,29,29,62,62,136,136,156,56,70,82,96,96,109,109,109,109,109,109,122,140,140,217,217,230,230,245,264,311,311,311,311],"floor_reached":42,"playtime":2809,"items_purged":["Pain","Regret"],"score":758,"play_id":"aa95ad77-64eb-4d93-b130-856796db768a","local_time":"20190213025915","is_ascension_mode":true,"campfire_choices":[{"floor":7,"key":"REST"},{"floor":13,"key":"REST"},{"floor":15,"key":"REST"},{"floor":23,"key":"REST"},{"data":"After Image","floor":27,"key":"SMITH"},{"floor":29,"key":"REST"},{"floor":32,"key":"REST"},{"data":"1","floor":40,"key":"LIFT"}],"neow_cost":"NONE","seed_source_timestamp":3591500044307,"circlet_count":0,"master_deck":["AscendersBane","Defend_G+1","Defend_G+1","Defend_G+1","Defend_G+1","Defend_G+1","Strike_G+1","Strike_G+1","Strike_G+1","Strike_G+1","Strike_G+1","Survivor","Neutralize","Caltrops","Dodge and Roll","Blade Dance+1","Cloak And Dagger+1","Escape Plan","Distraction","Flying Knee","Leg Sweep","After Image+1","Deflect","Terror","Blade Dance","Dash","Prepared","After Image"],"relics":["Ring of the Snake","NeowsBlessing","WarpedTongs","Lantern","Letter Opener","Orichalcum","War Paint","WristBlade","Calipers","Oddly Smooth Stone","Busted Crown","Girya"],"potions_floor_usage":[6,12,14,21,33,39],"damage_taken":[{"damage":0,"enemies":"Jaw Worm","floor":1,"turns":1},{"damage":0,"enemies":"Cultist","floor":2,"turns":1},{"damage":1,"enemies":"Small Slimes","floor":4,"turns":1},{"damage":38,"enemies":"Gremlin Nob","floor":6,"turns":5},{"damage":15,"enemies":"Exordium Thugs","floor":12,"turns":4},{"damage":14,"enemies":"3 Sentries","floor":14,"turns":8},{"damage":16,"enemies":"The Guardian","floor":16,"turns":11},{"damage":14,"enemies":"Spheric Guardian","floor":18,"turns":4},{"damage":14,"enemies":"Shell Parasite","floor":20,"turns":6},{"damage":6,"enemies":"Snake Plant","floor":21,"turns":6},{"damage":7,"enemies":"Chosen and Byrds","floor":22,"turns":4},{"damage":0,"enemies":"Centurion and Healer","floor":24,"turns":6},{"damage":8,"enemies":"Shelled Parasite and Fungi","floor":30,"turns":5},{"damage":3,"enemies":"Snecko","floor":31,"turns":5},{"damage":47,"enemies":"Collector","floor":33,"turns":12},{"damage":0,"enemies":"Orb Walker","floor":35,"turns":4},{"damage":0,"enemies":"3 Darklings","floor":37,"turns":8},{"damage":0,"enemies":"Jaw Worm Horde","floor":38,"turns":5},{"damage":6,"enemies":"2 Orb Walkers","floor":39,"turns":5},{"damage":48,"enemies":"Giant Head","floor":42,"turns":9}],"seed_played":"-5012741777672496220","potions_obtained":[{"floor":1,"key":"Dexterity Potion"},{"floor":4,"key":"SteroidPotion"},{"floor":6,"key":"AttackPotion"},{"floor":16,"key":"LiquidBronze"},{"floor":24,"key":"Poison Potion"},{"floor":31,"key":"LiquidBronze"},{"floor":33,"key":"Block Potion"},{"floor":39,"key":"Ancient Potion"}],"is_trial":false,"path_per_floor":["M","M","?","M","?","E","R","$","T","$","$","M","R","E","R","B",null,"M","$","M","M","M","R","M","?","T","R","?","R","M","M","R","B",null,"M","?","M","M","?","R","?","E"],"character_chosen":"THE_SILENT","items_purchased":["Escape Plan","Distraction"],"campfire_rested":6,"item_purchase_floors":[8,10],"current_hp_per_floor":[59,59,59,58,58,20,39,39,39,39,39,24,43,29,48,32,58,44,44,30,24,17,36,36,36,36,36,36,55,47,44,63,16,54,54,54,54,54,48,48,48,0],"gold":311,"neow_bonus":"THREE_ENEMY_KILL","is_prod":false,"is_daily":false,"chose_seed":false,"campfire_upgraded":1,"win_rate":0,"timestamp":1550051955,"path_taken":["M","M","?","?","?","E","R","$","T","?","$","M","R","E","R","BOSS","M","$","M","M","M","R","M","?","T","R","?","R","M","M","R","BOSS","M","?","M","?","?","R","?","E"],"build_version":"2019-01-23","purchased_purges":2,"victory":false,"max_hp_per_floor":[66,66,66,66,66,66,66,66,66,66,66,66,66,66,66,66,66,66,66,66,66,66,66,66,66,66,66,66,66,66,66,66,66,66,66,66,66,66,66,66,63,63],"card_choices":[{"not_picked":["Dagger Throw","Flying Knee"],"picked":"Caltrops","floor":1},{"not_picked":["Dagger Throw","Eviscerate"],"picked":"Dodge and Roll","floor":2},{"not_picked":["Masterful Stab","Deadly Poison"],"picked":"Blade Dance","floor":4},{"not_picked":["Backflip","Flying Knee"],"picked":"Cloak And Dagger","floor":6},{"not_picked":["Slice","Acrobatics"],"picked":"Flying Knee","floor":12},{"not_picked":["Deadly Poison","Grand Finale"],"picked":"Leg Sweep","floor":14},{"not_picked":["Storm of Steel","Unload"],"picked":"After Image","floor":16},{"not_picked":["PiercingWail+1","Bane"],"picked":"Deflect","floor":18},{"not_picked":["Crippling Poison","Poisoned Stab"],"picked":"Terror","floor":20},{"not_picked":["Acrobatics","Sucker Punch","Quick Slash"],"picked":"SKIP","floor":21},{"not_picked":["Crippling Poison","Dagger Throw"],"picked":"Blade Dance","floor":22},{"not_picked":["Quick Slash","Noxious Fumes"],"picked":"Dash","floor":24},{"not_picked":["Bane","Concentrate","Wraith Form v2"],"picked":"SKIP","floor":30},{"not_picked":["Blade Dance","Dagger Spray"],"picked":"Prepared","floor":31},{"not_picked":["A Thousand Cuts","Burst"],"picked":"After Image","floor":33},{"not_picked":["Bane+1"],"picked":"SKIP","floor":35},{"not_picked":["Bane+1"],"picked":"SKIP","floor":35},{"not_picked":["Dagger Throw"],"picked":"SKIP","floor":37},{"not_picked":["Dash"],"picked":"SKIP","floor":38}],"player_experience":1102126,"relics_obtained":[{"floor":6,"key":"Letter Opener"},{"floor":9,"key":"Orichalcum"},{"floor":14,"key":"War Paint"},{"floor":26,"key":"Calipers"},{"floor":39,"key":"Girya"}],"event_choices":[{"damage_healed":0,"gold_gain":0,"player_choice":"Rummage","damage_taken":0,"relics_obtained":["WarpedTongs"],"max_hp_gain":0,"max_hp_loss":0,"event_name":"Accursed Blacksmith","floor":3,"gold_loss":0,"cards_obtained":["Pain"]},{"damage_healed":0,"gold_gain":0,"player_choice":"Box","damage_taken":0,"relics_obtained":["Lantern"],"max_hp_gain":0,"max_hp_loss":0,"event_name":"Big Fish","floor":5,"gold_loss":0,"cards_obtained":["Regret"]},{"damage_healed":0,"gold_gain":0,"player_choice":"Simplicity","damage_taken":0,"max_hp_gain":0,"max_hp_loss":0,"event_name":"Back to Basics","floor":25,"gold_loss":0,"cards_upgraded":["Defend_G","Defend_G","Defend_G","Defend_G","Defend_G","Strike_G","Strike_G","Strike_G","Strike_G","Strike_G"]},{"damage_healed":0,"gold_gain":0,"player_choice":"Opened","damage_taken":0,"relics_obtained":["Oddly Smooth Stone"],"max_hp_gain":0,"max_hp_loss":0,"event_name":"The Mausoleum","floor":28,"gold_loss":0,"cards_obtained":["Writhe"]},{"cards_removed":["Writhe"],"damage_healed":0,"gold_gain":0,"player_choice":"Removed Curses","damage_taken":0,"max_hp_gain":0,"max_hp_loss":0,"event_name":"Fountain of Cleansing","floor":36,"gold_loss":0},{"damage_healed":0,"gold_gain":0,"player_choice":"Fight","damage_taken":0,"max_hp_gain":0,"max_hp_loss":0,"event_name":"Mysterious Sphere","floor":39,"gold_loss":0},{"damage_healed":0,"gold_gain":0,"player_choice":"Max HP","damage_taken":0,"max_hp_gain":0,"max_hp_loss":3,"event_name":"Winding Halls","floor":41,"gold_loss":0}],"is_beta":false,"boss_relics":[{"not_picked":["Runic Pyramid","Pandora\u0027s Box"],"picked":"WristBlade"},{"not_picked":["Astrolabe","Coffee Dripper"],"picked":"Busted Crown"}],"items_purged_floors":[8,19],"is_endless":false,"potions_floor_spawned":[1,4,6,16,24,30,31,33,39],"killed_by":"Giant Head","ascension_level":15}