{"gold_per_floor":[111,111,111,61,75,111,111,134,134,134,149,165,165,183,183,304,304,322,322,237,226,241,277,277,277,303,319,22,45,84,109,109,234,234,250,250,274,399,422,463,463,503,503,541,541,541,541,555,555,555,555,555,62,105,105],"floor_reached":55,"playtime":4146,"items_purged":["Survivor"],"score":834,"play_id":"32be374c-e8fc-40ba-820b-e4f22857cdf6","local_time":"20190303223751","is_ascension_mode":true,"campfire_choices":[{"floor":7,"key":"RECALL"},{"data":"Sucker Punch","floor":10,"key":"SMITH"},{"floor":13,"key":"REST"},{"data":"Neutralize","floor":15,"key":"SMITH"},{"floor":25,"key":"REST"},{"data":"Noxious Fumes","floor":32,"key":"SMITH"},{"floor":41,"key":"REST"},{"data":"Catalyst","floor":45,"key":"SMITH"},{"floor":49,"key":"REST"},{"data":"Noxious Fumes","floor":52,"key":"SMITH"}],"neow_cost":"NONE","seed_source_timestamp":239080130714936,"circlet_count":0,"master_deck":["Defend_G+1","Defend_G+1","Defend_G+1","Defend_G+1","Defend_G+1","Strike_G+1","Strike_G+1","Strike_G+1","Strike_G+1","Neutralize+1","Poisoned Stab","All Out Attack","Sucker Punch+1","Dodge and Roll","All Out Attack","Flying Knee","After Image+1","Slice+1","Predator","Distraction","Noxious Fumes+1","Deadly Poison+1","Prepared+1","Underhanded Strike","Prepared","After Image","Caltrops","Acrobatics+1","PiercingWail+1","Noxious Fumes+1","Deadly Poison+1","Leg Sweep","Backflip","Catalyst+1","Backflip"],"relics":["Busted Crown","Golden Idol","Smiling Mask","Shuriken","Lizard Tail","Gremlin Horn","Potion Belt","Mercury Hourglass","Prayer Wheel","Philosopher\u0027s Stone","Bottled Tornado","Incense Burner","FossilizedHelix","Ginger","Pear","Pantograph","Mummified Hand","Kunai","Ornamental Fan"],"potions_floor_usage":[16,21,23,30,33,42,44,50,53,55,55,55],"damage_taken":[{"damage":0,"enemies":"2 Louse","floor":1,"turns":3},{"damage":5,"enemies":"Small Slimes","floor":5,"turns":3},{"damage":15,"enemies":"3 Sentries","floor":6,"turns":8},{"damage":0,"enemies":"Jaw Worm","floor":8,"turns":3},{"damage":1,"enemies":"Blue Slaver","floor":11,"turns":3},{"damage":6,"enemies":"Exordium Wildlife","floor":12,"turns":3},{"damage":4,"enemies":"Red Slaver","floor":14,"turns":2},{"damage":12,"enemies":"Slime Boss","floor":16,"turns":8},{"damage":14,"enemies":"Spheric Guardian","floor":18,"turns":5},{"damage":5,"enemies":"2 Thieves","floor":21,"turns":4},{"damage":6,"enemies":"Snake Plant","floor":22,"turns":6},{"damage":11,"enemies":"Slavers","floor":23,"turns":5},{"damage":0,"enemies":"Centurion and Healer","floor":27,"turns":5},{"damage":12,"enemies":"Snecko","floor":29,"turns":6},{"damage":3,"enemies":"Book of Stabbing","floor":30,"turns":5},{"damage":1,"enemies":"3 Cultists","floor":31,"turns":4},{"damage":16,"enemies":"Collector","floor":33,"turns":9},{"damage":1,"enemies":"3 Darklings","floor":35,"turns":4},{"damage":0,"enemies":"Orb Walker","floor":37,"turns":4},{"damage":6,"enemies":"Mind Bloom Boss Battle","floor":38,"turns":7},{"damage":9,"enemies":"4 Shapes","floor":39,"turns":2},{"damage":17,"enemies":"Reptomancer","floor":40,"turns":6},{"damage":6,"enemies":"Nemesis","floor":42,"turns":7},{"damage":20,"enemies":"Giant Head","floor":44,"turns":9},{"damage":14,"enemies":"Jaw Worm Horde","floor":48,"turns":4},{"damage":39,"enemies":"Time Eater","floor":50,"turns":10},{"damage":81,"enemies":"Shield and Spear","floor":54,"turns":6},{"damage":86,"enemies":"The Heart","floor":55,"turns":3}],"seed_played":"7168900708628783899","potions_obtained":[{"floor":5,"key":"Dexterity Potion"},{"floor":8,"key":"EssenceOfSteel"},{"floor":12,"key":"Fire Potion"},{"floor":16,"key":"Dexterity Potion"},{"floor":23,"key":"AttackPotion"},{"floor":31,"key":"Ancient Potion"},{"floor":39,"key":"GamblersBrew"},{"floor":40,"key":"Poison Potion"},{"floor":42,"key":"LiquidBronze"},{"floor":48,"key":"Ancient Potion"},{"floor":54,"key":"Dexterity Potion"}],"is_trial":false,"path_per_floor":["M","?","?","?","M","E","R","M","T","R","M","M","R","M","R","B",null,"M","?","?","M","M","E","?","R","T","M","$","M","E","M","R","B",null,"M","T","M","?","M","E","R","E","T","E","R","T","?","M","R","B",null,"R","$","E","B"],"character_chosen":"THE_SILENT","items_purchased":["Mercury Hourglass","Noxious Fumes","Kunai","Poison Potion","Poison Potion","Fruit Juice"],"campfire_rested":4,"item_purchase_floors":[28,28,53,53,53,53],"current_hp_per_floor":[70,53,53,53,48,33,33,33,33,33,32,26,47,43,43,31,70,56,56,56,51,45,34,34,55,55,55,55,43,40,39,39,23,70,69,69,69,63,54,37,58,52,62,42,42,42,42,28,52,38,80,80,85,4,0],"gold":105,"neow_bonus":"BOSS_RELIC","is_prod":false,"is_daily":false,"chose_seed":false,"campfire_upgraded":5,"win_rate":0,"timestamp":1551677871,"path_taken":["M","?","?","?","M","E","R","M","T","R","M","M","R","M","R","BOSS","M","?","?","M","?","E","?","R","T","M","$","M","E","M","R","BOSS","M","?","?","?","M","E","R","E","T","E","R","?","?","M","R","BOSS","R","$","E","BOSS"],"build_version":"2019-01-23","purchased_purges":1,"victory":false,"max_hp_per_floor":[70,70,70,70,70,70,70,70,70,70,70,70,70,70,70,70,70,70,70,70,70,70,70,70,70,70,70,70,70,70,70,70,70,70,70,70,70,70,70,70,70,70,80,80,80,80,80,80,80,80,80,80,85,85,85],"card_choices":[{"not_picked":[],"picked":"Poisoned Stab","floor":1},{"not_picked":[],"picked":"All Out Attack","floor":5},{"not_picked":[],"picked":"Sucker Punch","floor":6},{"not_picked":[],"picked":"Dodge and Roll","floor":8},{"not_picked":[],"picked":"All Out Attack","floor":11},{"not_picked":[],"picked":"Flying Knee","floor":12},{"not_picked":["Prepared"],"picked":"SKIP","floor":14},{"not_picked":[],"picked":"After Image","floor":16},{"not_picked":["Calculated Gamble"],"picked":"SKIP","floor":18},{"not_picked":[],"picked":"Slice+1","floor":21},{"not_picked":[],"picked":"Predator","floor":22},{"not_picked":[],"picked":"Distraction","floor":23},{"not_picked":["Underhanded Strike"],"picked":"SKIP","floor":27},{"not_picked":[],"picked":"Deadly Poison+1","floor":29},{"not_picked":[],"picked":"Prepared+1","floor":30},{"not_picked":[],"picked":"Underhanded Strike","floor":31},{"not_picked":[],"picked":"Prepared","floor":31},{"not_picked":[],"picked":"After Image","floor":33},{"not_picked":[],"picked":"Caltrops","floor":35},{"not_picked":["Deflect+1"],"picked":"SKIP","floor":35},{"not_picked":[],"picked":"Acrobatics+1","floor":37},{"not_picked":[],"picked":"PiercingWail+1","floor":37},{"not_picked":[],"picked":"Noxious Fumes","floor":38},{"not_picked":[],"picked":"Deadly Poison+1","floor":39},{"not_picked":[],"picked":"Leg Sweep","floor":39},{"not_picked":[],"picked":"Backflip","floor":40},{"not_picked":["Sucker Punch+1"],"picked":"SKIP","floor":42},{"not_picked":[],"picked":"Catalyst","floor":44},{"not_picked":["Slice+1"],"picked":"SKIP","floor":48},{"not_picked":["Dodge and Roll+1"],"picked":"SKIP","floor":48},{"not_picked":[],"picked":"Backflip","floor":54}],"player_experience":36081,"relics_obtained":[{"floor":6,"key":"Smiling Mask"},{"floor":9,"key":"Shuriken"},{"floor":23,"key":"Potion Belt"},{"floor":30,"key":"Prayer Wheel"},{"floor":36,"key":"Bottled Tornado"},{"floor":38,"key":"Incense Burner"},{"floor":40,"key":"FossilizedHelix"},{"floor":42,"key":"Ginger"},{"floor":43,"key":"Pear"},{"floor":44,"key":"Pantograph"},{"floor":46,"key":"Mummified Hand"},{"floor":54,"key":"Ornamental Fan"}],"event_choices":[{"damage_healed":0,"gold_gain":0,"player_choice":"Take Damage","damage_taken":17,"relics_obtained":["Golden Idol"],"max_hp_gain":0,"max_hp_loss":0,"event_name":"Golden Idol","floor":2,"gold_loss":0},{"damage_healed":0,"gold_gain":0,"player_choice":"Ignored","damage_taken":0,"max_hp_gain":0,"max_hp_loss":0,"event_name":"Liars Game","floor":3,"gold_loss":0},{"cards_removed":["Strike_G"],"damage_healed":0,"gold_gain":0,"player_choice":"Card Removal","damage_taken":0,"max_hp_gain":0,"max_hp_loss":0,"event_name":"The Cleric","floor":4,"gold_loss":50},{"damage_healed":0,"gold_gain":0,"player_choice":"Simplicity","damage_taken":0,"max_hp_gain":0,"max_hp_loss":0,"event_name":"Back to Basics","floor":19,"gold_loss":0,"cards_upgraded":["Defend_G","Defend_G","Defend_G","Defend_G","Defend_G","Strike_G","Strike_G","Strike_G","Strike_G"]},{"damage_healed":0,"gold_gain":0,"player_choice":"Obtained Relic","damage_taken":0,"relics_obtained":["Gremlin Horn"],"max_hp_gain":0,"max_hp_loss":0,"event_name":"Addict","floor":20,"gold_loss":85},{"damage_healed":0,"gold_gain":0,"player_choice":"Upgraded","damage_taken":0,"max_hp_gain":0,"max_hp_loss":0,"event_name":"Upgrade Shrine","floor":24,"gold_loss":0,"cards_upgraded":["After Image"]},{"damage_healed":0,"gold_gain":0,"player_choice":"Fight","damage_taken":0,"max_hp_gain":0,"max_hp_loss":0,"event_name":"MindBloom","floor":38,"gold_loss":0},{"damage_healed":0,"gold_gain":0,"player_choice":"Ignored","damage_taken":0,"max_hp_gain":0,"max_hp_loss":0,"event_name":"Mysterious Sphere","floor":47,"gold_loss":0}],"is_beta":false,"boss_relics":[{"not_picked":["Ectoplasm","Astrolabe"],"picked":"Lizard Tail"},{"not_picked":["Sozu","WristBlade"],"picked":"Philosopher\u0027s Stone"}],"items_purged_floors":[53],"is_endless":false,"potions_floor_spawned":[5,8,12,16,23,31,39,40,42,48,54],"killed_by":"The Heart","ascension_level":1}