{"gold_per_floor":[115,115,134,59,59,59,102,102,102,127,127,127,171,11,11,11],"floor_reached":16,"playtime":553,"items_purged":["Bash"],"score":253,"play_id":"0b8f89ae-5202-47d4-b189-95f0ef90d5b2","local_time":"20190218211955","is_ascension_mode":true,"campfire_choices":[{"data":"Pommel Strike","floor":6,"key":"SMITH"},{"data":"Wild Strike","floor":8,"key":"SMITH"},{"data":"Seeing Red","floor":11,"key":"SMITH"},{"floor":15,"key":"REST"}],"neow_cost":"NONE","seed_source_timestamp":277662218857065,"circlet_count":0,"master_deck":["AscendersBane","Strike_R","Strike_R","Strike_R","Strike_R","Strike_R","Defend_R","Defend_R","Defend_R","Defend_R","Pommel Strike+1","Feel No Pain","Pain","Wild Strike+1","Flex","Seeing Red+1","Evolve","Fiend Fire"],"relics":["Burning Blood","NeowsBlessing","Golden Idol","WarpedTongs","Regal Pillow","Prayer Wheel","Letter Opener"],"potions_floor_usage":[12,13],"damage_taken":[{"damage":0,"enemies":"2 Louse","floor":1,"turns":1},{"damage":0,"enemies":"Jaw Worm","floor":3,"turns":1},{"damage":0,"enemies":"3 Sentries","floor":7,"turns":1},{"damage":3,"enemies":"Cultist","floor":10,"turns":3},{"damage":0,"enemies":"Lots of Slimes","floor":12,"turns":1},{"damage":54,"enemies":"Lagavulin","floor":13,"turns":6},{"damage":58,"enemies":"Hexaghost","floor":16,"turns":9}],"seed_played":"1806273487093418114","potions_obtained":[{"floor":1,"key":"SteroidPotion"},{"floor":10,"key":"SmokeBomb"}],"is_trial":false,"path_per_floor":["M","?","M","$","?","R","E","R","T","M","R","M","E","$","R","B"],"character_chosen":"IRONCLAD","items_purchased":["Fiend Fire"],"campfire_rested":1,"item_purchase_floors":[14],"current_hp_per_floor":[74,48,54,54,54,54,60,60,60,63,63,69,21,21,58,0],"gold":11,"neow_bonus":"THREE_ENEMY_KILL","is_prod":false,"is_daily":false,"chose_seed":false,"campfire_upgraded":3,"win_rate":0,"timestamp":1550549995,"path_taken":["M","?","M","$","?","R","E","R","T","?","R","?","E","$","R","BOSS"],"build_version":"2019-01-23","purchased_purges":1,"victory":false,"max_hp_per_floor":[75,75,75,75,75,75,75,75,75,75,75,75,75,75,75,75],"card_choices":[{"not_picked":["Corruption","Clash"],"picked":"Pommel Strike","floor":1},{"not_picked":["Rage","Blood for Blood"],"picked":"Feel No Pain","floor":3},{"not_picked":["Heavy Blade","Pommel Strike"],"picked":"Wild Strike","floor":7},{"not_picked":["Anger","Armaments"],"picked":"Flex","floor":10},{"not_picked":["Cleave","Wild Strike"],"picked":"Seeing Red","floor":10},{"not_picked":["Pummel","Infernal Blade"],"picked":"Evolve","floor":13}],"player_experience":1168729,"relics_obtained":[{"floor":7,"key":"Regal Pillow"},{"floor":9,"key":"Prayer Wheel"},{"floor":13,"key":"Letter Opener"}],"event_choices":[{"damage_healed":0,"gold_gain":0,"player_choice":"Take Damage","damage_taken":26,"relics_obtained":["Golden Idol"],"max_hp_gain":0,"max_hp_loss":0,"event_name":"Golden Idol","floor":2,"gold_loss":0},{"damage_healed":0,"gold_gain":0,"player_choice":"Rummage","damage_taken":0,"relics_obtained":["WarpedTongs"],"max_hp_gain":0,"max_hp_loss":0,"event_name":"Accursed Blacksmith","floor":5,"gold_loss":0,"cards_obtained":["Pain"]}],"is_beta":false,"boss_relics":[],"items_purged_floors":[4],"is_endless":false,"potions_floor_spawned":[1,10],"killed_by":"Hexaghost","ascension_level":18}