{"gold_per_floor":[114,39,50,77,77,77,106,106,106,119,145,159,159,191,191,191],"floor_reached":16,"playtime":681,"items_purged":["Strike_B"],"score":250,"play_id":"5a4cb673-86dc-4af4-b822-ad324ce5f21e","local_time":"20190209114242","is_ascension_mode":true,"campfire_choices":[{"data":"Zap","floor":6,"key":"SMITH"},{"data":"Genetic Algorithm","floor":8,"key":"SMITH"},{"floor":13,"key":"REST"},{"data":"Rainbow","floor":15,"key":"SMITH"}],"neow_cost":"NONE","seed_source_timestamp":1875709836100953,"circlet_count":0,"master_deck":["AscendersBane","Strike_B","Strike_B","Strike_B","Defend_B","Defend_B","Defend_B","Defend_B","Zap+1","Dualcast","Self Repair","Go for the Eyes","Genetic Algorithm+1","Beam Cell","Auto Shields","Stack","Rainbow+1"],"relics":["Cracked Core","NeowsBlessing","Boot","Pen Nib","Mummified Hand","Kunai","DataDisk"],"potions_floor_usage":[10,14],"damage_taken":[{"damage":0,"enemies":"Cultist","floor":1,"turns":1},{"damage":0,"enemies":"Small Slimes","floor":3,"turns":1},{"damage":0,"enemies":"3 Sentries","floor":7,"turns":1},{"damage":0,"enemies":"2 Louse","floor":10,"turns":2},{"damage":38,"enemies":"Gremlin Nob","floor":11,"turns":5},{"damage":15,"enemies":"2 Fungi Beasts","floor":12,"turns":3},{"damage":20,"enemies":"Lagavulin","floor":14,"turns":6},{"damage":40,"enemies":"Slime Boss","floor":16,"turns":11}],"seed_played":"-8425966133125848834","potions_obtained":[{"floor":1,"key":"EssenceOfSteel"},{"floor":3,"key":"LiquidBronze"}],"is_trial":false,"path_per_floor":["M","$","M","T","?","R","E","R","T","M","E","M","R","E","R","B"],"character_chosen":"DEFECT","items_purchased":[],"campfire_rested":1,"item_purchase_floors":[],"current_hp_per_floor":[64,64,71,71,71,71,71,71,71,71,40,32,53,40,40,0],"gold":191,"neow_bonus":"THREE_ENEMY_KILL","is_prod":false,"is_daily":false,"chose_seed":false,"campfire_upgraded":3,"win_rate":0,"timestamp":1549737762,"path_taken":["M","$","M","?","?","R","E","R","T","?","E","M","R","E","R","BOSS"],"build_version":"2019-01-23","purchased_purges":1,"victory":false,"max_hp_per_floor":[71,71,71,71,71,71,71,71,71,71,71,71,71,71,71,71],"card_choices":[{"not_picked":["Darkness","Doom and Gloom"],"picked":"Self Repair","floor":1},{"not_picked":["Rip and Tear","Turbo","Steam"],"picked":"SKIP","floor":3},{"not_picked":["Rebound","Redo"],"picked":"Genetic Algorithm","floor":7},{"not_picked":["Darkness","Turbo"],"picked":"Beam Cell","floor":10},{"not_picked":["Coolheaded","Conserve Battery"],"picked":"Auto Shields","floor":11},{"not_picked":["Skim","Compile Driver"],"picked":"Stack","floor":12},{"not_picked":["Coolheaded","Conserve Battery"],"picked":"Rainbow","floor":14}],"player_experience":1027389,"relics_obtained":[{"floor":4,"key":"Boot"},{"floor":7,"key":"Pen Nib"},{"floor":9,"key":"Mummified Hand"},{"floor":11,"key":"Kunai"},{"floor":14,"key":"DataDisk"}],"event_choices":[{"damage_healed":0,"gold_gain":0,"player_choice":"1 cards matched","damage_taken":0,"max_hp_gain":0,"max_hp_loss":0,"event_name":"Match and Keep!","floor":5,"gold_loss":0,"cards_obtained":["Go for the Eyes"]}],"is_beta":false,"boss_relics":[],"items_purged_floors":[2],"is_endless":false,"potions_floor_spawned":[1,3,7],"killed_by":"Slime Boss","ascension_level":15}