{"gold_per_floor":[218,228,228,56,72,72,99,99,99,134,134,209,209,134,134,134],"floor_reached":16,"playtime":602,"items_purged":["Strike_R"],"score":207,"play_id":"6121e06f-1f7c-46b3-8560-00e6cec9c19a","local_time":"20190222194804","is_ascension_mode":true,"campfire_choices":[{"floor":6,"key":"REST"},{"floor":11,"key":"DIG"},{"floor":13,"key":"DIG"},{"floor":15,"key":"REST"}],"neow_cost":"NONE","seed_source_timestamp":4545014234243,"circlet_count":0,"master_deck":["AscendersBane","Strike_R","Strike_R","Strike_R","Strike_R","Defend_R","Defend_R","Defend_R","Defend_R+1","Bash","Metallicize","Ghostly Armor+1","Infernal Blade","Demon Form","Seeing Red"],"relics":["Burning Blood","Pen Nib","Shovel","Letter Opener","Orichalcum","PreservedInsect","Vajra"],"potions_floor_usage":[7,16],"damage_taken":[{"damage":7,"enemies":"2 Louse","floor":1,"turns":3},{"damage":6,"enemies":"Small Slimes","floor":2,"turns":5},{"damage":3,"enemies":"Cultist","floor":5,"turns":6},{"damage":52,"enemies":"Lagavulin","floor":7,"turns":8},{"damage":11,"enemies":"3 Sentries","floor":10,"turns":5},{"damage":54,"enemies":"Hexaghost","floor":16,"turns":9}],"seed_played":"-2233693080657323583","potions_obtained":[{"floor":2,"key":"Explosive Potion"},{"floor":10,"key":"LiquidBronze"}],"is_trial":false,"path_per_floor":["M","M","?","$","M","R","E","?","T","E","R","?","R","$","R","B"],"character_chosen":"IRONCLAD","items_purchased":["Pen Nib"],"campfire_rested":2,"item_purchase_floors":[4],"current_hp_per_floor":[67,67,44,44,47,69,23,48,48,43,43,32,32,32,54,0],"gold":134,"neow_bonus":"HUNDRED_GOLD","is_prod":false,"is_daily":false,"chose_seed":false,"campfire_upgraded":0,"win_rate":0,"timestamp":1550890084,"path_taken":["M","M","?","$","M","R","E","?","T","E","R","?","R","?","R","BOSS"],"build_version":"2019-01-23","purchased_purges":1,"victory":false,"max_hp_per_floor":[75,75,75,75,75,75,75,75,75,75,75,75,75,75,75,75],"card_choices":[{"not_picked":["Sword Boomerang","Whirlwind"],"picked":"Metallicize","floor":1},{"not_picked":["Clash","Clothesline"],"picked":"Ghostly Armor","floor":2},{"not_picked":["Sword Boomerang","Reckless Charge"],"picked":"Infernal Blade","floor":5},{"not_picked":["Fire Breathing","Anger"],"picked":"Demon Form","floor":7},{"not_picked":["Heavy Blade","Rage"],"picked":"Seeing Red","floor":10}],"player_experience":1211750,"relics_obtained":[{"floor":7,"key":"Shovel"},{"floor":9,"key":"Letter Opener"},{"floor":10,"key":"Orichalcum"},{"floor":11,"key":"PreservedInsect"},{"floor":13,"key":"Vajra"}],"event_choices":[{"damage_healed":0,"gold_gain":0,"player_choice":"Entered Light","damage_taken":23,"max_hp_gain":0,"max_hp_loss":0,"event_name":"Shining Light","floor":3,"gold_loss":0,"cards_upgraded":["Defend_R","Ghostly Armor"]},{"damage_healed":25,"gold_gain":0,"player_choice":"Banana","damage_taken":0,"max_hp_gain":0,"max_hp_loss":0,"event_name":"Big Fish","floor":8,"gold_loss":0},{"damage_healed":0,"gold_gain":75,"player_choice":"Gather Gold","damage_taken":11,"max_hp_gain":0,"max_hp_loss":0,"event_name":"World of Goop","floor":12,"gold_loss":0}],"is_beta":false,"boss_relics":[],"items_purged_floors":[14],"is_endless":false,"potions_floor_spawned":[2,10],"killed_by":"Hexaghost","ascension_level":19}