{"gold_per_floor":[111,111,1,1,17,51,51,51,51,65,65,96,96,113,113,191,191,209,219,219,219],"floor_reached":21,"playtime":1420,"items_purged":["Strike_R"],"score":371,"play_id":"5bdec066-2a91-4fe9-b4ae-6088c3779491","local_time":"20190210124033","is_ascension_mode":true,"campfire_choices":[{"data":"Searing Blow","floor":7,"key":"SMITH"},{"data":"Searing Blow+1","floor":15,"key":"SMITH"}],"neow_cost":"NONE","seed_source_timestamp":1964845956390663,"circlet_count":0,"master_deck":["AscendersBane","Defend_R","Defend_R","Defend_R","Defend_R","Bash","Thunderclap","Dark Embrace","Corruption","Searing Blow+2","Rampage","Warcry+1","Shrug It Off+1","Shrug It Off+1","Berserk","Thunderclap+1","Heavy Blade+1","Sever Soul+1","Shockwave+1","Shockwave+1"],"relics":["Burning Blood","NeowsBlessing","Ancient Tea Set","Bag of Preparation","Toxic Egg 2","Mango","Kunai","Astrolabe","Nilry\u0027s Codex"],"potions_floor_usage":[12,16,16,21],"damage_taken":[{"damage":0,"enemies":"Jaw Worm","floor":1,"turns":1},{"damage":0,"enemies":"Cultist","floor":5,"turns":1},{"damage":0,"enemies":"3 Sentries","floor":6,"turns":2},{"damage":0,"enemies":"2 Louse","floor":10,"turns":3},{"damage":18,"enemies":"Gremlin Nob","floor":12,"turns":3},{"damage":33,"enemies":"Large Slime","floor":14,"turns":8},{"damage":34,"enemies":"Hexaghost","floor":16,"turns":7},{"damage":25,"enemies":"Chosen","floor":18,"turns":5},{"damage":33,"enemies":"Spheric Guardian","floor":19,"turns":5},{"damage":6,"enemies":"Snake Plant","floor":21,"turns":2}],"seed_played":"5178452630695033778","potions_obtained":[{"floor":1,"key":"PowerPotion"},{"floor":10,"key":"AttackPotion"},{"floor":14,"key":"SkillPotion"},{"floor":16,"key":"LiquidBronze"},{"floor":19,"key":"Weak Potion"}],"is_trial":false,"path_per_floor":["M","?","$","T","M","E","R","$","T","M","$","E","T","M","R","B",null,"M","M","?","M"],"character_chosen":"IRONCLAD","items_purchased":["Corruption"],"campfire_rested":0,"item_purchase_floors":[3],"current_hp_per_floor":[74,74,74,74,75,75,75,75,75,75,75,77,77,50,50,22,72,53,26,5,0],"gold":219,"neow_bonus":"THREE_ENEMY_KILL","is_prod":false,"is_daily":false,"chose_seed":false,"campfire_upgraded":2,"win_rate":0,"timestamp":1549827633,"path_taken":["M","?","$","?","M","E","R","$","T","?","?","E","?","M","R","BOSS","M","M","?","M"],"build_version":"2019-01-23","purchased_purges":1,"victory":false,"max_hp_per_floor":[75,75,75,75,75,75,75,75,75,75,75,89,89,89,89,89,89,89,89,89,89],"card_choices":[{"not_picked":["Flex","Rupture"],"picked":"Thunderclap","floor":1},{"not_picked":["Disarm","Hemokinesis"],"picked":"Searing Blow","floor":5},{"not_picked":["Carnage","Dual Wield"],"picked":"Rampage","floor":6},{"not_picked":["Thunderclap","Sword Boomerang"],"picked":"Warcry+1","floor":10},{"not_picked":["Perfected Strike","Ghostly Armor+1"],"picked":"Shrug It Off+1","floor":12},{"not_picked":["Havoc+1","Reckless Charge"],"picked":"Shrug It Off+1","floor":14},{"not_picked":["Bludgeon","Brutality"],"picked":"Berserk","floor":16},{"not_picked":["Warcry+1","Wild Strike"],"picked":"Shockwave+1","floor":18},{"not_picked":["Heavy Blade+1","Pommel Strike"],"picked":"Shockwave+1","floor":19}],"player_experience":1051460,"relics_obtained":[{"floor":4,"key":"Ancient Tea Set"},{"floor":6,"key":"Bag of Preparation"},{"floor":9,"key":"Toxic Egg 2"},{"floor":12,"key":"Mango"},{"floor":13,"key":"Kunai"},{"floor":20,"key":"Nilry\u0027s Codex"}],"event_choices":[{"damage_healed":0,"gold_gain":0,"cards_transformed":["Strike_R"],"player_choice":"Transformed","damage_taken":0,"max_hp_gain":0,"max_hp_loss":0,"event_name":"Transmorgrifier","floor":2,"gold_loss":0,"cards_obtained":["Dark Embrace"]},{"damage_healed":0,"gold_gain":0,"player_choice":"Obtained Book","damage_taken":21,"max_hp_gain":0,"max_hp_loss":0,"event_name":"Cursed Tome","floor":20,"gold_loss":0}],"is_beta":false,"boss_relics":[{"not_picked":["Runic Cube","Tiny House"],"picked":"Astrolabe"}],"items_purged_floors":[3],"is_endless":false,"potions_floor_spawned":[1,10,14,16,19],"killed_by":"Snake Plant","ascension_level":15}