{"gold_per_floor":[113,132,145,145,156,156,172,172,172,197,211,229,229,243,243,339,339,352,366,385,99,110,110,135,135,135,152,179,193,23,35,35,140,140,159,159,207,223,235,235,268,268,268,268,299,314,314,81,81,81],"floor_reached":51,"playtime":4832,"items_purged":["Strike_R","Strike_R"],"score":1320,"play_id":"af155afb-0bb8-4283-9a4f-f449119378d6","local_time":"20190305163719","is_ascension_mode":true,"campfire_choices":[{"data":"Feed","floor":6,"key":"SMITH"},{"data":"Inflame","floor":8,"key":"SMITH"},{"data":"Heavy Blade","floor":13,"key":"SMITH"},{"data":"Sword Boomerang","floor":15,"key":"SMITH"},{"data":"Inflame","floor":23,"key":"SMITH"},{"data":"Offering","floor":25,"key":"SMITH"},{"data":"Uppercut","floor":32,"key":"SMITH"},{"data":"Corruption","floor":40,"key":"SMITH"},{"data":"Fiend Fire","floor":42,"key":"SMITH"},{"data":"Power Through","floor":44,"key":"SMITH"},{"data":"Pommel Strike","floor":49,"key":"SMITH"}],"neow_cost":"TEN_PERCENT_HP_LOSS","seed_source_timestamp":78023531376919,"circlet_count":0,"master_deck":["AscendersBane","Strike_R+1","Strike_R","Strike_R","Defend_R","Defend_R","Defend_R","Defend_R+1","Bash","Feed+1","Evolve","Pommel Strike+1","Burning Pact","Inflame+1","Reaper","Heavy Blade+1","Shrug It Off","Sword Boomerang+1","Fiend Fire+1","Shrug It Off","Shockwave","Shockwave","Inflame+1","Reaper","Heavy Blade+1","Offering+1","Metallicize","Power Through+1","Uppercut+1","Exhume","Corruption+1","Shockwave+1","Intimidate","Dark Shackles","Spot Weakness"],"relics":["Burning Blood","Potion Belt","Vajra","Sozu","Bottled Flame","Nunchaku","Dead Branch","Mark of Pain","StoneCalendar","Strawberry","Pen Nib","Happy Flower","Lee\u0027s Waffle"],"potions_floor_usage":[5,10,16],"damage_taken":[{"damage":1,"enemies":"Cultist","floor":1,"turns":3},{"damage":8,"enemies":"2 Louse","floor":2,"turns":4},{"damage":14,"enemies":"Jaw Worm","floor":3,"turns":4},{"damage":6,"enemies":"Exordium Thugs","floor":5,"turns":3},{"damage":19,"enemies":"Blue Slaver","floor":7,"turns":7},{"damage":27,"enemies":"Lagavulin","floor":10,"turns":7},{"damage":0,"enemies":"Exordium Wildlife","floor":11,"turns":2},{"damage":32,"enemies":"Gremlin Gang","floor":12,"turns":4},{"damage":3,"enemies":"Looter","floor":14,"turns":3},{"damage":42,"enemies":"Hexaghost","floor":16,"turns":10},{"damage":7,"enemies":"Chosen","floor":18,"turns":4},{"damage":29,"enemies":"Shell Parasite","floor":19,"turns":6},{"damage":18,"enemies":"Snake Plant","floor":20,"turns":4},{"damage":27,"enemies":"Centurion and Healer","floor":22,"turns":7},{"damage":50,"enemies":"Gremlin Leader","floor":24,"turns":7},{"damage":35,"enemies":"Shelled Parasite and Fungi","floor":27,"turns":7},{"damage":40,"enemies":"Slavers","floor":28,"turns":7},{"damage":18,"enemies":"Chosen and Byrds","floor":29,"turns":4},{"damage":10,"enemies":"3 Cultists","floor":31,"turns":4},{"damage":53,"enemies":"Collector","floor":33,"turns":8},{"damage":9,"enemies":"3 Darklings","floor":35,"turns":5},{"damage":12,"enemies":"2 Orb Walkers","floor":37,"turns":2},{"damage":8,"enemies":"Orb Walker","floor":38,"turns":3},{"damage":44,"enemies":"Spire Growth","floor":39,"turns":4},{"damage":26,"enemies":"Giant Head","floor":41,"turns":4},{"damage":63,"enemies":"Reptomancer","floor":45,"turns":5},{"damage":27,"enemies":"Maw","floor":46,"turns":4},{"damage":21,"enemies":"Awakened One","floor":50,"turns":5}],"seed_played":"592947573714902331","potions_obtained":[{"floor":2,"key":"Fire Potion"},{"floor":7,"key":"Energy Potion"},{"floor":11,"key":"SkillPotion"}],"is_trial":false,"path_per_floor":["M","M","M","?","M","R","M","R","T","E","M","M","R","M","R","B",null,"M","M","M","$","M","R","E","R","T","M","E","M","$","M","R","B",null,"M","$","?","M","M","R","E","R","T","R","E","M","?","$","R","B",null],"character_chosen":"IRONCLAD","items_purchased":["Inflame","Reaper","Power Through","Spot Weakness","Lee\u0027s Waffle"],"campfire_rested":0,"item_purchase_floors":[21,21,30,48,48],"current_hp_per_floor":[75,76,71,55,58,58,49,49,49,32,42,40,40,43,43,19,83,94,87,91,91,99,99,55,55,55,46,67,66,66,92,92,50,115,136,136,134,136,98,98,142,142,142,142,127,134,134,162,162,147],"gold":81,"neow_bonus":"THREE_RARE_CARDS","is_prod":false,"is_daily":false,"chose_seed":false,"campfire_upgraded":11,"win_rate":0,"timestamp":1551825439,"path_taken":["M","M","M","?","M","R","M","R","T","E","M","M","R","M","R","BOSS","M","M","M","$","M","R","E","R","T","M","E","M","$","M","R","BOSS","M","$","?","M","M","R","E","R","T","R","E","M","?","$","R","BOSS"],"build_version":"2019-01-23","purchased_purges":2,"victory":true,"max_hp_per_floor":[75,78,81,81,84,84,88,88,88,92,96,100,100,100,100,104,104,108,112,116,116,120,120,120,120,120,124,128,132,132,136,136,136,136,136,136,140,144,144,144,155,155,155,155,155,155,155,162,162,162],"card_choices":[{"not_picked":["Brutality","Dark Embrace"],"picked":"Feed","floor":0},{"not_picked":["Armaments","Warcry"],"picked":"Evolve","floor":1},{"not_picked":["Fire Breathing","Heavy Blade"],"picked":"Pommel Strike","floor":2},{"not_picked":["Wild Strike","Body Slam","Twin Strike"],"picked":"SKIP","floor":3},{"not_picked":["Body Slam","Rupture"],"picked":"Burning Pact","floor":5},{"not_picked":["Dropkick","Intimidate"],"picked":"Inflame","floor":7},{"not_picked":["Pommel Strike","Battle Trance"],"picked":"Reaper","floor":10},{"not_picked":["Evolve","Cleave"],"picked":"Heavy Blade","floor":11},{"not_picked":["Clash","Clothesline"],"picked":"Shrug It Off","floor":12},{"not_picked":["Pommel Strike","Iron Wave"],"picked":"Sword Boomerang","floor":14},{"not_picked":["Dark Embrace","Barricade"],"picked":"Fiend Fire","floor":16},{"not_picked":["Rupture","Armaments"],"picked":"Shrug It Off","floor":18},{"not_picked":["Perfected Strike","Fire Breathing"],"picked":"Shockwave","floor":19},{"not_picked":["Thunderclap","Second Wind"],"picked":"Shockwave","floor":20},{"not_picked":["Rupture","Warcry"],"picked":"Heavy Blade+1","floor":22},{"not_picked":["Wild Strike+1","Pummel"],"picked":"Offering","floor":24},{"not_picked":["Cleave","Warcry"],"picked":"Metallicize","floor":27},{"not_picked":["Twin Strike","Rage","Anger"],"picked":"SKIP","floor":28},{"not_picked":["Flex","Clash","Shockwave"],"picked":"SKIP","floor":29},{"not_picked":["Perfected Strike","Heavy Blade"],"picked":"Uppercut","floor":31},{"not_picked":["Immolate","Impervious"],"picked":"Exhume","floor":33},{"not_picked":["Body Slam","Perfected Strike+1"],"picked":"Corruption","floor":35},{"not_picked":["Havoc","Reckless Charge"],"picked":"Shockwave+1","floor":37},{"not_picked":["Iron Wave+1","Twin Strike","Perfected Strike+1"],"picked":"SKIP","floor":38},{"not_picked":["Twin Strike+1","Anger","Reckless Charge"],"picked":"SKIP","floor":39},{"not_picked":["Cleave","Heavy Blade+1","Metallicize+1"],"picked":"SKIP","floor":41},{"not_picked":["Body Slam","Clothesline+1","Pummel"],"picked":"SKIP","floor":45},{"not_picked":["Entrench","Perfected Strike"],"picked":"Intimidate","floor":46},{"not_picked":["Swift Strike","Madness"],"picked":"Dark Shackles","floor":47}],"player_experience":532153,"relics_obtained":[{"floor":9,"key":"Potion Belt"},{"floor":10,"key":"Vajra"},{"floor":24,"key":"Bottled Flame"},{"floor":26,"key":"Nunchaku"},{"floor":28,"key":"Dead Branch"},{"floor":37,"key":"StoneCalendar"},{"floor":41,"key":"Strawberry"},{"floor":43,"key":"Pen Nib"},{"floor":45,"key":"Happy Flower"}],"event_choices":[{"damage_healed":0,"gold_gain":0,"player_choice":"Entered Light","damage_taken":16,"max_hp_gain":0,"max_hp_loss":0,"event_name":"Shining Light","floor":4,"gold_loss":0,"cards_upgraded":["Strike_R","Defend_R"]},{"damage_healed":0,"gold_gain":0,"player_choice":"Fight","damage_taken":0,"max_hp_gain":0,"max_hp_loss":0,"event_name":"Mysterious Sphere","floor":37,"gold_loss":0},{"damage_healed":0,"gold_gain":0,"player_choice":"Memory 1","damage_taken":0,"max_hp_gain":0,"max_hp_loss":0,"event_name":"SensoryStone","floor":47,"gold_loss":0}],"is_beta":false,"boss_relics":[{"not_picked":["Fusion Hammer","Astrolabe"],"picked":"Sozu"},{"not_picked":["Tiny House","Snecko Eye"],"picked":"Mark of Pain"}],"items_purged_floors":[21,30],"is_endless":false,"potions_floor_spawned":[2,7,11,20,22,28,31,38,41,45],"ascension_level":12}