{"gold_per_floor":[17,34,34,34,52,52,80,98,123,123,133,18,18,18,18,92,92,102,121,134,34,34,34,34],"floor_reached":24,"playtime":1068,"items_purged":["Strike_B","Coolheaded"],"score":343,"play_id":"4b6696f2-efa5-424d-ab94-df4656d89a91","local_time":"20190208213917","is_ascension_mode":true,"campfire_choices":[{"data":"Zap","floor":6,"key":"SMITH"},{"floor":10,"key":"REST"},{"data":"Storm","floor":13,"key":"SMITH"},{"floor":15,"key":"REST"},{"floor":23,"key":"REST"}],"neow_cost":"NO_GOLD","seed_source_timestamp":1824714677012662,"circlet_count":0,"master_deck":["AscendersBane","Zap+1","Dualcast","Cold Snap","Thunder Strike","Storm+1","BootSequence","Electrodynamics","Capacitor","Redo","Multi-Cast","Echo Form","All For One","Genetic Algorithm","Machine Learning","Core Surge","Coolheaded","Tempest","White Noise","Stack+1"],"relics":["Cracked Core","Du-Vu Doll","Dream Catcher","Centennial Puzzle","Pandora\u0027s Box","SsserpentHead"],"potions_floor_usage":[7,7,16,20],"damage_taken":[{"damage":10,"enemies":"Small Slimes","floor":1,"turns":4},{"damage":0,"enemies":"Jaw Worm","floor":2,"turns":3},{"damage":2,"enemies":"Cultist","floor":5,"turns":3},{"damage":16,"enemies":"Gremlin Nob","floor":7,"turns":4},{"damage":11,"enemies":"Red Slaver","floor":8,"turns":3},{"damage":5,"enemies":"3 Louse","floor":11,"turns":3},{"damage":22,"enemies":"Slime Boss","floor":16,"turns":4},{"damage":18,"enemies":"3 Byrds","floor":18,"turns":3},{"damage":11,"enemies":"Shell Parasite","floor":19,"turns":4},{"damage":13,"enemies":"Snecko","floor":20,"turns":3},{"damage":44,"enemies":"Slavers","floor":24,"turns":2}],"seed_played":"-3836130219988272509","potions_obtained":[{"floor":2,"key":"FocusPotion"},{"floor":5,"key":"Poison Potion"},{"floor":8,"key":"Dexterity Potion"},{"floor":16,"key":"FearPotion"},{"floor":19,"key":"GamblersBrew"}],"is_trial":false,"path_per_floor":["M","M","?","?","M","R","E","M","T","R","M","$","R","$","R","B",null,"M","M","M","$","?","R","E"],"character_chosen":"DEFECT","items_purchased":["Capacitor"],"campfire_rested":3,"item_purchase_floors":[12],"current_hp_per_floor":[54,54,47,47,45,45,29,18,18,39,34,34,34,34,55,33,62,44,33,20,20,20,41,0],"gold":34,"neow_bonus":"ONE_RARE_RELIC","is_prod":false,"is_daily":false,"chose_seed":false,"campfire_upgraded":2,"win_rate":0,"timestamp":1549687157,"path_taken":["M","M","?","?","M","R","E","M","T","R","?","$","R","?","R","BOSS","M","M","M","$","?","R","E"],"build_version":"2019-01-23","purchased_purges":2,"victory":false,"max_hp_per_floor":[71,71,71,71,71,71,71,71,71,71,71,71,71,71,71,71,71,71,71,71,71,71,71,71],"card_choices":[{"not_picked":["Go for the Eyes","Rebound"],"picked":"Cold Snap","floor":1},{"not_picked":["Leap","Rip and Tear"],"picked":"Coolheaded","floor":2},{"not_picked":["Coolheaded","Steam Power"],"picked":"Thunder Strike","floor":5},{"not_picked":["Chill","Force Field"],"picked":"Storm","floor":7},{"not_picked":["Leap","Streamline","Coolheaded"],"picked":"SKIP","floor":8},{"not_picked":["Coolheaded","Leap"],"picked":"BootSequence","floor":10},{"not_picked":["Ball Lightning","Recycle"],"picked":"Electrodynamics","floor":11},{"not_picked":["Sweeping Beam","Streamline"],"picked":"Redo","floor":15},{"not_picked":["All For One","Meteor Strike"],"picked":"Multi-Cast","floor":16},{"not_picked":["Steam+1","Streamline+1"],"picked":"Coolheaded","floor":18},{"not_picked":["Compile Driver","Ball Lightning"],"picked":"Tempest","floor":19},{"not_picked":["Rebound","Rip and Tear"],"picked":"White Noise","floor":20},{"not_picked":["Melter","Rebound"],"picked":"Stack+1","floor":23}],"player_experience":1010206,"relics_obtained":[{"floor":7,"key":"Dream Catcher"},{"floor":9,"key":"Centennial Puzzle"}],"event_choices":[{"cards_removed":["Strike_B"],"damage_healed":0,"gold_gain":0,"player_choice":"Card Removal","damage_taken":7,"max_hp_gain":0,"max_hp_loss":0,"event_name":"Golden Wing","floor":3,"gold_loss":0},{"cards_removed":["Strike_B"],"damage_healed":0,"gold_gain":0,"player_choice":"Purged","damage_taken":0,"max_hp_gain":0,"max_hp_loss":0,"event_name":"Purifier","floor":4,"gold_loss":0},{"damage_healed":0,"gold_gain":0,"player_choice":"Trade","damage_taken":0,"relics_obtained":["SsserpentHead"],"max_hp_gain":0,"max_hp_loss":0,"event_name":"FaceTrader","floor":22,"gold_loss":0}],"is_beta":false,"boss_relics":[{"not_picked":["Black Star","Tiny House"],"picked":"Pandora\u0027s Box"}],"items_purged_floors":[12,21],"is_endless":false,"potions_floor_spawned":[2,5,8,16,19],"killed_by":"Slavers","ascension_level":15}