{"gold_per_floor":[116,134,25,25,39,70,70,105,105,105,105,119,139,139,139,218,218,228,241,253,53,103,103,132,132,184,184,203,231,243,22,22,99,99,116,116,133,14,29,29,29],"floor_reached":41,"playtime":4456,"items_purged":["Strike_G","Strike_G"],"score":797,"play_id":"0db13c52-7323-4930-9701-9c6ac7e2ce84","local_time":"20190211225108","is_ascension_mode":true,"campfire_choices":[{"floor":7,"key":"REST"},{"floor":10,"key":"REST"},{"floor":15,"key":"REST"},{"floor":23,"key":"REST"},{"floor":25,"key":"REST"},{"floor":32,"key":"REST"},{"floor":40,"key":"REST"}],"neow_cost":"NONE","seed_source_timestamp":2084848285365190,"circlet_count":0,"master_deck":["AscendersBane","Defend_G","Defend_G","Defend_G","Defend_G","Defend_G","Strike_G","Strike_G","Survivor","Neutralize","Caltrops","Dagger Spray+1","Footwork","Predator","Noxious Fumes","Deflect","Tactician","Reflex","All Out Attack+1","After Image","Night Terror","Dash","Cloak And Dagger+1","Acrobatics","Infinite Blades+1","Ghostly","Ghostly","Ghostly","Expertise","Infinite Blades","Caltrops","Dodge and Roll","Burst","Quick Slash","Well Laid Plans","Noxious Fumes","Calculated Gamble"],"relics":["Ring of the Snake","Pen Nib","Gambling Chip","Mummified Hand","The Courier","Bottled Flame","Philosopher\u0027s Stone","Whetstone","Art of War","Ancient Tea Set","Happy Flower","Pantograph","Busted Crown","GremlinMask"],"potions_floor_usage":[6,8,16,20,24,35],"damage_taken":[{"damage":1,"enemies":"2 Louse","floor":1,"turns":3},{"damage":1,"enemies":"Cultist","floor":2,"turns":4},{"damage":3,"enemies":"Small Slimes","floor":5,"turns":6},{"damage":20,"enemies":"Gremlin Nob","floor":6,"turns":4},{"damage":16,"enemies":"3 Sentries","floor":8,"turns":4},{"damage":0,"enemies":"Red Slaver","floor":12,"turns":3},{"damage":7,"enemies":"3 Louse","floor":13,"turns":2},{"damage":10,"enemies":"Hexaghost","floor":16,"turns":12},{"damage":17,"enemies":"Chosen","floor":18,"turns":5},{"damage":5,"enemies":"Spheric Guardian","floor":19,"turns":4},{"damage":11,"enemies":"Centurion and Healer","floor":20,"turns":7},{"damage":11,"enemies":"Gremlin Leader","floor":24,"turns":8},{"damage":27,"enemies":"Sentry and Sphere","floor":28,"turns":6},{"damage":5,"enemies":"Slavers","floor":29,"turns":5},{"damage":0,"enemies":"Snake Plant","floor":30,"turns":6},{"damage":17,"enemies":"Automaton","floor":33,"turns":13},{"damage":19,"enemies":"3 Shapes","floor":35,"turns":5},{"damage":6,"enemies":"Orb Walker","floor":37,"turns":4},{"damage":0,"enemies":"Sphere and 2 Shapes","floor":39,"turns":5},{"damage":13,"enemies":"Nemesis","floor":41,"turns":10}],"seed_played":"929084498537303632","potions_obtained":[{"floor":2,"key":"Weak Potion"},{"floor":5,"key":"LiquidBronze"},{"floor":12,"key":"GamblersBrew"},{"floor":18,"key":"Swift Potion"},{"floor":19,"key":"Poison Potion"},{"floor":33,"key":"Fire Potion"},{"floor":37,"key":"Energy Potion"}],"is_trial":false,"path_per_floor":["M","M","$","?","M","E","R","E","T","R","?","M","M","?","R","B",null,"M","M","M","$","?","R","E","R","T","?","M","E","M","$","R","B",null,"M","?","M","$","M","R","E"],"character_chosen":"THE_SILENT","items_purchased":["Footwork","Whetstone","Pantograph","Dodge and Roll","Well Laid Plans","Noxious Fumes"],"campfire_rested":7,"item_purchase_floors":[3,21,31,31,38,38],"current_hp_per_floor":[58,57,57,46,43,23,42,26,26,45,45,45,38,38,57,47,61,44,39,28,28,28,47,36,55,55,33,6,1,1,1,10,16,29,10,10,4,4,4,13,0],"gold":29,"neow_bonus":"RANDOM_COMMON_RELIC","is_prod":false,"is_daily":false,"chose_seed":false,"campfire_upgraded":0,"win_rate":0,"timestamp":1549950668,"path_taken":["M","M","$","?","M","E","R","E","T","R","?","M","?","?","R","BOSS","M","M","M","$","?","R","E","R","T","?","M","E","M","$","R","BOSS","M","?","M","$","?","R","E"],"build_version":"2019-01-23","purchased_purges":2,"victory":false,"max_hp_per_floor":[66,66,66,66,66,66,66,66,66,66,66,66,66,66,66,66,66,66,66,66,66,66,66,66,66,66,33,33,33,33,33,33,33,33,33,33,33,33,33,33,33],"card_choices":[{"not_picked":["Blade Dance","Crippling Poison"],"picked":"Caltrops","floor":1},{"not_picked":["Tactician","Quick Slash"],"picked":"Dagger Spray","floor":2},{"not_picked":["Flying Knee","Dash"],"picked":"Predator","floor":5},{"not_picked":["Blur","Acrobatics"],"picked":"Noxious Fumes","floor":6},{"not_picked":["Finisher","Dodge and Roll"],"picked":"Deflect","floor":8},{"not_picked":["Deadly Poison","Dash"],"picked":"Tactician","floor":12},{"not_picked":["Quick Slash","Outmaneuver"],"picked":"Reflex","floor":13},{"not_picked":["Adrenaline","Corpse Explosion"],"picked":"Night Terror","floor":16},{"not_picked":["Leg Sweep","Concentrate"],"picked":"Dash","floor":18},{"not_picked":["Riddle With Holes+1","Distraction+1"],"picked":"Cloak And Dagger+1","floor":19},{"not_picked":["Sucker Punch","Underhanded Strike"],"picked":"Acrobatics","floor":20},{"not_picked":["Expertise","Burst"],"picked":"Infinite Blades+1","floor":24},{"not_picked":["Poisoned Stab","Leg Sweep"],"picked":"Expertise","floor":28},{"not_picked":["Terror+1","Slice"],"picked":"Infinite Blades","floor":29},{"not_picked":["Acrobatics","Underhanded Strike"],"picked":"Caltrops","floor":30},{"not_picked":["Corpse Explosion","Bullet Time"],"picked":"Burst","floor":33},{"not_picked":[],"picked":"Quick Slash","floor":35},{"not_picked":["Sucker Punch"],"picked":"SKIP","floor":37},{"not_picked":[],"picked":"Calculated Gamble","floor":39}],"player_experience":1075761,"relics_obtained":[{"floor":6,"key":"Mummified Hand"},{"floor":8,"key":"The Courier"},{"floor":9,"key":"Bottled Flame"},{"floor":24,"key":"Art of War"},{"floor":26,"key":"Ancient Tea Set"},{"floor":29,"key":"Happy Flower"}],"event_choices":[{"damage_healed":0,"gold_gain":0,"player_choice":"Success","damage_taken":11,"relics_obtained":["Gambling Chip"],"max_hp_gain":0,"max_hp_loss":0,"event_name":"Scrap Ooze","floor":4,"gold_loss":0},{"cards_removed":["Strike_G"],"damage_healed":0,"gold_gain":0,"player_choice":"Purged","damage_taken":0,"max_hp_gain":0,"max_hp_loss":0,"event_name":"Purifier","floor":11,"gold_loss":0},{"damage_healed":0,"gold_gain":0,"player_choice":"2 cards matched","damage_taken":0,"max_hp_gain":0,"max_hp_loss":0,"event_name":"Match and Keep!","floor":14,"gold_loss":0,"cards_obtained":["All Out Attack","After Image"]},{"damage_healed":0,"gold_gain":50,"player_choice":"Stole From Cult","damage_taken":0,"max_hp_gain":0,"max_hp_loss":0,"event_name":"Nest","floor":22,"gold_loss":0},{"damage_healed":0,"gold_gain":0,"player_choice":"Became a Ghost","damage_taken":0,"max_hp_gain":0,"max_hp_loss":33,"event_name":"Ghosts","floor":27,"gold_loss":0,"cards_obtained":["Ghostly","Ghostly","Ghostly"]},{"damage_healed":0,"gold_gain":0,"player_choice":"Trade","damage_taken":0,"relics_obtained":["GremlinMask"],"max_hp_gain":0,"max_hp_loss":0,"event_name":"FaceTrader","floor":36,"gold_loss":0}],"is_beta":false,"boss_relics":[{"not_picked":["Runic Dome","Orrery"],"picked":"Philosopher\u0027s Stone"},{"not_picked":["Sozu","HoveringKite"],"picked":"Busted Crown"}],"items_purged_floors":[3,21],"is_endless":false,"potions_floor_spawned":[2,5,12,18,19,33,37],"killed_by":"Nemesis","ascension_level":15}