{"gold_per_floor":[117,134,147,4,22,47,47,47,100,55],"floor_reached":10,"playtime":900,"items_purged":[],"score":75,"play_id":"09d9c16f-1635-4dff-a7ed-c1c6568084e8","local_time":"20181216111701","is_ascension_mode":true,"campfire_choices":[{"floor":7,"key":"REST"}],"neow_cost":"TEN_PERCENT_HP_LOSS","seed_source_timestamp":323200050901662,"circlet_count":0,"master_deck":["Strike_B","Strike_B","Strike_B","Strike_B","Defend_B","Defend_B","Defend_B","Defend_B","Zap+1","Dualcast","Echo Form","Conserve Battery","Hologram+1","Static Discharge","Capacitor","Compile Driver","Hologram","Biased Cognition","Consume","Injury"],"relics":["Cracked Core","Question Card","Golden Idol","War Paint"],"potions_floor_usage":[6,10],"damage_taken":[{"damage":0,"enemies":"2 Louse","floor":1,"turns":2},{"damage":1,"enemies":"Cultist","floor":2,"turns":3},{"damage":12,"enemies":"Jaw Worm","floor":3,"turns":4},{"damage":38,"enemies":"Lots of Slimes","floor":5,"turns":5},{"damage":13,"enemies":"Gremlin Nob","floor":6,"turns":3},{"damage":33,"enemies":"Exordium Thugs","floor":10,"turns":3}],"seed_played":"2906869079661563097","potions_obtained":[{"floor":5,"key":"PowerPotion"},{"floor":6,"key":"Poison Potion"}],"is_trial":false,"path_per_floor":["M","M","M","$","M","E","R","?","T","M"],"character_chosen":"DEFECT","items_purchased":["Capacitor","Compile Driver","Hologram"],"campfire_rested":1,"item_purchase_floors":[4,4,4],"current_hp_per_floor":[68,67,55,55,17,4,24,24,24,0],"gold":55,"neow_bonus":"THREE_RARE_CARDS","is_prod":false,"is_daily":false,"chose_seed":false,"campfire_upgraded":0,"win_rate":0,"timestamp":1544973421,"path_taken":["M","M","M","$","M","E","R","?","T","M"],"build_version":"2018-12-13","purchased_purges":0,"victory":false,"max_hp_per_floor":[68,68,68,68,68,68,68,68,68,68],"card_choices":[{"not_picked":["Rainbow","Amplify"],"picked":"Echo Form","floor":0},{"not_picked":["Gash","Streamline"],"picked":"Conserve Battery","floor":1},{"not_picked":["Stack","Sunder"],"picked":"Hologram","floor":2},{"not_picked":["Compile Driver","White Noise"],"picked":"Static Discharge","floor":3},{"not_picked":["BootSequence","Reprogram"],"picked":"Biased Cognition","floor":5},{"not_picked":["Chill","Skim"],"picked":"Consume","floor":6}],"player_experience":120574,"relics_obtained":[{"floor":6,"key":"Question Card"},{"floor":9,"key":"War Paint"}],"event_choices":[{"damage_healed":0,"gold_gain":0,"player_choice":"Take Wound","damage_taken":0,"relics_obtained":["Golden Idol"],"max_hp_gain":0,"max_hp_loss":0,"event_name":"Golden Idol","floor":8,"gold_loss":0,"cards_obtained":["Injury"]}],"is_beta":false,"boss_relics":[],"items_purged_floors":[],"is_endless":false,"potions_floor_spawned":[5,6],"killed_by":"Exordium Thugs","ascension_level":2}