{"path_per_floor":["M","M","M","?","$","R","M","R","T","M","?","M","R","M","R","B",null,"M","?","?"],"character_chosen":"DEFECT","items_purchased":["Blizzard","Reinforced Body"],"gold_per_floor":[11,26,39,289,69,69,86,86,86,98,98,113,113,132,132,256,256,277,277,315,315],"floor_reached":21,"campfire_rested":2,"playtime":1086,"item_purchase_floors":[5,5],"current_hp_per_floor":[66,66,57,57,57,57,46,46,46,39,39,26,46,33,53,13,55,20,20,14,0],"items_purged":["Regret"],"gold":315,"score":248,"play_id":"43d647ea-4ed3-4e20-91a7-309ad56e4f5d","local_time":"20180527224251","is_prod":false,"is_daily":false,"chose_seed":false,"is_ascension_mode":true,"campfire_upgraded":2,"win_rate":0,"timestamp":1527482571,"campfire_choices":[{"data":"Blizzard","floor":6,"key":"SMITH"},{"data":"Reinforced Body","floor":8,"key":"SMITH"},{"floor":13,"key":"REST"},{"floor":15,"key":"REST"}],"path_taken":["M","M","M","?","$","R","M","R","T","M","?","M","R","?","R","BOSS","M","?","?","?"],"build_version":"2018-05-25","seed_source_timestamp":1561698867381009,"purchased_purges":1,"victory":false,"master_deck":["Strike_B","Strike_B","Defend_B","Defend_B","Defend_B","Defend_B","Zap","Dualcast","Cold Snap","Ball Lightning","Static Discharge","Blizzard+1","Reinforced Body+1","Doom and Gloom","Defragment","Electrodynamics","Normality"],"max_hp_per_floor":[75,75,75,75,75,75,75,75,75,75,69,69,69,69,69,69,69,69,69,69,69],"relics":["Cracked Core","Ginger","Golden Idol","Lizard Tail","Girya","Red Mask"],"card_choices":[{"not_picked":["Steam Power","Chill"],"picked":"Cold Snap","floor":1},{"not_picked":["Force Field","Rip and Tear"],"picked":"Ball Lightning","floor":2},{"not_picked":["Leap","Aggregate"],"picked":"Static Discharge","floor":3},{"not_picked":["Hologram","Lockon","Leap"],"picked":"SKIP","floor":7},{"not_picked":["Hologram","Leap","Reprogram"],"picked":"SKIP","floor":10},{"not_picked":["White Noise","Barrage"],"picked":"Doom and Gloom","floor":12},{"not_picked":["Chaos","Barrage"],"picked":"Defragment","floor":14},{"not_picked":["Multi-Cast","Core Surge"],"picked":"Electrodynamics","floor":16},{"not_picked":["Blizzard","Doom and Gloom","Beam Cell"],"picked":"SKIP","floor":18}],"player_experience":171481,"potions_floor_usage":[10,16,20,20,21],"damage_taken":[{"damage":2,"enemies":"Jaw Worm","floor":1,"turns":4},{"damage":0,"enemies":"Cultist","floor":2,"turns":4},{"damage":9,"enemies":"Small Slimes","floor":3,"turns":3},{"damage":11,"enemies":"Blue Slaver","floor":7,"turns":3},{"damage":7,"enemies":"Lots of Slimes","floor":10,"turns":4},{"damage":13,"enemies":"3 Louse","floor":12,"turns":3},{"damage":13,"enemies":"Exordium Wildlife","floor":14,"turns":4},{"damage":40,"enemies":"Hexaghost","floor":16,"turns":8},{"damage":35,"enemies":"Shell Parasite","floor":18,"turns":6},{"damage":48,"enemies":"Masked Bandits","floor":20,"turns":3},{"damage":19,"enemies":"Spheric Guardian","floor":21,"turns":3}],"relics_obtained":[{"floor":9,"key":"Ginger"},{"floor":20,"key":"Red Mask"}],"event_choices":[{"event_name":"Golden Shrine","player_choice":"Desecrate","floor":4,"damage_taken":0},{"event_name":"Golden Idol","player_choice":"Lose Max HP","floor":11,"damage_taken":0},{"event_name":"Accursed Blacksmith","player_choice":"Rummage","floor":19,"damage_taken":0},{"event_name":"Masked Bandits","player_choice":"Fought over 277 gold","floor":20,"damage_taken":0}],"boss_relics":[{"not_picked":["Runic Dome","Snecko Eye"],"picked":"Lizard Tail"}],"items_purged_floors":[5],"potions_floor_spawned":[1,2,7,16,20],"seed_played":"-3234466100842958818","killed_by":"Spheric Guardian","ascension_level":9,"potions_obtained":[{"floor":1,"key":"GamblersBrew"},{"floor":2,"key":"Block Potion"},{"floor":7,"key":"SkillPotion"},{"floor":16,"key":"Ancient Potion"},{"floor":20,"key":"SteroidPotion"}],"is_trial":false}