{"gold_per_floor":[115,128,139,37,48,13,24,42,96,60,60,92,92,107,107,204,204,217,229,329,329,83,83,98,124,124,137,147,72,90,108,108,208,208,222,322,67,0,18,30,30,30,30,62,82,114,114,127,127,127],"floor_reached":51,"playtime":5214,"items_purged":["Strike_G","Strike_G"],"score":758,"play_id":"289d5ffa-347b-4222-bdfb-04eb7378fc30","local_time":"20190126102006","is_ascension_mode":false,"campfire_choices":[{"data":"Neutralize","floor":11.0,"key":"SMITH"},{"data":"Poisoned Stab","floor":13.0,"key":"SMITH"},{"data":"Leg Sweep","floor":15.0,"key":"SMITH"},{"floor":23.0,"key":"REST"},{"data":"Bouncing Flask","floor":32.0,"key":"SMITH"},{"floor":49,"key":"REST"}],"neow_cost":"NONE","seed_source_timestamp":0,"circlet_count":0,"master_deck":["Defend_G","Defend_G","Defend_G","Defend_G","Defend_G","Strike_G","Strike_G","Survivor","Neutralize+1","Flying Knee","Predator","Sucker Punch","Deflect","PiercingWail","Heel Hook","Leg Sweep+1","Endless Agony","Endless Agony","Poisoned Stab+1","Backflip","Glass Knife","Bouncing Flask+1","Blade Dance+1","PiercingWail","Glass Knife","Deadly Poison+1","Escape Plan+1","Adrenaline+1","Envenom","Heel Hook+1","Backstab+1","Escape Plan+1","Backstab"],"special_seed":0,"relics":["Ring of the Snake","Oddly Smooth Stone","Snake Skull","White Beast Statue","Unceasing Top","Dodecahedron","Bag of Preparation","Vajra","Toxic Egg 2","Calipers","Fusion Hammer","Gambling Chip","Kunai","Red Mask","Pear","Lantern","Juzu Bracelet"],"potions_floor_usage":[39,44,46,50,50],"damage_taken":[{"damage":0.0,"enemies":"Cultist","floor":1.0,"turns":5.0},{"damage":7.0,"enemies":"Small Slimes","floor":2.0,"turns":4.0},{"damage":7.0,"enemies":"Jaw Worm","floor":3.0,"turns":4.0},{"damage":0.0,"enemies":"2 Fungi Beasts","floor":5.0,"turns":4.0},{"damage":0.0,"enemies":"3 Louse","floor":7.0,"turns":3.0},{"damage":2.0,"enemies":"Looter","floor":8.0,"turns":3.0},{"damage":1.0,"enemies":"Gremlin Nob","floor":12.0,"turns":4.0},{"damage":0.0,"enemies":"Blue Slaver","floor":14.0,"turns":4.0},{"damage":15.0,"enemies":"Hexaghost","floor":16.0,"turns":10.0},{"damage":22.0,"enemies":"2 Thieves","floor":18.0,"turns":5.0},{"damage":0.0,"enemies":"Spheric Guardian","floor":19.0,"turns":3.0},{"damage":9.0,"enemies":"Colosseum Slavers","floor":20.0,"turns":5.0},{"damage":14.0,"enemies":"Colosseum Nobs","floor":20.0,"turns":5.0},{"damage":0.0,"enemies":"Centurion and Healer","floor":24.0,"turns":5.0},{"damage":10.0,"enemies":"Slavers","floor":25.0,"turns":7.0},{"damage":3.0,"enemies":"Snake Plant","floor":27.0,"turns":4.0},{"damage":0.0,"enemies":"Chosen and Byrds","floor":28.0,"turns":6.0},{"damage":1.0,"enemies":"Cultist and Chosen","floor":30.0,"turns":5.0},{"damage":0.0,"enemies":"Snake Plant","floor":31.0,"turns":4.0},{"damage":27.0,"enemies":"Automaton","floor":33.0,"turns":8.0},{"damage":0,"enemies":"3 Shapes","floor":35,"turns":2},{"damage":2,"enemies":"Mind Bloom Boss Battle","floor":36,"turns":6},{"damage":2,"enemies":"3 Darklings","floor":39,"turns":4},{"damage":0,"enemies":"Maw","floor":40,"turns":5},{"damage":0,"enemies":"Reptomancer","floor":44,"turns":4},{"damage":8,"enemies":"Writhing Mass","floor":45,"turns":3},{"damage":13,"enemies":"Nemesis","floor":46,"turns":5},{"damage":0,"enemies":"Spire Growth","floor":48,"turns":3},{"damage":0,"enemies":"Donu and Deca","floor":50,"turns":9}],"seed_played":"4937108446985342947","potions_obtained":[{"floor":7.0,"key":"Ancient Potion"},{"floor":8.0,"key":"Swift Potion"},{"floor":14.0,"key":"FearPotion"},{"floor":18.0,"key":"Energy Potion"},{"floor":19.0,"key":"PowerPotion"},{"floor":20.0,"key":"AttackPotion"},{"floor":24.0,"key":"Fire Potion"},{"floor":25.0,"key":"LiquidBronze"},{"floor":27.0,"key":"PowerPotion"},{"floor":28.0,"key":"SkillPotion"},{"floor":30.0,"key":"GamblersBrew"},{"floor":33.0,"key":"Swift Potion"},{"floor":35,"key":"Block Potion"},{"floor":36,"key":"Block Potion"},{"floor":39,"key":"FairyPotion"},{"floor":44,"key":"GhostInAJar"},{"floor":46,"key":"EssenceOfSteel"}],"is_trial":false,"path_per_floor":["M","M","M","$","M","$","M","M","T","$","R","E","R","M","R","B",null,"M","M","?","T","$","R","M","E","T","M","M","?","M","M","R","B",null,"M","?","$","?","M","M","?","?","T","E","M","E","$","M","R","B",null],"character_chosen":"THE_SILENT","items_purchased":["Deflect","Heel Hook","Endless Agony","Vajra","Kunai"],"campfire_rested":2,"item_purchase_floors":[4,6,10,22,37],"current_hp_per_floor":[77,70,63,63,63,63,63,61,61,61,61,60,60,60,60,45,77,55,55,32,32,32,55,55,45,45,42,42,42,41,41,41,14,77,77,75,75,75,73,73,73,73,83,83,75,62,62,62,83,83],"gold":127,"neow_bonus":"TEN_PERCENT_HP_BONUS","is_prod":false,"is_daily":false,"chose_seed":false,"campfire_upgraded":4,"win_rate":0.0,"timestamp":1548523206,"path_taken":["M","M","?","$","M","$","M","M","T","$","R","E","R","M","R","BOSS","M","M","?","?","$","R","M","E","T","M","M","?","M","M","R","BOSS","M","?","$","?","M","M","?","?","T","E","M","E","$","M","R","BOSS"],"build_version":"2019-01-23","purchased_purges":2,"victory":true,"max_hp_per_floor":[77,77,77,77,77,77,77,77,77,77,77,77,77,77,77,77,77,77,77,77,77,77,77,77,77,77,77,77,77,77,77,77,77,77,77,77,77,77,77,77,73,73,83,83,83,83,83,83,83,83],"card_choices":[{"not_picked":["Underhanded Strike","Slice"],"picked":"Flying Knee","floor":1.0},{"not_picked":["Prepared","Calculated Gamble"],"picked":"Predator","floor":2.0},{"not_picked":["Dodge and Roll","Deflect"],"picked":"Sucker Punch","floor":3.0},{"not_picked":["Prepared","Calculated Gamble"],"picked":"PiercingWail","floor":5.0},{"not_picked":["Dagger Spray","Prepared"],"picked":"Leg Sweep","floor":7.0},{"not_picked":["Footwork","Acrobatics"],"picked":"Endless Agony","floor":8.0},{"not_picked":["Prepared","Dagger Throw"],"picked":"Poisoned Stab","floor":12.0},{"not_picked":["Dodge and Roll","Sucker Punch"],"picked":"Backflip","floor":14.0},{"not_picked":["Malaise","Adrenaline"],"picked":"Glass Knife","floor":16.0},{"not_picked":["Flying Knee","Outmaneuver+1"],"picked":"Bouncing Flask","floor":18.0},{"not_picked":["Outmaneuver+1","PiercingWail"],"picked":"Blade Dance+1","floor":19.0},{"not_picked":["Underhanded Strike","Flying Knee"],"picked":"PiercingWail","floor":24.0},{"not_picked":["Poisoned Stab","PiercingWail"],"picked":"Glass Knife","floor":25.0},{"not_picked":["Finisher","Prepared+1"],"picked":"Deadly Poison+1","floor":27.0},{"not_picked":["Dagger Spray+1","Leg Sweep+1"],"picked":"Escape Plan+1","floor":28.0},{"not_picked":["Expertise+1","Prepared+1"],"picked":"Adrenaline+1","floor":30.0},{"not_picked":["Quick Slash+1","Crippling Poison+1","Distraction+1"],"picked":"SKIP","floor":31.0},{"not_picked":["Phantasmal Killer+1","Burst+1"],"picked":"Envenom","floor":33.0},{"not_picked":["Deadly Poison+1","Leg Sweep+1"],"picked":"Dodge and Roll+1","floor":35},{"not_picked":["Dodge and Roll+1","Acrobatics+1"],"picked":"Heel Hook+1","floor":36},{"not_picked":["Underhanded Strike","Dodge and Roll+1"],"picked":"Backstab+1","floor":39},{"not_picked":["Backstab","Outmaneuver+1"],"picked":"Escape Plan+1","floor":40},{"not_picked":["Choke+1","Tools of the Trade"],"picked":"Backstab","floor":44},{"not_picked":["Underhanded Strike+1","Dagger Throw+1","Sucker Punch+1"],"picked":"SKIP","floor":45},{"not_picked":["Burst+1","Quick Slash","Well Laid Plans+1"],"picked":"SKIP","floor":46},{"not_picked":["PiercingWail+1","Deadly Poison+1","Slice+1"],"picked":"SKIP","floor":48}],"player_experience":4021,"relics_obtained":[{"floor":9.0,"key":"Oddly Smooth Stone"},{"floor":12.0,"key":"Snake Skull"},{"floor":20.0,"key":"Unceasing Top"},{"floor":20.0,"key":"Dodecahedron"},{"floor":21.0,"key":"Bag of Preparation"},{"floor":25.0,"key":"Toxic Egg 2"},{"floor":26.0,"key":"Calipers"},{"floor":36,"key":"Gambling Chip"},{"floor":43,"key":"Pear"},{"floor":44,"key":"Lantern"},{"floor":46,"key":"Juzu Bracelet"}],"event_choices":[{"damage_healed":0.0,"max_hp_gain":0.0,"max_hp_loss":0.0,"gold_gain":0.0,"event_name":"Colosseum","player_choice":"Fight","floor":20.0,"gold_loss":0.0,"damage_taken":0.0},{"damage_healed":0.0,"max_hp_gain":0.0,"max_hp_loss":0.0,"gold_gain":0.0,"event_name":"Colosseum","player_choice":"Fought Nobs","floor":20.0,"gold_loss":0.0,"damage_taken":0.0},{"cards_removed":["Strike_G"],"damage_healed":0.0,"max_hp_gain":0.0,"max_hp_loss":0.0,"gold_gain":0.0,"event_name":"Beggar","player_choice":"Gave Gold","floor":29.0,"gold_loss":75.0,"damage_taken":0.0},{"damage_healed":0,"gold_gain":0,"player_choice":"Fight","damage_taken":0,"max_hp_gain":0,"max_hp_loss":0,"event_name":"MindBloom","floor":36,"gold_loss":0},{"damage_healed":0,"gold_gain":0,"player_choice":"Paid","damage_taken":0,"relics_obtained":["Red Mask"],"max_hp_gain":0,"max_hp_loss":0,"event_name":"Tomb of Lord Red Mask","floor":38,"gold_loss":67},{"damage_healed":0,"gold_gain":0,"player_choice":"Max HP","damage_taken":0,"max_hp_gain":0,"max_hp_loss":4,"event_name":"Winding Halls","floor":41,"gold_loss":0},{"cards_removed":["Dodge and Roll"],"damage_healed":0,"gold_gain":0,"player_choice":"Removed Skill","damage_taken":0,"max_hp_gain":0,"max_hp_loss":0,"event_name":"Falling","floor":42,"gold_loss":0}],"is_beta":false,"boss_relics":[{"not_picked":["Runic Dome","Orrery"],"picked":"White Beast Statue"},{"not_picked":["Runic Pyramid","Lizard Tail"],"picked":"Fusion Hammer"}],"items_purged_floors":[4,22],"is_endless":false,"potions_floor_spawned":[7,8,14,18,19,20,20,24,25,27,28,30,31,33,35,36,39,40,44,45,46,48],"ascension_level":0}