{"path_per_floor":["M","M","$","M","M","R","E","R","T","R","?","$","T","M","R","B",null,"M","M","M","?","?","R"],"character_chosen":"DEFECT","items_purchased":["Matryoshka"],"gold_per_floor":[116,132,57,71,86,86,113,113,193,193,293,40,118,128,128,231,231,248,262,272,195,195,195,195],"floor_reached":24,"campfire_rested":3,"playtime":1357,"item_purchase_floors":[12],"current_hp_per_floor":[58,51,51,48,34,56,28,50,50,50,50,50,50,47,47,11,59,56,21,7,7,7,35,0],"items_purged":["Defend_B"],"gold":195,"score":274,"play_id":"53bd3046-3d12-4781-b6f9-05cb3cc7c53b","local_time":"20180519200008","is_prod":false,"is_daily":false,"chose_seed":false,"is_ascension_mode":true,"campfire_upgraded":2,"timestamp":1526781608,"campfire_choices":[{"floor":6,"key":"REST"},{"floor":8,"key":"REST"},{"data":"Melter","floor":10,"key":"SMITH"},{"data":"Glacier","floor":15,"key":"SMITH"},{"floor":23,"key":"REST"}],"path_taken":["M","M","?","M","M","R","E","R","T","R","?","$","?","M","R","BOSS","M","M","M","?","?","R","M"],"build_version":"2018-05-18","seed_source_timestamp":860448128925232,"purchased_purges":1,"victory":false,"master_deck":["Strike_B","Strike_B","Strike_B","Strike_B","Defend_B","Defend_B","Zap","Dualcast","Chill","Ball Lightning","Cold Snap","Melter+1","Glacier+1","Multi-Cast","Rebound+1","Genetic Algorithm","Cold Snap+1","J.A.X.","Writhe"],"max_hp_per_floor":[75,75,75,75,75,75,75,75,75,75,75,75,75,75,75,75,75,75,75,75,75,75,75,75],"relics":["Cracked Core","Sundial","Molten Egg 2","Matryoshka","Gremlin Horn","Frozen Egg 2","Eternal Feather","Ancient Tea Set"],"card_choices":[{"not_picked":["Streamline","Turbo"],"picked":"Chill","floor":1},{"not_picked":["Hello World","Barrage"],"picked":"Ball Lightning","floor":2},{"not_picked":["Capacitor","Beam Cell"],"picked":"Cold Snap","floor":4},{"not_picked":["Hello World","Consume"],"picked":"Melter","floor":5},{"not_picked":["Barrage","Hologram","Rip and Tear"],"picked":"SKIP","floor":7},{"not_picked":["Ball Lightning+1","Lockon+1"],"picked":"Glacier","floor":14},{"not_picked":["Amplify","Buffer+1"],"picked":"Multi-Cast","floor":16},{"not_picked":["Skim+1","Coolheaded"],"picked":"Rebound+1","floor":18},{"not_picked":["Coolheaded","Stack"],"picked":"Genetic Algorithm","floor":19},{"not_picked":["Barrage+1","Skim"],"picked":"Cold Snap+1","floor":20}],"player_experience":140707,"potions_floor_usage":[16,20,24,24],"damage_taken":[{"damage":10,"enemies":"Cultist","floor":1,"turns":4},{"damage":7,"enemies":"Jaw Worm","floor":2,"turns":3},{"damage":3,"enemies":"Small Slimes","floor":4,"turns":3},{"damage":14,"enemies":"3 Louse","floor":5,"turns":3},{"damage":28,"enemies":"Gremlin Nob","floor":7,"turns":4},{"damage":3,"enemies":"Exordium Thugs","floor":14,"turns":3},{"damage":36,"enemies":"The Guardian","floor":16,"turns":9},{"damage":3,"enemies":"Chosen","floor":18,"turns":5},{"damage":35,"enemies":"2 Thieves","floor":19,"turns":4},{"damage":14,"enemies":"Centurion and Healer","floor":20,"turns":11},{"damage":38,"enemies":"Slaver and Parasite","floor":24,"turns":5}],"relics_obtained":[{"floor":7,"key":"Sundial"},{"floor":9,"key":"Molten Egg 2"},{"floor":13,"key":"Gremlin Horn"},{"floor":13,"key":"Frozen Egg 2"}],"event_choices":[{"event_name":"Wheel of Change","player_choice":"Gold","floor":11,"damage_taken":0},{"event_name":"Drug Dealer","player_choice":"Got JAXXED","floor":21,"damage_taken":0},{"event_name":"The Mausoleum","player_choice":"Yes","floor":22,"damage_taken":0}],"boss_relics":[{"not_picked":["Snecko Eye","Calling Bell"],"picked":"Eternal Feather"}],"items_purged_floors":[3],"potions_floor_spawned":[5,7,16,19],"seed_played":"5025885268049656942","killed_by":"Slaver and Parasite","ascension_level":8,"potions_obtained":[{"floor":5,"key":"Strength Potion"},{"floor":7,"key":"AttackPotion"},{"floor":16,"key":"Block Potion"},{"floor":19,"key":"SkillPotion"}],"is_trial":false}