{"path_per_floor":["M","M","M","M","M","R","?","?","T","E","$","M","R","E","R","B",null,"M","?","$","?","M","E","R"],"character_chosen":"DEFECT","items_purchased":["White Noise"],"gold_per_floor":[12,23,42,61,73,73,73,73,73,114,39,53,53,97,97,218,218,232,232,55,55,69,109,109,109],"floor_reached":25,"campfire_rested":0,"playtime":1300,"current_hp_per_floor":[75,71,66,70,64,64,56,56,56,51,51,55,55,51,51,34,68,56,56,56,56,59,40,40,0],"items_purged":["Defend_B","Strike_B"],"gold":109,"score":289,"play_id":"a7d2090c-dc9d-4a22-8e7d-28377f5fd493","local_time":"20180514205856","is_prod":false,"is_daily":false,"chose_seed":false,"is_ascension_mode":true,"campfire_upgraded":4,"timestamp":1526353136,"path_taken":["M","M","M","M","M","R","?","?","T","E","$","M","R","E","R","BOSS","M","?","$","?","M","E","R","E"],"build_version":"2018-05-12v2","seed_source_timestamp":432019263230464,"purchased_purges":2,"victory":false,"master_deck":["Strike_B","Strike_B","Strike_B","Zap","Dualcast","Leap","Storm+1","Self Repair","Reinforced Body+1","Electrodynamics+1","Cold Snap","Machine Learning","Force Field+1","White Noise","Defragment"],"max_hp_per_floor":[75,75,75,75,75,75,85,79,79,79,79,79,79,79,79,79,79,79,79,79,79,79,79,79,79],"relics":["Cracked Core","Pear","Golden Idol","Shuriken","Meat on the Bone","Happy Flower","Inserter","Bag of Preparation"],"card_choices":[{"not_picked":["Turbo","Gash"],"picked":"Leap","floor":1},{"not_picked":["Stack","FTL"],"picked":"Storm","floor":2},{"not_picked":["Chill","Reprogram"],"picked":"Self Repair","floor":3},{"not_picked":["Hologram","Sweeping Beam"],"picked":"Reinforced Body","floor":4},{"not_picked":["Beam Cell","Skim"],"picked":"Electrodynamics","floor":5},{"not_picked":["Stack","Coolheaded","Axe Kick"],"picked":"SKIP","floor":10},{"not_picked":["BootSequence","Coolheaded"],"picked":"Cold Snap","floor":12},{"not_picked":["Hello World","Double Energy","Impulse"],"picked":"SKIP","floor":14},{"not_picked":["Rainbow","Biased Cognition"],"picked":"Machine Learning","floor":16},{"not_picked":["Capacitor+1","Streamline"],"picked":"Force Field","floor":18},{"not_picked":["Stack","Capacitor","Rainbow"],"picked":"SKIP","floor":22},{"not_picked":["Hologram","Conserve Battery+1"],"picked":"Defragment","floor":23}],"player_experience":115803,"potions_floor_usage":[10,14,23,25,25],"damage_taken":[{"damage":0,"enemies":"2 Louse","floor":1,"turns":2},{"damage":4,"enemies":"Small Slimes","floor":2,"turns":3},{"damage":5,"enemies":"Jaw Worm","floor":3,"turns":3},{"damage":3,"enemies":"3 Louse","floor":4,"turns":3},{"damage":13,"enemies":"Looter","floor":5,"turns":3},{"damage":12,"enemies":"Lagavulin","floor":10,"turns":5},{"damage":3,"enemies":"Large Slime","floor":12,"turns":5},{"damage":23,"enemies":"3 Sentries","floor":14,"turns":4},{"damage":36,"enemies":"The Guardian","floor":16,"turns":9},{"damage":19,"enemies":"Chosen","floor":18,"turns":4},{"damage":11,"enemies":"Spheric Guardian","floor":22,"turns":3},{"damage":38,"enemies":"Book of Stabbing","floor":23,"turns":5},{"damage":45,"enemies":"Slavers","floor":25,"turns":3}],"event_choices":[{"event_name":"Scrap Ooze","player_choice":"success","floor":7,"damage_taken":18},{"event_name":"Golden Idol","player_choice":"Lose Max HP","floor":8,"damage_taken":0},{"event_name":"Back to Basics","player_choice":"Elegance","floor":19,"damage_taken":0},{"event_name":"Addict","player_choice":"Ignored","floor":21,"damage_taken":0}],"boss_relics":[{"not_picked":["Snecko Eye","Ectoplasm"],"picked":"Inserter"}],"potions_floor_spawned":[2,3,5,12,18],"seed_played":"-9180452554667213763","killed_by":"Slavers","ascension_level":5,"is_trial":false}