{"gold_per_floor":[109,119,134,134,147,147,173,173,200,225,225,238,266,278,278,278],"floor_reached":16,"playtime":707,"items_purged":[],"score":287,"play_id":"181a5ce5-ad07-48ad-81b4-41d2742a47b9","local_time":"20190301004747","is_ascension_mode":true,"campfire_choices":[{"data":"Uppercut","floor":6,"key":"SMITH"},{"floor":8,"key":"REST"},{"floor":11,"key":"REST"},{"data":"Thunderclap","floor":15,"key":"SMITH"}],"neow_cost":"NONE","seed_source_timestamp":540840694556175,"circlet_count":0,"master_deck":["AscendersBane","Strike_R","Strike_R","Strike_R","Strike_R","Strike_R","Defend_R","Defend_R","Defend_R","Defend_R","Bash+1","Uppercut+1","Cleave","Inflame","Clash","Feel No Pain","Ghostly Armor","Thunderclap+1","Feel No Pain","Burning Pact"],"relics":["Burning Blood","Happy Flower","PreservedInsect","Bag of Marbles","WingedGreaves"],"potions_floor_usage":[5,7],"damage_taken":[{"damage":7,"enemies":"2 Louse","floor":1,"turns":4},{"damage":2,"enemies":"Cultist","floor":2,"turns":4},{"damage":9,"enemies":"Jaw Worm","floor":3,"turns":3},{"damage":24,"enemies":"Gremlin Gang","floor":5,"turns":4},{"damage":25,"enemies":"Lagavulin","floor":7,"turns":4},{"damage":15,"enemies":"3 Sentries","floor":10,"turns":5},{"damage":0,"enemies":"2 Fungi Beasts","floor":12,"turns":2},{"damage":0,"enemies":"Lagavulin","floor":13,"turns":3},{"damage":8,"enemies":"Large Slime","floor":14,"turns":3},{"damage":74,"enemies":"Hexaghost","floor":16,"turns":9}],"seed_played":"-3611071609250376057","potions_obtained":[{"floor":3,"key":"SteroidPotion"},{"floor":4,"key":"SteroidPotion"},{"floor":12,"key":"Explosive Potion"},{"floor":13,"key":"Explosive Potion"}],"is_trial":false,"path_per_floor":["M","M","M","?","M","R","E","R","T","E","R","M","E","M","R","B"],"character_chosen":"IRONCLAD","items_purchased":[],"campfire_rested":2,"item_purchase_floors":[],"current_hp_per_floor":[67,71,68,68,50,50,31,53,53,44,66,72,75,73,73,0],"gold":278,"neow_bonus":"UPGRADE_CARD","is_prod":false,"is_daily":false,"chose_seed":false,"campfire_upgraded":2,"win_rate":0,"timestamp":1551426467,"path_taken":["M","M","M","?","M","R","E","R","T","E","R","M","E","?","R","BOSS"],"build_version":"2019-01-23","purchased_purges":0,"victory":false,"max_hp_per_floor":[75,75,75,75,75,75,75,75,75,75,75,75,75,75,75,75],"card_choices":[{"not_picked":["Thunderclap","Reckless Charge"],"picked":"Uppercut","floor":1},{"not_picked":["Anger","Fire Breathing"],"picked":"Cleave","floor":2},{"not_picked":["Searing Blow","Fire Breathing"],"picked":"Inflame","floor":3},{"not_picked":["Wild Strike","Cleave"],"picked":"Clash","floor":5},{"not_picked":["Seeing Red","Dropkick"],"picked":"Feel No Pain","floor":7},{"not_picked":["Heavy Blade","Flex"],"picked":"Ghostly Armor","floor":10},{"not_picked":["Iron Wave","Whirlwind"],"picked":"Thunderclap","floor":12},{"not_picked":["Bludgeon","Clash"],"picked":"Feel No Pain","floor":13},{"not_picked":["Anger","Clothesline"],"picked":"Burning Pact","floor":14}],"player_experience":1297739,"relics_obtained":[{"floor":7,"key":"Happy Flower"},{"floor":9,"key":"PreservedInsect"},{"floor":10,"key":"Bag of Marbles"},{"floor":13,"key":"WingedGreaves"}],"event_choices":[{"damage_healed":0,"gold_gain":0,"player_choice":"Got Potions","damage_taken":0,"max_hp_gain":0,"max_hp_loss":0,"event_name":"Lab","floor":4,"gold_loss":0}],"is_beta":false,"boss_relics":[],"items_purged_floors":[],"is_endless":false,"potions_floor_spawned":[3,12,13],"killed_by":"Hexaghost","ascension_level":19}