{"gold_per_floor":[116,266,191,211,222,222,248,248,297,297,311,323,357,357,357,431,431,447,447,460,385,300,300,326,326,353,353,353],"floor_reached":28,"playtime":1378,"items_purged":["Doubt"],"score":452,"play_id":"aca27bb2-fd80-4592-a7f1-909789a1bfb9","local_time":"20190213014714","is_ascension_mode":true,"campfire_choices":[{"data":"Footwork","floor":6,"key":"SMITH"},{"floor":8,"key":"REST"},{"data":"Dagger Spray","floor":10,"key":"SMITH"},{"floor":15,"key":"REST"},{"floor":23,"key":"REST"},{"floor":25,"key":"REST"}],"neow_cost":"TEN_PERCENT_HP_LOSS","seed_source_timestamp":700710720158,"circlet_count":0,"master_deck":["AscendersBane","Defend_G","Defend_G","Defend_G","Defend_G","Defend_G+1","Survivor+1","Neutralize","Poisoned Stab","Dagger Spray+1","Footwork+1","Acrobatics","Dagger Spray","Backstab","Slice","Envenom","Noxious Fumes","RitualDagger","Flying Knee","Tools of the Trade","Bite","Bite","Bite","Bite","Bite"],"relics":["Ring of the Serpent","Vajra","Boot","War Paint","Snake Skull","Girya","Pantograph","Pen Nib"],"potions_floor_usage":[13,16,18,24],"damage_taken":[{"damage":4,"enemies":"2 Louse","floor":1,"turns":5},{"damage":1,"enemies":"Small Slimes","floor":4,"turns":4},{"damage":0,"enemies":"Jaw Worm","floor":5,"turns":3},{"damage":33,"enemies":"Gremlin Nob","floor":7,"turns":6},{"damage":0,"enemies":"Blue Slaver","floor":11,"turns":4},{"damage":0,"enemies":"2 Fungi Beasts","floor":12,"turns":2},{"damage":5,"enemies":"Lagavulin","floor":13,"turns":7},{"damage":14,"enemies":"The Guardian","floor":16,"turns":13},{"damage":8,"enemies":"Spheric Guardian","floor":18,"turns":4},{"damage":14,"enemies":"2 Thieves","floor":20,"turns":4},{"damage":21,"enemies":"Gremlin Leader","floor":24,"turns":5},{"damage":51,"enemies":"Shelled Parasite and Fungi","floor":28,"turns":4}],"seed_played":"-7750196796554622656","potions_obtained":[{"floor":7,"key":"SteroidPotion"},{"floor":12,"key":"EssenceOfSteel"},{"floor":13,"key":"Block Potion"},{"floor":20,"key":"SpeedPotion"}],"is_trial":false,"path_per_floor":["M","?","$","M","M","R","E","R","T","R","M","M","E","?","R","B",null,"M","?","M","?","?","R","E","R","T","?","M"],"character_chosen":"THE_SILENT","items_purchased":[],"campfire_rested":4,"item_purchase_floors":[],"current_hp_per_floor":[55,55,55,54,54,54,21,39,39,39,39,39,34,34,52,38,55,47,41,27,27,27,45,24,42,42,42,0],"gold":353,"neow_bonus":"REMOVE_TWO","is_prod":false,"is_daily":false,"chose_seed":false,"campfire_upgraded":2,"win_rate":0,"timestamp":1550047634,"path_taken":["M","?","$","M","M","R","E","R","T","R","M","M","E","?","R","BOSS","M","?","M","?","?","R","E","R","T","?","M"],"build_version":"2019-01-23","purchased_purges":1,"victory":false,"max_hp_per_floor":[60,60,60,60,60,60,60,60,60,60,60,60,60,60,60,60,60,60,60,60,60,60,60,60,60,60,42,42],"card_choices":[{"not_picked":["Calculated Gamble","Blade Dance"],"picked":"Poisoned Stab","floor":1},{"not_picked":["Backflip","Cloak And Dagger"],"picked":"Dagger Spray","floor":4},{"not_picked":["PiercingWail","Choke"],"picked":"Footwork","floor":5},{"not_picked":["Underhanded Strike","Flechettes"],"picked":"Acrobatics","floor":7},{"not_picked":["Cloak And Dagger","Bouncing Flask"],"picked":"Dagger Spray","floor":11},{"not_picked":["Bullet Time","Dagger Throw"],"picked":"Backstab","floor":12},{"not_picked":["Poisoned Stab","Eviscerate"],"picked":"Slice","floor":13},{"not_picked":["Venomology","Bullet Time"],"picked":"Envenom","floor":16},{"not_picked":["Blade Dance","Distraction"],"picked":"Noxious Fumes","floor":18},{"not_picked":["Prepared","Slice"],"picked":"Flying Knee","floor":20},{"not_picked":["Slice","Accuracy"],"picked":"Tools of the Trade","floor":24}],"player_experience":1099261,"relics_obtained":[{"floor":7,"key":"Vajra"},{"floor":9,"key":"Boot"},{"floor":13,"key":"War Paint"},{"floor":24,"key":"Pantograph"},{"floor":26,"key":"Pen Nib"}],"event_choices":[{"damage_healed":0,"gold_gain":150,"player_choice":"AGREE","damage_taken":0,"max_hp_gain":0,"max_hp_loss":0,"event_name":"Liars Game","floor":2,"gold_loss":0,"cards_obtained":["Doubt"]},{"damage_healed":0,"gold_gain":0,"player_choice":"Box","damage_taken":0,"relics_obtained":["Snake Skull"],"max_hp_gain":0,"max_hp_loss":0,"event_name":"Big Fish","floor":14,"gold_loss":0,"cards_obtained":["Regret"]},{"damage_healed":0,"gold_gain":0,"player_choice":"Joined the Cult","damage_taken":6,"max_hp_gain":0,"max_hp_loss":0,"event_name":"Nest","floor":19,"gold_loss":0,"cards_obtained":["RitualDagger"]},{"cards_removed":["Regret"],"damage_healed":0,"gold_gain":0,"player_choice":"Gave Gold","damage_taken":0,"max_hp_gain":0,"max_hp_loss":0,"event_name":"Beggar","floor":21,"gold_loss":75},{"damage_healed":0,"gold_gain":0,"player_choice":"Obtained Relic","damage_taken":0,"relics_obtained":["Girya"],"max_hp_gain":0,"max_hp_loss":0,"event_name":"Addict","floor":22,"gold_loss":85},{"damage_healed":0,"gold_gain":0,"player_choice":"Became a vampire","damage_taken":0,"max_hp_gain":0,"max_hp_loss":18,"event_name":"Vampires","floor":27,"gold_loss":0,"cards_obtained":["Bite","Bite","Bite","Bite","Bite"]}],"is_beta":false,"boss_relics":[{"not_picked":["HoveringKite","Coffee Dripper"],"picked":"Ring of the Serpent"}],"items_purged_floors":[3],"is_endless":false,"potions_floor_spawned":[7,12,13,20],"killed_by":"Shelled Parasite and Fungi","ascension_level":15}