{"gold_per_floor":[112,112,112,185,200,200,226,239,320,332,332,332,358,372,372,449,449,429,447,447,447],"floor_reached":21,"playtime":948,"items_purged":[],"score":567,"play_id":"ae2581ff-f47a-4a26-8a6e-c8d9f9476b19","local_time":"20190301190415","is_ascension_mode":true,"campfire_choices":[{"data":"Iron Wave","floor":6,"key":"SMITH"},{"data":"Body Slam","floor":12,"key":"SMITH"},{"data":"Thunderclap","floor":15,"key":"SMITH"}],"neow_cost":"NONE","seed_source_timestamp":6722446098477,"circlet_count":0,"master_deck":["AscendersBane","Strike_R","Strike_R","Strike_R","Strike_R","Defend_R","Defend_R","Defend_R","Defend_R","Bash","Iron Wave+1","Thunderclap+1","Thunderclap","Body Slam+1","Regret","Pommel Strike","Second Wind","Barricade","Normality","Shame","Decay","Shockwave","Flame Barrier"],"relics":["Burning Blood","NeowsBlessing","Smiling Mask","Pantograph","Bag of Marbles","Darkstone Periapt","Mango","Anchor","Calling Bell","Turnip","Art of War","Mummified Hand","Nilry\u0027s Codex"],"potions_floor_usage":[13,13,16,21],"damage_taken":[{"damage":0,"enemies":"Jaw Worm","floor":1,"turns":1},{"damage":0,"enemies":"2 Louse","floor":5,"turns":1},{"damage":0,"enemies":"3 Sentries","floor":7,"turns":1},{"damage":9,"enemies":"Small Slimes","floor":8,"turns":3},{"damage":4,"enemies":"Looter","floor":10,"turns":2},{"damage":45,"enemies":"Lagavulin","floor":13,"turns":7},{"damage":3,"enemies":"Blue Slaver","floor":14,"turns":3},{"damage":58,"enemies":"The Guardian","floor":16,"turns":13},{"damage":21,"enemies":"2 Thieves","floor":18,"turns":4},{"damage":60,"enemies":"Spheric Guardian","floor":19,"turns":8},{"damage":9,"enemies":"Masked Bandits","floor":21,"turns":2}],"seed_played":"4583148027344166527","potions_obtained":[{"floor":1,"key":"FairyPotion"},{"floor":8,"key":"Weak Potion"},{"floor":10,"key":"Block Potion"},{"floor":13,"key":"EssenceOfSteel"},{"floor":19,"key":"LiquidBronze"}],"is_trial":false,"path_per_floor":["M","?","?","T","M","R","E","M","T","M","?","R","E","M","R","B",null,"M","M","?","?"],"character_chosen":"IRONCLAD","items_purchased":[],"campfire_rested":0,"item_purchase_floors":[],"current_hp_per_floor":[74,63,56,56,62,62,68,65,65,67,87,87,48,51,51,24,95,80,26,5,0],"gold":447,"neow_bonus":"THREE_ENEMY_KILL","is_prod":false,"is_daily":false,"chose_seed":false,"campfire_upgraded":3,"win_rate":0,"timestamp":1551492255,"path_taken":["M","?","?","?","?","R","E","M","T","M","?","R","E","M","R","BOSS","M","M","?","?"],"build_version":"2019-01-23","purchased_purges":0,"victory":false,"max_hp_per_floor":[75,75,75,75,75,75,75,75,75,75,95,95,95,95,95,95,113,113,113,113,113],"card_choices":[{"not_picked":["Pummel","Sever Soul"],"picked":"Iron Wave","floor":1},{"not_picked":["Burning Pact","Heavy Blade","Perfected Strike"],"picked":"SKIP","floor":5},{"not_picked":["Power Through","True Grit"],"picked":"Thunderclap","floor":7},{"not_picked":["Wild Strike","Infernal Blade"],"picked":"Thunderclap","floor":8},{"not_picked":["Sentinel","Hemokinesis"],"picked":"Body Slam","floor":10},{"not_picked":["Wild Strike","Anger"],"picked":"Pommel Strike","floor":13},{"not_picked":["Whirlwind","Flex"],"picked":"Second Wind","floor":14},{"not_picked":["Berserk","Feed"],"picked":"Barricade","floor":16},{"not_picked":["Twin Strike","Pommel Strike"],"picked":"Shockwave","floor":18},{"not_picked":["Wild Strike","Whirlwind"],"picked":"Flame Barrier","floor":19}],"player_experience":1305165,"relics_obtained":[{"floor":4,"key":"Pantograph"},{"floor":7,"key":"Bag of Marbles"},{"floor":9,"key":"Darkstone Periapt"},{"floor":13,"key":"Anchor"},{"floor":17,"key":"Turnip"},{"floor":17,"key":"Art of War"},{"floor":17,"key":"Mummified Hand"},{"floor":20,"key":"Nilry\u0027s Codex"}],"event_choices":[{"damage_healed":0,"gold_gain":0,"player_choice":"Success","damage_taken":11,"relics_obtained":["Smiling Mask"],"max_hp_gain":0,"max_hp_loss":0,"event_name":"Scrap Ooze","floor":2,"gold_loss":0},{"cards_removed":["Strike_R"],"damage_healed":0,"gold_gain":0,"player_choice":"Card Removal","damage_taken":7,"max_hp_gain":0,"max_hp_loss":0,"event_name":"Golden Wing","floor":3,"gold_loss":0},{"damage_healed":0,"gold_gain":0,"player_choice":"Box","damage_taken":0,"relics_obtained":["Mango"],"max_hp_gain":0,"max_hp_loss":0,"event_name":"Big Fish","floor":11,"gold_loss":0,"cards_obtained":["Regret"]},{"damage_healed":0,"gold_gain":0,"player_choice":"Obtained Book","damage_taken":21,"max_hp_gain":0,"max_hp_loss":0,"event_name":"Cursed Tome","floor":20,"gold_loss":0},{"damage_healed":0,"gold_gain":0,"player_choice":"Fought Bandits","damage_taken":0,"max_hp_gain":0,"max_hp_loss":0,"event_name":"Masked Bandits","floor":21,"gold_loss":0}],"is_beta":false,"boss_relics":[{"not_picked":["Orrery","Empty Cage"],"picked":"Calling Bell"}],"items_purged_floors":[],"is_endless":false,"potions_floor_spawned":[1,8,10,13,19],"killed_by":"Masked Bandits","ascension_level":19}