{"gold_per_floor":[110,129,140,140,190,217,282,298,298,28,253,8,75,100,100,196,196,215,175,30,97,110,138,188,238,288,49,49,59,209,238,238,238],"floor_reached":33,"playtime":4953,"items_purged":["Regret","Doubt"],"score":320,"play_id":"24a396fa-1334-462b-b0cd-fcaf33766409","local_time":"20180829175855","is_ascension_mode":false,"campfire_choices":[{"data":"Armaments","floor":15,"key":"SMITH"},{"data":"Whirlwind","floor":28,"key":"SMITH"},{"data":"Rupture","floor":32,"key":"SMITH"}],"neow_cost":"NONE","seed_source_timestamp":1221297395429687,"circlet_count":0,"master_deck":["Strike_R","Strike_R","Strike_R","Strike_R","Defend_R","Defend_R","Defend_R","Defend_R","Bash","Bludgeon","Shrug It Off","Bloodletting","Thunderclap+1","Juggernaut","Bloodletting","Armaments+1","Headbutt","Reaper","Armaments+1","Whirlwind+1","Shrug It Off","Warcry+1","Entrench+1","Rupture+1","Rupture"],"relics":["Burning Blood","SsserpentHead","Red Skull","Incense Burner","Magic Flower","MealTicket","Happy Flower","Champion Belt","Runic Cube","Anchor","Smiling Mask","Pear","Omamori","Bottled Lightning","Bird Faced Urn","Dodecahedron","Blood Vial"],"potions_floor_usage":[7,14,16,30,30],"damage_taken":[{"damage":6,"enemies":"2 Louse","floor":1,"turns":3},{"damage":6,"enemies":"Cultist","floor":2,"turns":3},{"damage":0,"enemies":"Small Slimes","floor":3,"turns":2},{"damage":19,"enemies":"3 Sentries","floor":6,"turns":5},{"damage":10,"enemies":"Exordium Wildlife","floor":7,"turns":3},{"damage":14,"enemies":"Exordium Thugs","floor":8,"turns":4},{"damage":0,"enemies":"2 Fungi Beasts","floor":13,"turns":3},{"damage":37,"enemies":"Lagavulin","floor":14,"turns":7},{"damage":36,"enemies":"Hexaghost","floor":16,"turns":10},{"damage":22,"enemies":"Chosen","floor":18,"turns":5},{"damage":14,"enemies":"2 Thieves","floor":21,"turns":4},{"damage":25,"enemies":"3 Cultists","floor":22,"turns":5},{"damage":43,"enemies":"Slavers","floor":23,"turns":6},{"damage":22,"enemies":"Snake Plant","floor":29,"turns":5},{"damage":13,"enemies":"Colosseum Slavers","floor":30,"turns":5},{"damage":27,"enemies":"Colosseum Nobs","floor":30,"turns":5},{"damage":35,"enemies":"Book of Stabbing","floor":31,"turns":7},{"damage":68,"enemies":"Collector","floor":33,"turns":6}],"seed_played":"-2712255762628263570","potions_obtained":[{"floor":3,"key":"Energy Potion"},{"floor":6,"key":"EssenceOfSteel"},{"floor":7,"key":"Fire Potion"},{"floor":18,"key":"EssenceOfSteel"},{"floor":22,"key":"GamblersBrew"}],"is_trial":false,"path_per_floor":["M","M","M","?","?","E","M","M","T","$","?","$","M","E","R","B",null,"M","?","$","M","M","E","?","T","T","$","R","M","?","E","R"],"character_chosen":"IRONCLAD","items_purchased":["MealTicket","Happy Flower","Anchor","Bottled Lightning"],"campfire_rested":0,"item_purchase_floors":[10,12,20,27],"current_hp_per_floor":[80,80,80,80,80,67,63,55,55,55,55,62,71,43,43,16,80,67,67,74,80,71,59,59,69,69,76,76,66,59,42,42,0],"gold":238,"neow_bonus":"ONE_RANDOM_RARE_CARD","is_prod":false,"is_daily":false,"chose_seed":false,"campfire_upgraded":3,"win_rate":0,"timestamp":1535579935,"path_taken":["M","M","M","?","?","E","?","M","T","$","?","$","?","E","R","BOSS","M","?","$","?","M","E","?","?","T","$","R","M","?","E","R","BOSS"],"build_version":"2018-08-23v2","purchased_purges":2,"victory":false,"max_hp_per_floor":[80,80,80,80,80,80,80,80,80,80,80,80,80,80,80,80,80,80,80,80,80,80,80,80,90,90,90,90,90,90,90,90,90],"card_choices":[{"not_picked":["Twin Strike","Sever Soul"],"picked":"Shrug It Off","floor":1},{"not_picked":["Disarm","Body Slam"],"picked":"Bloodletting","floor":2},{"not_picked":["Bloodletting","Combust"],"picked":"Thunderclap","floor":3},{"not_picked":["Perfected Strike","Anger"],"picked":"Juggernaut","floor":6},{"not_picked":["Power Through","Dropkick"],"picked":"Bloodletting","floor":7},{"not_picked":["Battle Trance","Rage"],"picked":"Armaments","floor":8},{"not_picked":["Flex","Twin Strike"],"picked":"Headbutt","floor":13},{"not_picked":["Heavy Blade","Flex","Sword Boomerang"],"picked":"SKIP","floor":14},{"not_picked":["Bludgeon","Impervious"],"picked":"Reaper","floor":16},{"not_picked":["Twin Strike","Body Slam"],"picked":"Armaments+1","floor":18},{"not_picked":["Dual Wield+1","Burning Pact"],"picked":"Whirlwind","floor":21},{"not_picked":["Whirlwind","Perfected Strike"],"picked":"Shrug It Off","floor":22},{"not_picked":["Sever Soul+1","Twin Strike"],"picked":"Warcry+1","floor":23},{"not_picked":["Anger+1","Bludgeon"],"picked":"Entrench+1","floor":29},{"not_picked":["Sword Boomerang","Flex"],"picked":"Rupture","floor":30},{"not_picked":["Rampage+1","Pummel+1"],"picked":"Rupture","floor":31}],"player_experience":68768,"relics_obtained":[{"floor":6,"key":"Incense Burner"},{"floor":9,"key":"Magic Flower"},{"floor":14,"key":"Champion Belt"},{"floor":23,"key":"Smiling Mask"},{"floor":25,"key":"Pear"},{"floor":26,"key":"Omamori"},{"floor":30,"key":"Bird Faced Urn"},{"floor":30,"key":"Dodecahedron"},{"floor":31,"key":"Blood Vial"}],"event_choices":[{"event_name":"FaceTrader","player_choice":"Trade","floor":4,"damage_taken":0},{"event_name":"Big Fish","player_choice":"Box","floor":5,"damage_taken":0},{"event_name":"Liars Game","player_choice":"agreed","floor":11,"damage_taken":0},{"event_name":"Designer","player_choice":"Full Service","floor":19,"damage_taken":0},{"event_name":"The Woman in Blue","player_choice":"Bought 0 Potions","floor":24,"damage_taken":0},{"event_name":"Colosseum","player_choice":"Fight","floor":30,"damage_taken":0},{"event_name":"Colosseum","player_choice":"Fought Nobs","floor":30,"damage_taken":0}],"is_beta":false,"boss_relics":[{"not_picked":["Runic Dome","Coffee Dripper"],"picked":"Runic Cube"}],"items_purged_floors":[10,12],"is_endless":false,"potions_floor_spawned":[3,6,7,18,22],"killed_by":"Collector","ascension_level":0}