{"gold_per_floor":[109,34,34,55,55,55,95,95,95,95,111,111],"floor_reached":12,"playtime":298,"items_purged":["Strike_R"],"score":197,"play_id":"27381807-1d49-4b9f-b2dc-da99cbcbcf31","local_time":"20190224181703","is_ascension_mode":true,"campfire_choices":[{"data":"Armaments","floor":6,"key":"SMITH"},{"data":"Shrug It Off","floor":8,"key":"SMITH"},{"floor":10,"key":"REST"}],"neow_cost":"NONE","seed_source_timestamp":172195842493043,"circlet_count":0,"master_deck":["AscendersBane","Strike_R","Strike_R","Strike_R","Strike_R","Defend_R","Defend_R+1","Defend_R+1","Defend_R","Bash","Shrug It Off+1","Armaments+1","Body Slam"],"relics":["Burning Blood","NeowsBlessing","Golden Idol","Vajra","Smiling Mask"],"potions_floor_usage":[12],"damage_taken":[{"damage":0,"enemies":"Small Slimes","floor":1,"turns":1},{"damage":0,"enemies":"Jaw Worm","floor":4,"turns":1},{"damage":0,"enemies":"3 Sentries","floor":7,"turns":2},{"damage":0,"enemies":"2 Louse","floor":11,"turns":4},{"damage":69,"enemies":"Gremlin Nob","floor":12,"turns":4}],"seed_played":"6845910589347088270","potions_obtained":[{"floor":11,"key":"AttackPotion"}],"is_trial":false,"path_per_floor":["M","$","?","M","?","R","E","R","T","R","M","E"],"character_chosen":"IRONCLAD","items_purchased":[],"campfire_rested":1,"item_purchase_floors":[],"current_hp_per_floor":[74,74,48,54,31,31,37,37,37,59,65,0],"gold":111,"neow_bonus":"THREE_ENEMY_KILL","is_prod":false,"is_daily":false,"chose_seed":false,"campfire_upgraded":2,"win_rate":0,"timestamp":1551057423,"path_taken":["M","$","?","M","?","R","E","R","T","R","M","E"],"build_version":"2019-01-23","purchased_purges":1,"victory":false,"max_hp_per_floor":[75,75,75,75,75,75,75,75,75,75,75,75],"card_choices":[{"not_picked":["Power Through","Headbutt"],"picked":"Shrug It Off","floor":1},{"not_picked":["Anger","Twin Strike"],"picked":"Armaments","floor":4},{"not_picked":["Fire Breathing","Perfected Strike","Armaments"],"picked":"SKIP","floor":7},{"not_picked":["Metallicize","Headbutt"],"picked":"Body Slam","floor":11}],"player_experience":1248338,"relics_obtained":[{"floor":7,"key":"Vajra"},{"floor":9,"key":"Smiling Mask"}],"event_choices":[{"damage_healed":0,"gold_gain":0,"player_choice":"Take Damage","damage_taken":26,"relics_obtained":["Golden Idol"],"max_hp_gain":0,"max_hp_loss":0,"event_name":"Golden Idol","floor":3,"gold_loss":0},{"damage_healed":0,"gold_gain":0,"player_choice":"Entered Light","damage_taken":23,"max_hp_gain":0,"max_hp_loss":0,"event_name":"Shining Light","floor":5,"gold_loss":0,"cards_upgraded":["Defend_R","Defend_R"]}],"is_beta":false,"boss_relics":[],"items_purged_floors":[2],"is_endless":false,"potions_floor_spawned":[1,11],"killed_by":"Gremlin Nob","ascension_level":19}