{"path_per_floor":["M","M","M","M","$","R","M","R","T","R","M","?","M","T","R","B",null,"M","?","M","$","M","R","E","R","T","R","?","T","?","E","R","B",null,"M","?","M","M","$","R","E","R","T","M","$","R","?","M","R","B"],"character_chosen":"DEFECT","items_purchased":["Gash","Loop","Shovel"],"gold_per_floor":[110,127,138,157,37,37,48,48,48,48,58,58,78,78,78,174,174,193,193,205,32,48,48,74,74,101,101,101,156,81,109,109,212,212,223,271,285,301,13,13,38,38,61,76,76,76,76,91,91,91],"floor_reached":51,"campfire_rested":1,"playtime":2734,"item_purchase_floors":[5,21,39],"current_hp_per_floor":[75,71,71,69,69,69,61,61,61,61,58,46,52,52,74,52,75,74,74,70,70,75,75,72,72,79,79,79,79,79,82,82,82,82,82,78,82,82,82,82,63,63,63,82,82,82,72,82,82,35],"items_purged":["Strike_B","Defend_B"],"gold":91,"score":836,"play_id":"fe4bd7ce-3514-4cda-ae13-a768c33bd5a3","local_time":"20180612005111","is_prod":false,"is_daily":false,"chose_seed":false,"is_ascension_mode":true,"campfire_upgraded":7,"win_rate":0,"timestamp":1528786271,"campfire_choices":[{"data":"Genetic Algorithm","floor":6,"key":"SMITH"},{"data":"Zap","floor":8,"key":"SMITH"},{"data":"Dualcast","floor":10,"key":"SMITH"},{"floor":15,"key":"REST"},{"data":"Loop","floor":23,"key":"SMITH"},{"data":"Self Repair","floor":25,"key":"SMITH"},{"data":"Self Repair","floor":27,"key":"SMITH"},{"data":"Storm","floor":32,"key":"SMITH"},{"floor":40,"key":"DIG"},{"floor":42,"key":"DIG"},{"floor":46,"key":"DIG"},{"floor":49,"key":"DIG"}],"path_taken":["M","M","M","?","$","R","M","R","T","R","M","?","M","?","R","BOSS","M","?","M","$","?","R","E","R","T","R","?","?","?","E","R","BOSS","M","?","M","M","$","R","E","R","T","M","$","R","?","M","R","BOSS"],"build_version":"2018-06-07v3","seed_source_timestamp":82288982432622,"purchased_purges":2,"victory":true,"master_deck":["Defend_B","Defend_B","Zap+1","Dualcast+1","Streamline","Gash","Genetic Algorithm+1","Gash","Self Repair+1","Gash","All For One","Force Field+1","Heatsinks+1","Conserve Battery+1","BootSequence+1","White Noise+1","Loop+1","Self Repair+1","Loop+1","Storm+1","Electrodynamics","Gash+1","Redo+1","Beam Cell+1","Creative AI","Mind Blast+1","Flash of Steel+1","Good Instincts+1","Storm"],"max_hp_per_floor":[75,75,75,75,75,75,75,75,75,75,75,75,75,75,75,75,75,75,75,75,75,75,75,75,75,82,82,82,82,82,82,82,82,82,82,82,82,82,82,82,82,82,82,82,82,82,82,82,82,82],"relics":["Cracked Core","Art of War","Toxic Egg 2","Bronze Scales","Symbiotic Virus","Astrolabe","Sundial","Strawberry","Blood Vial","Bag of Marbles","Sozu","Emotion Chip","Shovel","Regal Pillow","Molten Egg 2","Dream Catcher","Oddly Smooth Stone","Kunai","Ornamental Fan"],"card_choices":[{"not_picked":["Coolheaded","Compile Driver","Reprogram"],"picked":"SKIP","floor":1},{"not_picked":["Compile Driver","Reprogram"],"picked":"Streamline","floor":2},{"not_picked":["Streamline","Chill"],"picked":"Gash","floor":3},{"not_picked":["Leap","Go for the Eyes"],"picked":"Genetic Algorithm","floor":4},{"not_picked":["Compile Driver","Streamline","Steam"],"picked":"SKIP","floor":7},{"not_picked":["Rebound","Redo+1"],"picked":"Self Repair","floor":11},{"not_picked":["Hologram+1","Hello World"],"picked":"Gash","floor":13},{"not_picked":["Echo Form","Amplify+1"],"picked":"All For One","floor":16},{"not_picked":["Force Field+1","Conserve Battery+1"],"picked":"BootSequence+1","floor":18},{"not_picked":["Compile Driver","Conserve Battery+1"],"picked":"White Noise+1","floor":20},{"not_picked":["Steam+1","Reprogram+1"],"picked":"Self Repair","floor":22},{"not_picked":["Ball Lightning","Rainbow+1"],"picked":"Loop+1","floor":24},{"not_picked":["Auto Shields+1","Streamline","Chaos+1"],"picked":"SKIP","floor":31},{"not_picked":["All For One","Core Surge"],"picked":"Electrodynamics","floor":33},{"not_picked":["Leap+1","Sweeping Beam+1"],"picked":"Gash+1","floor":35},{"not_picked":["Melter","Reprogram+1"],"picked":"Redo+1","floor":36},{"not_picked":["Streamline+1","Steam+1","Cold Snap+1"],"picked":"SKIP","floor":37},{"not_picked":["Turbo+1","Redo+1","Hello World"],"picked":"SKIP","floor":38},{"not_picked":["Double Energy+1","Rebound+1"],"picked":"Beam Cell","floor":41},{"not_picked":["Auto Shields+1","Turbo+1"],"picked":"Creative AI","floor":44},{"not_picked":["Apotheosis+1","Trip+1"],"picked":"Mind Blast+1","floor":47},{"not_picked":["Trip+1","Swift Strike+1"],"picked":"Flash of Steel+1","floor":47},{"not_picked":["Panacea+1","Swift Strike+1"],"picked":"Good Instincts+1","floor":47},{"not_picked":["Rebound+1","Coolheaded+1"],"picked":"Storm","floor":48}],"player_experience":878172,"potions_floor_usage":[4,16,16,22,24,24,50,50],"damage_taken":[{"damage":0,"enemies":"Cultist","floor":1,"turns":3},{"damage":4,"enemies":"Jaw Worm","floor":2,"turns":3},{"damage":0,"enemies":"Small Slimes","floor":3,"turns":2},{"damage":2,"enemies":"2 Fungi Beasts","floor":4,"turns":3},{"damage":8,"enemies":"Red Slaver","floor":7,"turns":3},{"damage":3,"enemies":"Blue Slaver","floor":11,"turns":2},{"damage":1,"enemies":"2 Fungi Beasts","floor":13,"turns":3},{"damage":29,"enemies":"Hexaghost","floor":16,"turns":6},{"damage":8,"enemies":"Shell Parasite","floor":18,"turns":4},{"damage":11,"enemies":"Spheric Guardian","floor":20,"turns":4},{"damage":0,"enemies":"3 Cultists","floor":22,"turns":4},{"damage":17,"enemies":"Gremlin Leader","floor":24,"turns":5},{"damage":1,"enemies":"Book of Stabbing","floor":31,"turns":4},{"damage":20,"enemies":"Champ","floor":33,"turns":6},{"damage":0,"enemies":"3 Shapes","floor":35,"turns":4},{"damage":14,"floor":36,"turns":3},{"damage":0,"enemies":"Orb Walker","floor":37,"turns":2},{"damage":5,"enemies":"Maw","floor":38,"turns":5},{"damage":46,"enemies":"Giant Head","floor":41,"turns":8},{"damage":0,"enemies":"3 Darklings","floor":44,"turns":4},{"damage":0,"enemies":"4 Shapes","floor":48,"turns":3},{"damage":57,"enemies":"Time Eater","floor":50,"turns":7}],"relics_obtained":[{"floor":9,"key":"Toxic Egg 2"},{"floor":14,"key":"Symbiotic Virus"},{"floor":24,"key":"Sundial"},{"floor":26,"key":"Strawberry"},{"floor":29,"key":"Blood Vial"},{"floor":31,"key":"Bag of Marbles"},{"floor":36,"key":"Emotion Chip"},{"floor":40,"key":"Regal Pillow"},{"floor":41,"key":"Molten Egg 2"},{"floor":42,"key":"Dream Catcher"},{"floor":43,"key":"Oddly Smooth Stone"},{"floor":46,"key":"Kunai"},{"floor":49,"key":"Ornamental Fan"}],"event_choices":[{"event_name":"Scrap Ooze","player_choice":"success","floor":12,"damage_taken":12},{"event_name":"Vampires","player_choice":"Ignored","floor":19,"damage_taken":0},{"event_name":"The Library","player_choice":"Read","floor":28,"damage_taken":0},{"event_name":"Beggar","player_choice":"Gave Gold","floor":30,"damage_taken":0},{"event_name":"Mysterious Sphere","player_choice":"Fight","floor":36,"damage_taken":0},{"event_name":"SensoryStone","player_choice":"Memory 3","floor":47,"damage_taken":0}],"boss_relics":[{"not_picked":["White Beast Statue","Snecko Eye"],"picked":"Astrolabe"},{"not_picked":["Pandora\u0027s Box","Lizard Tail"],"picked":"Sozu"}],"items_purged_floors":[5,21],"potions_floor_spawned":[3,4,11,16,18,22,24,36,44],"seed_played":"4236161809100792796","ascension_level":4,"potions_obtained":[{"floor":3,"key":"EntropicBrew"},{"floor":4,"key":"FocusPotion"},{"floor":16,"key":"SteroidPotion"},{"floor":18,"key":"GamblersBrew"},{"floor":22,"key":"FocusPotion"},{"floor":24,"key":"FearPotion"}],"is_trial":false}