{"gold_per_floor":[114,39,51,51,51,51,78,78,105,135,150,164,164,183,183,257,257,269,287,56,67,37,37,37,37,63,92,92,17,52,71,71,71],"floor_reached":33,"playtime":1523,"items_purged":["Strike_R","Strike_R"],"score":620,"play_id":"36dfdd3b-68ef-4eb4-aa5e-618c748b996c","local_time":"20190223091025","is_ascension_mode":true,"campfire_choices":[{"data":"Flex","floor":6,"key":"SMITH"},{"data":"Dual Wield","floor":8,"key":"SMITH"},{"data":"True Grit","floor":13,"key":"SMITH"},{"data":"Pommel Strike","floor":15,"key":"SMITH"},{"floor":23,"key":"REST"},{"data":"Body Slam","floor":25,"key":"SMITH"},{"data":"True Grit","floor":28,"key":"SMITH"},{"floor":32,"key":"REST"}],"neow_cost":"NONE","seed_source_timestamp":51766091465945,"circlet_count":0,"master_deck":["AscendersBane","Strike_R","Strike_R","Defend_R","Defend_R","Defend_R","Defend_R","Bash","Clash","Flex+1","Dual Wield+1","True Grit+1","Pommel Strike+1","Thunderclap","Shrug It Off","Immolate","Wild Strike+1","Offering","True Grit+1","Feel No Pain","Shockwave","Body Slam+1","Blood for Blood+1","Reckless Charge"],"relics":["Burning Blood","NeowsBlessing","Art of War","Bag of Marbles","Potion Belt","Mark of Pain","Blood Vial","Kunai","Bottled Tornado"],"potions_floor_usage":[10,16,18,21,21,27,33,33,33],"damage_taken":[{"damage":0,"enemies":"Jaw Worm","floor":1,"turns":1},{"damage":0,"enemies":"2 Louse","floor":3,"turns":1},{"damage":0,"enemies":"3 Sentries","floor":7,"turns":2},{"damage":4,"enemies":"Gremlin Nob","floor":10,"turns":3},{"damage":4,"enemies":"Small Slimes","floor":11,"turns":3},{"damage":0,"enemies":"3 Louse","floor":12,"turns":3},{"damage":0,"enemies":"2 Fungi Beasts","floor":14,"turns":3},{"damage":38,"enemies":"The Guardian","floor":16,"turns":7},{"damage":12,"enemies":"3 Byrds","floor":18,"turns":3},{"damage":20,"enemies":"Shell Parasite","floor":19,"turns":4},{"damage":29,"enemies":"Snake Plant","floor":21,"turns":4},{"damage":21,"enemies":"Slavers","floor":27,"turns":4},{"damage":24,"enemies":"Gremlin Leader","floor":30,"turns":5},{"damage":28,"enemies":"Chosen and Byrds","floor":31,"turns":4},{"damage":47,"enemies":"Champ","floor":33,"turns":10}],"seed_played":"5362295604274277861","potions_obtained":[{"floor":7,"key":"AttackPotion"},{"floor":10,"key":"PowerPotion"},{"floor":11,"key":"Explosive Potion"},{"floor":19,"key":"EntropicBrew"},{"floor":30,"key":"Poison Potion"}],"is_trial":false,"path_per_floor":["M","$","M","$","?","R","E","R","T","E","M","M","R","M","R","B",null,"M","M","$","M","$","R","?","R","T","E","R","?","E","M","R","B"],"character_chosen":"IRONCLAD","items_purchased":["True Grit","Feel No Pain","Body Slam"],"campfire_rested":2,"item_purchase_floors":[20,20,22],"current_hp_per_floor":[74,74,75,75,80,80,80,80,80,80,80,80,80,80,80,48,72,66,52,52,29,29,53,69,69,69,56,56,56,40,20,44,0],"gold":71,"neow_bonus":"THREE_ENEMY_KILL","is_prod":false,"is_daily":false,"chose_seed":false,"campfire_upgraded":6,"win_rate":0,"timestamp":1550938225,"path_taken":["M","$","M","$","?","R","E","R","T","E","M","M","R","M","R","BOSS","M","M","$","M","$","R","?","R","T","E","R","?","E","M","R","BOSS"],"build_version":"2019-01-23","purchased_purges":2,"victory":false,"max_hp_per_floor":[75,75,75,75,80,80,80,80,80,80,80,80,80,80,80,80,80,80,80,80,80,80,80,80,80,80,80,80,80,80,80,80,80],"card_choices":[{"not_picked":["Anger","Headbutt"],"picked":"Clash","floor":1},{"not_picked":["Perfected Strike","Headbutt"],"picked":"Flex","floor":3},{"not_picked":["Sentinel","Power Through"],"picked":"Dual Wield","floor":7},{"not_picked":["Havoc","Clothesline"],"picked":"True Grit","floor":10},{"not_picked":["Havoc","Sword Boomerang"],"picked":"Pommel Strike","floor":11},{"not_picked":["Warcry","Brutality"],"picked":"Thunderclap","floor":12},{"not_picked":["Clothesline","Whirlwind"],"picked":"Shrug It Off","floor":14},{"not_picked":["Juggernaut","Double Tap"],"picked":"Immolate","floor":16},{"not_picked":["Warcry","Seeing Red+1"],"picked":"Wild Strike+1","floor":18},{"not_picked":["Warcry","Clothesline"],"picked":"Offering","floor":19},{"not_picked":["Uppercut","True Grit"],"picked":"Shockwave","floor":21},{"not_picked":["Inflame","Shockwave"],"picked":"Blood for Blood+1","floor":27},{"not_picked":["Sword Boomerang","Perfected Strike","Twin Strike+1"],"picked":"SKIP","floor":30},{"not_picked":["Headbutt","Armaments"],"picked":"Reckless Charge","floor":31}],"player_experience":1219802,"relics_obtained":[{"floor":7,"key":"Art of War"},{"floor":9,"key":"Bag of Marbles"},{"floor":10,"key":"Potion Belt"},{"floor":26,"key":"Blood Vial"},{"floor":27,"key":"Kunai"},{"floor":30,"key":"Bottled Tornado"}],"event_choices":[{"damage_healed":0,"gold_gain":0,"player_choice":"Donut","damage_taken":0,"max_hp_gain":5,"max_hp_loss":0,"event_name":"Big Fish","floor":5,"gold_loss":0},{"damage_healed":16,"gold_gain":0,"player_choice":"Heal","damage_taken":0,"max_hp_gain":0,"max_hp_loss":0,"event_name":"The Library","floor":24,"gold_loss":0},{"cards_removed":["Strike_R"],"damage_healed":0,"gold_gain":0,"player_choice":"Gave Gold","damage_taken":0,"max_hp_gain":0,"max_hp_loss":0,"event_name":"Beggar","floor":29,"gold_loss":75}],"is_beta":false,"boss_relics":[{"not_picked":["Snecko Eye","Pandora\u0027s Box"],"picked":"Mark of Pain"}],"items_purged_floors":[2,20],"is_endless":false,"potions_floor_spawned":[7,10,11,19,30],"killed_by":"Champ","ascension_level":19}