{"gold_per_floor":[109,119,119,194,209,209,236,254,254,254,254,254,254,18,18,92,92,92,92,92,92,92],"floor_reached":22,"playtime":1251,"items_purged":["Strike_R"],"score":363,"play_id":"e93cdff8-49c0-4c28-964a-d216a902ce77","local_time":"20190301174650","is_ascension_mode":true,"campfire_choices":[{"data":"True Grit","floor":6,"key":"SMITH"},{"floor":12,"key":"REST"},{"floor":15,"key":"REST"}],"neow_cost":"NONE","seed_source_timestamp":1773521677231,"circlet_count":0,"master_deck":["AscendersBane","Strike_R","Strike_R","Strike_R","Strike_R","Defend_R+1","Defend_R+1","Defend_R","Defend_R","Bash+1","Blood for Blood","True Grit+1","Inflame","Intimidate","Headbutt","Barricade","Shrug It Off","Shrug It Off+1","Shrug It Off"],"relics":["Burning Blood","Mummified Hand","Turnip","Thread and Needle","War Paint","Ectoplasm"],"potions_floor_usage":[7,11,19],"damage_taken":[{"damage":11,"enemies":"Jaw Worm","floor":1,"turns":4},{"damage":2,"enemies":"2 Louse","floor":2,"turns":3},{"damage":0,"enemies":"Cultist","floor":5,"turns":3},{"damage":31,"enemies":"3 Sentries","floor":7,"turns":9},{"damage":14,"enemies":"Looter","floor":8,"turns":4},{"damage":0,"enemies":"Blue Slaver","floor":11,"turns":1},{"damage":41,"enemies":"Slime Boss","floor":16,"turns":12},{"damage":13,"enemies":"Shell Parasite","floor":18,"turns":6},{"damage":2,"enemies":"Spheric Guardian","floor":19,"turns":6},{"damage":23,"enemies":"Cultist and Chosen","floor":21,"turns":13},{"damage":63,"enemies":"3 Cultists","floor":22,"turns":6}],"seed_played":"-8522064266448576952","potions_obtained":[{"floor":1,"key":"SteroidPotion"},{"floor":10,"key":"LiquidBronze"},{"floor":10,"key":"SmokeBomb"},{"floor":16,"key":"Poison Potion"},{"floor":19,"key":"LiquidBronze"}],"is_trial":false,"path_per_floor":["M","M","?","?","M","R","E","M","T","?","M","R","?","$","R","B",null,"M","M","?","M","M"],"character_chosen":"IRONCLAD","items_purchased":["War Paint"],"campfire_rested":2,"item_purchase_floors":[14],"current_hp_per_floor":[63,67,49,38,44,44,19,11,11,11,17,39,39,39,61,26,63,56,60,75,58,0],"gold":92,"neow_bonus":"UPGRADE_CARD","is_prod":false,"is_daily":false,"chose_seed":false,"campfire_upgraded":1,"win_rate":0,"timestamp":1551487610,"path_taken":["M","M","?","?","M","R","E","M","T","?","?","R","?","$","R","BOSS","M","M","?","M","M"],"build_version":"2019-01-23","purchased_purges":1,"victory":false,"max_hp_per_floor":[75,75,75,75,75,75,75,75,75,75,75,75,75,75,75,75,75,75,75,75,75,75],"card_choices":[{"not_picked":["Rupture","Perfected Strike"],"picked":"Blood for Blood","floor":1},{"not_picked":["Havoc","Disarm"],"picked":"True Grit","floor":2},{"not_picked":["Seeing Red","Uppercut"],"picked":"Inflame","floor":5},{"not_picked":["Sever Soul","Brutality"],"picked":"Intimidate","floor":7},{"not_picked":["Wild Strike","True Grit"],"picked":"Headbutt","floor":8},{"not_picked":["Feed","Dark Embrace"],"picked":"Barricade","floor":16},{"not_picked":["True Grit","Heavy Blade"],"picked":"Shrug It Off","floor":18},{"not_picked":["Searing Blow","Anger"],"picked":"Shrug It Off+1","floor":19},{"not_picked":["Armaments","Heavy Blade"],"picked":"Shrug It Off","floor":21}],"player_experience":1300282,"relics_obtained":[{"floor":7,"key":"Turnip"},{"floor":9,"key":"Thread and Needle"}],"event_choices":[{"damage_healed":0,"gold_gain":0,"player_choice":"Success","damage_taken":18,"relics_obtained":["Mummified Hand"],"max_hp_gain":0,"max_hp_loss":0,"event_name":"Scrap Ooze","floor":3,"gold_loss":0},{"damage_healed":0,"gold_gain":75,"player_choice":"Gather Gold","damage_taken":11,"max_hp_gain":0,"max_hp_loss":0,"event_name":"World of Goop","floor":4,"gold_loss":0},{"damage_healed":0,"gold_gain":0,"player_choice":"Got Potions","damage_taken":0,"max_hp_gain":0,"max_hp_loss":0,"event_name":"Lab","floor":10,"gold_loss":0},{"damage_healed":0,"gold_gain":0,"player_choice":"Ignored","damage_taken":0,"max_hp_gain":0,"max_hp_loss":0,"event_name":"Liars Game","floor":13,"gold_loss":0},{"damage_healed":15,"gold_gain":0,"player_choice":"Heal","damage_taken":0,"max_hp_gain":0,"max_hp_loss":0,"event_name":"The Library","floor":20,"gold_loss":0}],"is_beta":false,"boss_relics":[{"not_picked":["Coffee Dripper","Pandora\u0027s Box"],"picked":"Ectoplasm"}],"items_purged_floors":[14],"is_endless":false,"potions_floor_spawned":[1,11,16,19,21],"killed_by":"3 Cultists","ascension_level":19}