{"gold_per_floor":[117,117,129,129,145,145,165,165,165,51,51,61,95,95],"floor_reached":14,"playtime":684,"items_purged":["Regret"],"score":90,"play_id":"23caff5a-ec0b-4ab3-ba8f-4252cb67c297","local_time":"20190125085638","is_ascension_mode":false,"campfire_choices":[{"data":"Fusion","floor":6,"key":"SMITH"},{"data":"Chaos","floor":8,"key":"SMITH"}],"neow_cost":"NONE","seed_source_timestamp":572951428813016,"circlet_count":0,"master_deck":["Strike_B","Strike_B","Defend_B","Defend_B","Defend_B","Defend_B","Zap","Dualcast","Gash","Steam","Loop","Fusion+1","Chaos+1","Loop+1","Redo","Redo"],"relics":["Cracked Core","Meat on the Bone","Frozen Egg 2","Oddly Smooth Stone"],"potions_floor_usage":[],"damage_taken":[{"damage":9,"enemies":"2 Louse","floor":1,"turns":3},{"damage":8,"enemies":"Cultist","floor":3,"turns":3},{"damage":2,"enemies":"Small Slimes","floor":5,"turns":3},{"damage":14,"enemies":"Exordium Wildlife","floor":7,"turns":6},{"damage":0,"enemies":"Large Slime","floor":12,"turns":4},{"damage":36,"enemies":"Gremlin Nob","floor":13,"turns":5},{"damage":33,"enemies":"Gremlin Gang","floor":14,"turns":3}],"seed_played":"123537672866674230","potions_obtained":[{"floor":5,"key":"SmokeBomb"},{"floor":7,"key":"PowerPotion"},{"floor":12,"key":"GamblersBrew"}],"is_trial":false,"path_per_floor":["M","?","M","?","M","R","M","R","T","$","?","M","E","M"],"character_chosen":"DEFECT","items_purchased":["Loop+1"],"campfire_rested":0,"item_purchase_floors":[10],"current_hp_per_floor":[73,73,65,65,63,63,49,49,49,49,49,49,25,0],"gold":95,"neow_bonus":"TEN_PERCENT_HP_BONUS","is_prod":false,"is_daily":false,"chose_seed":false,"campfire_upgraded":2,"win_rate":0,"timestamp":1548431798,"path_taken":["M","?","M","?","M","R","M","R","T","$","?","M","E","M"],"build_version":"2019-01-23","purchased_purges":1,"victory":false,"max_hp_per_floor":[82,82,82,82,82,82,82,82,82,82,82,82,82,82],"card_choices":[{"not_picked":["Heatsinks","Streamline"],"picked":"Gash","floor":1},{"not_picked":["Rebound","Stack"],"picked":"Steam","floor":3},{"not_picked":["Hologram","Chill"],"picked":"Fusion","floor":5},{"not_picked":["Turbo","Go for the Eyes"],"picked":"Chaos","floor":7},{"not_picked":["Recycle","Beam Cell"],"picked":"Redo","floor":12},{"not_picked":["Beam Cell","Go for the Eyes"],"picked":"Redo","floor":13}],"player_experience":474963,"relics_obtained":[{"floor":9,"key":"Frozen Egg 2"},{"floor":13,"key":"Oddly Smooth Stone"}],"event_choices":[{"damage_healed":0,"gold_gain":0,"player_choice":"Box","damage_taken":0,"relics_obtained":["Meat on the Bone"],"max_hp_gain":0,"max_hp_loss":0,"event_name":"Big Fish","floor":2,"gold_loss":0,"cards_obtained":["Regret"]},{"damage_healed":0,"gold_gain":0,"cards_transformed":["Strike_B"],"player_choice":"Change","damage_taken":0,"max_hp_gain":0,"max_hp_loss":0,"event_name":"Living Wall","floor":4,"gold_loss":0,"cards_obtained":["Loop"]},{"cards_removed":["Strike_B"],"damage_healed":0,"gold_gain":0,"player_choice":"Offered Basic","damage_taken":0,"max_hp_gain":0,"max_hp_loss":0,"event_name":"Bonfire Elementals","floor":11,"gold_loss":0}],"is_beta":false,"boss_relics":[],"items_purged_floors":[10],"is_endless":false,"potions_floor_spawned":[5,7,12],"killed_by":"Gremlin Gang","ascension_level":0}