{"path_per_floor":["M","?","$","M","?","R","?","R","T","$","E","M","R","M","R","B",null,"M","$","M","M","M","R","M","R","T","E","M","R","?","M","R"],"character_chosen":"DEFECT","items_purchased":["Redo"],"gold_per_floor":[109,109,34,46,121,121,182,182,182,56,83,94,94,104,104,206,206,221,96,109,128,146,146,162,162,162,194,213,213,313,326,326,326],"floor_reached":33,"campfire_rested":4,"playtime":1839,"item_purchase_floors":[10],"current_hp_per_floor":[68,61,61,57,46,46,31,53,53,53,53,53,53,53,53,32,64,58,58,65,63,56,56,39,61,61,11,21,43,43,24,46,0],"items_purged":["Strike_B","Strike_B","Defend_B"],"gold":326,"score":423,"play_id":"55cb4434-d1f3-4203-ba4a-e11a4f92f4f0","local_time":"20180527220234","is_prod":false,"is_daily":false,"chose_seed":false,"is_ascension_mode":true,"campfire_upgraded":4,"win_rate":0,"timestamp":1527480154,"campfire_choices":[{"data":"Zap","floor":6,"key":"SMITH"},{"floor":8,"key":"REST"},{"data":"Redo","floor":13,"key":"SMITH"},{"data":"Dualcast","floor":15,"key":"SMITH"},{"data":"Thunder Strike","floor":23,"key":"SMITH"},{"floor":25,"key":"REST"},{"floor":29,"key":"REST"},{"floor":32,"key":"REST"}],"path_taken":["M","?","$","M","?","R","?","R","T","$","E","M","R","M","R","BOSS","M","$","M","M","M","R","?","R","T","E","M","R","?","M","R","BOSS"],"build_version":"2018-05-25","seed_source_timestamp":1558525980201619,"purchased_purges":3,"victory":false,"master_deck":["Defend_B","Defend_B","Defend_B","Zap+1","Dualcast+1","Sweeping Beam","Rip and Tear","Redo+1","Leap","Thunder Strike+1","Machine Learning","Self Repair","Beam Cell","Sweeping Beam","Leap+1","Core Surge","Go for the Eyes"],"max_hp_per_floor":[75,75,75,75,75,75,75,75,75,75,75,75,75,75,75,75,75,75,75,75,75,75,75,75,75,75,75,75,75,75,75,75,75],"relics":["Cracked Core","Vajra","Ornamental Fan","Boot","Sozu","Toolbox","Emotion Chip"],"card_choices":[{"not_picked":["Steam Power","Compile Driver"],"picked":"Sweeping Beam","floor":1},{"not_picked":["Hologram","Steam","Capacitor"],"picked":"SKIP","floor":4},{"not_picked":["Steam","Stack"],"picked":"Rip and Tear","floor":7},{"not_picked":["Stack","Double Energy","White Noise"],"picked":"SKIP","floor":11},{"not_picked":["Steam","Stack"],"picked":"Leap","floor":12},{"not_picked":["Beam Cell","Coolheaded"],"picked":"Thunder Strike","floor":14},{"not_picked":["Amplify","Reboot"],"picked":"Machine Learning","floor":16},{"not_picked":["Steam","Beam Cell+1"],"picked":"Self Repair","floor":18},{"not_picked":["Skim","Turbo"],"picked":"Beam Cell","floor":20},{"not_picked":["Steam","Compile Driver"],"picked":"Sweeping Beam","floor":21},{"not_picked":["Rebound","Redo","Sweeping Beam"],"picked":"SKIP","floor":22},{"not_picked":["Aggregate","Heatsinks"],"picked":"Leap+1","floor":24},{"not_picked":["Compile Driver","Reboot"],"picked":"Core Surge","floor":27},{"not_picked":["Barrage+1","Turbo"],"picked":"Go for the Eyes","floor":28},{"not_picked":["Force Field","Defragment","Rebound"],"picked":"SKIP","floor":31}],"player_experience":168333,"potions_floor_usage":[7,11,11,33],"damage_taken":[{"damage":0,"enemies":"Small Slimes","floor":1,"turns":3},{"damage":4,"enemies":"Jaw Worm","floor":4,"turns":4},{"damage":15,"enemies":"3 Sentries","floor":7,"turns":7},{"damage":0,"enemies":"3 Sentries","floor":11,"turns":4},{"damage":0,"enemies":"2 Louse","floor":12,"turns":1},{"damage":0,"enemies":"Large Slime","floor":14,"turns":4},{"damage":21,"enemies":"Hexaghost","floor":16,"turns":9},{"damage":6,"enemies":"3 Byrds","floor":18,"turns":4},{"damage":0,"enemies":"Chosen","floor":20,"turns":3},{"damage":9,"enemies":"Snecko","floor":21,"turns":4},{"damage":14,"enemies":"Centurion and Healer","floor":22,"turns":4},{"damage":24,"enemies":"3 Cultists","floor":24,"turns":4},{"damage":57,"enemies":"Slavers","floor":27,"turns":5},{"damage":0,"enemies":"Snecko","floor":28,"turns":4},{"damage":26,"enemies":"Slaver and Parasite","floor":31,"turns":4},{"damage":80,"enemies":"Automaton","floor":33,"turns":6}],"relics_obtained":[{"floor":7,"key":"Vajra"},{"floor":9,"key":"Ornamental Fan"},{"floor":11,"key":"Boot"},{"floor":26,"key":"Toolbox"},{"floor":27,"key":"Emotion Chip"}],"event_choices":[{"event_name":"Golden Wing","player_choice":"Card Removal","floor":2,"damage_taken":0},{"event_name":"World of Goop","player_choice":"Gather Gold","floor":5,"damage_taken":0},{"event_name":"Dead Adventurer","player_choice":"Searched \u00271\u0027 times","floor":7,"damage_taken":0},{"event_name":"Golden Shrine","player_choice":"Pray","floor":30,"damage_taken":0}],"boss_relics":[{"not_picked":["Ectoplasm","Runic Pyramid"],"picked":"Sozu"}],"items_purged_floors":[3,10,19],"potions_floor_spawned":[1,7,7,16,18,22,27,31],"seed_played":"5717698581761070154","killed_by":"Automaton","ascension_level":9,"potions_obtained":[{"floor":1,"key":"Dexterity Potion"},{"floor":7,"key":"Fire Potion"},{"floor":7,"key":"EssenceOfSteel"},{"floor":16,"key":"LiquidBronze"}],"is_trial":false}