{"gold_per_floor":[368,15,27,27,44,70,70,84,156,80,80,80,80,93,93,93],"floor_reached":16,"playtime":918,"items_purged":["Parasite"],"score":185,"play_id":"43f476e2-4d1e-4e69-9cbf-eb326ca11fbf","local_time":"20190216234501","is_ascension_mode":true,"campfire_choices":[{"floor":7,"key":"REST"},{"floor":13,"key":"REST"},{"data":"True Grit","floor":15,"key":"SMITH"}],"neow_cost":"CURSE","seed_source_timestamp":113208971996439,"circlet_count":0,"master_deck":["AscendersBane","Strike_R","Strike_R+1","Strike_R","Strike_R","Defend_R+1","Defend_R","Defend_R","Defend_R","Bash","Flex","Pommel Strike+1","True Grit+1","Impervious","Evolve","Feel No Pain","Thunderclap+1"],"relics":["Burning Blood","Molten Egg 2","Peace Pipe"],"potions_floor_usage":[6,16,16],"damage_taken":[{"damage":7,"enemies":"2 Louse","floor":1,"turns":3},{"damage":11,"enemies":"Jaw Worm","floor":3,"turns":5},{"damage":0,"enemies":"Cultist","floor":5,"turns":3},{"damage":40,"enemies":"Lagavulin","floor":6,"turns":5},{"damage":4,"enemies":"Large Slime","floor":8,"turns":6},{"damage":13,"enemies":"2 Fungi Beasts","floor":14,"turns":5},{"damage":70,"enemies":"Hexaghost","floor":16,"turns":16}],"seed_played":"3746966136552459056","potions_obtained":[{"floor":5,"key":"AttackPotion"},{"floor":8,"key":"Regen Potion"},{"floor":14,"key":"Swift Potion"}],"is_trial":false,"path_per_floor":["M","$","M","?","M","E","R","M","T","$","?","$","R","M","R","B"],"character_chosen":"IRONCLAD","items_purchased":["Molten Egg 2","Feel No Pain"],"campfire_rested":2,"item_purchase_floors":[2,10],"current_hp_per_floor":[67,67,62,40,46,12,33,35,35,35,35,35,56,49,49,0],"gold":93,"neow_bonus":"TWO_FIFTY_GOLD","is_prod":false,"is_daily":false,"chose_seed":false,"campfire_upgraded":1,"win_rate":0,"timestamp":1550385901,"path_taken":["M","$","M","?","M","E","R","M","T","$","?","$","R","M","R","BOSS"],"build_version":"2019-01-23","purchased_purges":1,"victory":false,"max_hp_per_floor":[75,72,72,72,72,72,72,72,72,72,72,72,72,72,72,72],"card_choices":[{"not_picked":["Havoc","Heavy Blade"],"picked":"Flex","floor":1},{"not_picked":["Havoc","Clash+1"],"picked":"Pommel Strike+1","floor":3},{"not_picked":["Anger+1","Warcry"],"picked":"True Grit","floor":5},{"not_picked":["Spot Weakness","Bloodletting"],"picked":"Impervious","floor":6},{"not_picked":["Warcry","Corruption"],"picked":"Evolve","floor":8},{"not_picked":["Shrug It Off","Clash+1"],"picked":"Thunderclap+1","floor":14}],"player_experience":1122713,"relics_obtained":[{"floor":6,"key":"Peace Pipe"}],"event_choices":[{"damage_healed":0,"gold_gain":0,"player_choice":"Entered Light","damage_taken":22,"max_hp_gain":0,"max_hp_loss":0,"event_name":"Shining Light","floor":4,"gold_loss":0,"cards_upgraded":["Strike_R","Defend_R"]},{"cards_removed":["Strike_R"],"damage_healed":0,"gold_gain":0,"player_choice":"Purged","damage_taken":0,"max_hp_gain":0,"max_hp_loss":0,"event_name":"Purifier","floor":11,"gold_loss":0}],"is_beta":false,"boss_relics":[],"items_purged_floors":[2],"is_endless":false,"potions_floor_spawned":[5,8,14],"killed_by":"Hexaghost","ascension_level":17}