{"gold_per_floor":[118,43,57,132,152,183,183,183,183,217,19,19,44,64,64,141,141,157,157,87,105,55,55,65,65,65,65,65,77,138,138,138,138],"floor_reached":33,"playtime":2074,"items_purged":["Parasite"],"score":561,"play_id":"d967860b-8b3b-45ab-a569-5ca639d58458","local_time":"20190208001126","is_ascension_mode":true,"campfire_choices":[{"floor":7,"key":"REST"},{"data":"Zap","floor":12,"key":"SMITH"},{"floor":15,"key":"REST"},{"data":"Capacitor","floor":23,"key":"SMITH"},{"data":"Scrape","floor":28,"key":"SMITH"},{"data":"Dualcast","floor":32,"key":"SMITH"}],"neow_cost":"CURSE","seed_source_timestamp":1746435363589221,"circlet_count":0,"master_deck":["AscendersBane","Defend_B","Defend_B","Defend_B","Zap+1","Dualcast+1","Ball Lightning+1","Cold Snap+1","Hologram","BootSequence","Double Energy+1","Stack+1","Scrape+1","Skim+1","Seek+1","Redo+1","Bite","Bite","Bite","Bite","Bite","Capacitor+1","Sweeping Beam+1","Beam Cell","Ghostly+1","Ghostly+1","Ghostly+1","Melter"],"relics":["FrozenCore","Blue Candle","Gremlin Horn","Toxic Egg 2","Bronze Scales","Boot","Mango","Dodecahedron","Tiny Chest"],"potions_floor_usage":[10,16,33,33],"damage_taken":[{"damage":2,"enemies":"Jaw Worm","floor":1,"turns":3},{"damage":1,"enemies":"Cultist","floor":3,"turns":3},{"damage":10,"enemies":"Small Slimes","floor":5,"turns":3},{"damage":28,"enemies":"Gremlin Nob","floor":6,"turns":4},{"damage":29,"enemies":"3 Sentries","floor":10,"turns":6},{"damage":23,"enemies":"Lagavulin","floor":13,"turns":6},{"damage":0,"enemies":"Blue Slaver","floor":14,"turns":2},{"damage":41,"enemies":"Hexaghost","floor":16,"turns":10},{"damage":15,"enemies":"Chosen","floor":18,"turns":5},{"damage":9,"enemies":"Shell Parasite","floor":21,"turns":6},{"damage":0,"enemies":"Centurion and Healer","floor":24,"turns":5},{"damage":4,"enemies":"Snecko","floor":29,"turns":5},{"damage":0,"enemies":"Gremlin Leader","floor":30,"turns":7},{"damage":66,"enemies":"Collector","floor":33,"turns":9}],"seed_played":"-5497440928418597381","potions_obtained":[{"floor":3,"key":"Strength Potion"},{"floor":13,"key":"Explosive Potion"},{"floor":14,"key":"Dexterity Potion"},{"floor":21,"key":"Regen Potion"}],"is_trial":false,"path_per_floor":["M","$","M","?","M","E","R","?","T","E","$","R","E","M","R","B",null,"M","?","$","M","?","R","M","T","T","?","R","M","E","?","R","B"],"character_chosen":"DEFECT","items_purchased":["Bronze Scales","Stack+1","Capacitor"],"campfire_rested":2,"item_purchase_floors":[11,11,20],"current_hp_per_floor":[76,76,75,64,54,26,50,82,82,53,53,53,30,30,54,13,65,50,50,50,51,51,51,57,71,71,35,35,35,35,35,35,0],"gold":138,"neow_bonus":"TWENTY_PERCENT_HP_BONUS","is_prod":false,"is_daily":false,"chose_seed":false,"campfire_upgraded":4,"win_rate":0,"timestamp":1549609886,"path_taken":["M","$","M","?","M","E","R","?","T","E","$","R","E","?","R","BOSS","M","?","$","M","?","R","?","?","T","?","R","M","E","?","R","BOSS"],"build_version":"2019-01-23","purchased_purges":1,"victory":false,"max_hp_per_floor":[85,82,82,82,82,82,82,82,82,82,82,82,82,82,82,82,82,82,57,57,57,57,57,57,71,71,35,35,35,35,35,35,35],"card_choices":[{"not_picked":["Compile Driver","Turbo"],"picked":"Ball Lightning","floor":1},{"not_picked":["Darkness","Heatsinks"],"picked":"Cold Snap","floor":3},{"not_picked":["Compile Driver","Streamline"],"picked":"Hologram","floor":5},{"not_picked":["Hologram","Rebound"],"picked":"BootSequence","floor":6},{"not_picked":["Hologram","Coolheaded"],"picked":"Double Energy","floor":10},{"not_picked":["Loop","FTL"],"picked":"Scrape","floor":13},{"not_picked":["Streamline","Turbo+1"],"picked":"Skim+1","floor":14},{"not_picked":["Buffer","Echo Form"],"picked":"Seek+1","floor":16},{"not_picked":["Sweeping Beam","Static Discharge"],"picked":"Redo+1","floor":18},{"not_picked":["Turbo+1","Conserve Battery+1"],"picked":"Sweeping Beam+1","floor":21},{"not_picked":["Hello World","Scrape"],"picked":"Beam Cell","floor":24},{"not_picked":["Hologram+1","Hello World","Rebound"],"picked":"SKIP","floor":29},{"not_picked":["Fusion+1","Scrape"],"picked":"Melter","floor":30}],"player_experience":998978,"relics_obtained":[{"floor":6,"key":"Blue Candle"},{"floor":9,"key":"Gremlin Horn"},{"floor":10,"key":"Toxic Egg 2"},{"floor":13,"key":"Boot"},{"floor":25,"key":"Mango"},{"floor":26,"key":"Dodecahedron"},{"floor":30,"key":"Tiny Chest"}],"event_choices":[{"damage_healed":0,"gold_gain":75,"player_choice":"Gather Gold","damage_taken":11,"max_hp_gain":0,"max_hp_loss":0,"event_name":"World of Goop","floor":4,"gold_loss":0},{"damage_healed":32,"gold_gain":0,"player_choice":"Full Heal","damage_taken":0,"max_hp_gain":0,"max_hp_loss":0,"event_name":"Wheel of Change","floor":8,"gold_loss":0},{"damage_healed":0,"gold_gain":0,"player_choice":"Became a vampire","damage_taken":0,"max_hp_gain":0,"max_hp_loss":25,"event_name":"Vampires","floor":19,"gold_loss":0,"cards_obtained":["Bite","Bite","Bite","Bite","Bite"]},{"damage_healed":0,"gold_gain":0,"player_choice":"Upgraded Two","damage_taken":0,"max_hp_gain":0,"max_hp_loss":0,"event_name":"Designer","floor":22,"gold_loss":50,"cards_upgraded":["Cold Snap","Ball Lightning"]},{"damage_healed":0,"gold_gain":0,"player_choice":"Became a Ghost","damage_taken":0,"max_hp_gain":0,"max_hp_loss":36,"event_name":"Ghosts","floor":27,"gold_loss":0,"cards_obtained":["Ghostly","Ghostly","Ghostly"]},{"cards_removed":["Defend_B"],"damage_healed":0,"gold_gain":0,"player_choice":"Offered Basic","damage_taken":0,"max_hp_gain":0,"max_hp_loss":0,"event_name":"Bonfire Elementals","floor":31,"gold_loss":0}],"is_beta":false,"boss_relics":[{"not_picked":["Lizard Tail","Orrery"],"picked":"FrozenCore"}],"items_purged_floors":[2],"is_endless":false,"potions_floor_spawned":[3,13,14,21,24,30],"killed_by":"Collector","ascension_level":15}