{"gold_per_floor":[115,115,115,40,190,230,230,271,323,323,336,351,391,3,3,3],"floor_reached":16,"playtime":659,"items_purged":["Strike_R","Doubt"],"score":332,"play_id":"106e7c6a-bb14-4755-9e9c-6c031e5a1664","local_time":"20190304230239","is_ascension_mode":true,"campfire_choices":[{"data":"Bash","floor":7,"key":"SMITH"},{"data":"Ghostly Armor","floor":10,"key":"SMITH"},{"data":"True Grit","floor":15,"key":"SMITH"}],"neow_cost":"NONE","seed_source_timestamp":280518669976434,"circlet_count":0,"master_deck":["AscendersBane","Strike_R","Strike_R","Strike_R","Defend_R","Defend_R","Defend_R","Defend_R","Bash+1","Ghostly Armor+1","Seeing Red","Thunderclap","True Grit","True Grit+1","Headbutt","Whirlwind"],"relics":["Burning Blood","NeowsBlessing","Golden Idol","Regal Pillow","Bag of Marbles","Happy Flower","The Courier","Mercury Hourglass"],"potions_floor_usage":[13,13],"damage_taken":[{"damage":0,"enemies":"Small Slimes","floor":1,"turns":1},{"damage":0,"enemies":"3 Sentries","floor":6,"turns":2},{"damage":0,"enemies":"Gremlin Nob","floor":8,"turns":1},{"damage":1,"enemies":"2 Louse","floor":11,"turns":2},{"damage":12,"enemies":"Jaw Worm","floor":12,"turns":4},{"damage":19,"enemies":"3 Sentries","floor":13,"turns":16},{"damage":51,"enemies":"Hexaghost","floor":16,"turns":9}],"seed_played":"-3045750148896100475","potions_obtained":[{"floor":1,"key":"PowerPotion"},{"floor":6,"key":"EssenceOfSteel"}],"is_trial":false,"path_per_floor":["M","?","?","$","?","E","R","E","T","R","M","M","E","$","R","B"],"character_chosen":"IRONCLAD","items_purchased":["Mercury Hourglass","Headbutt","Whirlwind"],"campfire_rested":0,"item_purchase_floors":[14,14,14],"current_hp_per_floor":[74,48,48,48,48,54,54,60,60,60,65,59,46,46,46,0],"gold":3,"neow_bonus":"THREE_ENEMY_KILL","is_prod":false,"is_daily":false,"chose_seed":false,"campfire_upgraded":3,"win_rate":0,"timestamp":1551765759,"path_taken":["M","?","?","$","?","E","R","E","T","R","M","M","E","?","R","BOSS"],"build_version":"2019-01-23","purchased_purges":2,"victory":false,"max_hp_per_floor":[75,75,75,75,75,75,75,75,75,75,75,75,75,75,75,75],"card_choices":[{"not_picked":["Dual Wield","Heavy Blade"],"picked":"Ghostly Armor","floor":1},{"not_picked":["Anger","Dark Embrace"],"picked":"Seeing Red","floor":6},{"not_picked":["Twin Strike","Heavy Blade","Clothesline"],"picked":"SKIP","floor":8},{"not_picked":["Iron Wave","Warcry"],"picked":"Thunderclap","floor":11},{"not_picked":["Pummel","Shockwave"],"picked":"True Grit","floor":12},{"not_picked":["Bloodletting","Heavy Blade"],"picked":"True Grit","floor":13}],"player_experience":1331030,"relics_obtained":[{"floor":6,"key":"Regal Pillow"},{"floor":8,"key":"Bag of Marbles"},{"floor":9,"key":"Happy Flower"},{"floor":13,"key":"The Courier"}],"event_choices":[{"damage_healed":0,"gold_gain":0,"player_choice":"Take Damage","damage_taken":26,"relics_obtained":["Golden Idol"],"max_hp_gain":0,"max_hp_loss":0,"event_name":"Golden Idol","floor":2,"gold_loss":0},{"cards_removed":["Strike_R"],"damage_healed":0,"gold_gain":0,"player_choice":"Forget","damage_taken":0,"max_hp_gain":0,"max_hp_loss":0,"event_name":"Living Wall","floor":3,"gold_loss":0},{"damage_healed":0,"gold_gain":150,"player_choice":"AGREE","damage_taken":0,"max_hp_gain":0,"max_hp_loss":0,"event_name":"Liars Game","floor":5,"gold_loss":0,"cards_obtained":["Doubt"]}],"is_beta":false,"boss_relics":[],"items_purged_floors":[4,14],"is_endless":false,"potions_floor_spawned":[1,6,11],"killed_by":"Hexaghost","ascension_level":20}