{"gold_per_floor":[119,194,204,18,29,29,62,82,161,195,206,206,220,71,71,173,173,188,103,123,142,37,52,83,83,83,83,23,40,54,69,69,168,168,182,194,114,128,147,147,176,176,176,176,176,51,151,220,220,220,220,220,3,32,32],"floor_reached":55,"playtime":4528,"items_purged":["Decay","Defend_B","Strike_B"],"score":838,"play_id":"aa24fd00-a428-4cd9-a3a2-4146eb11b35f","local_time":"20190315095028","is_ascension_mode":true,"campfire_choices":[{"data":"Defragment","floor":6,"key":"SMITH"},{"data":"Zap","floor":12,"key":"SMITH"},{"data":"Go for the Eyes","floor":15,"key":"SMITH"},{"floor":32,"key":"REST"},{"data":"Consume","floor":40,"key":"SMITH"},{"floor":42,"key":"RECALL"},{"data":"Hologram","floor":45,"key":"SMITH"},{"data":"Barrage","floor":49,"key":"SMITH"},{"data":"Barrage","floor":52,"key":"SMITH"}],"neow_cost":"NONE","seed_source_timestamp":199503939662302,"circlet_count":0,"master_deck":["Strike_B","Strike_B","Defend_B","Defend_B","Defend_B","Zap+1","Dualcast","Cold Snap","Barrage+1","Skim","Defragment+1","Genetic Algorithm","Coolheaded","FTL","Go for the Eyes+1","Go for the Eyes","Biased Cognition","Glacier","Go for the Eyes","Stack","Coolheaded","Consume+1","Steam","Glacier","Defragment+1","Barrage+1","Glacier","Fusion+1","Amplify","Compile Driver+1","Hologram+1","Cold Snap+1","Secret Weapon","Static Discharge+1"],"relics":["Cracked Core","Bronze Scales","Mango","Mercury Hourglass","Centennial Puzzle","PreservedInsect","Inserter","Regal Pillow","Oddly Smooth Stone","The Courier","Busted Crown","Ancient Tea Set","Bag of Preparation","Unceasing Top","Cables","DataDisk","Bag of Marbles"],"potions_floor_usage":[10,11,50,55,55],"damage_taken":[{"damage":2,"enemies":"Jaw Worm","floor":1,"turns":3},{"damage":0,"enemies":"Cultist","floor":3,"turns":3},{"damage":3,"enemies":"2 Louse","floor":5,"turns":2},{"damage":17,"enemies":"3 Sentries","floor":7,"turns":10},{"damage":10,"enemies":"Blue Slaver","floor":8,"turns":3},{"damage":11,"enemies":"Lagavulin","floor":10,"turns":6},{"damage":0,"enemies":"Exordium Thugs","floor":11,"turns":1},{"damage":5,"enemies":"3 Louse","floor":13,"turns":2},{"damage":6,"enemies":"Hexaghost","floor":16,"turns":8},{"damage":6,"enemies":"3 Byrds","floor":18,"turns":2},{"damage":1,"enemies":"Chosen","floor":20,"turns":4},{"damage":13,"enemies":"Snake Plant","floor":21,"turns":3},{"damage":13,"enemies":"3 Cultists","floor":23,"turns":4},{"damage":30,"enemies":"Slavers","floor":24,"turns":5},{"damage":0,"enemies":"Centurion and Healer","floor":29,"turns":10},{"damage":8,"enemies":"Cultist and Chosen","floor":30,"turns":6},{"damage":6,"enemies":"Snake Plant","floor":31,"turns":4},{"damage":12,"enemies":"Champ","floor":33,"turns":14},{"damage":1,"enemies":"3 Shapes","floor":35,"turns":6},{"damage":0,"enemies":"Orb Walker","floor":36,"turns":4},{"damage":2,"enemies":"4 Shapes","floor":38,"turns":7},{"damage":0,"enemies":"Maw","floor":39,"turns":9},{"damage":17,"enemies":"Reptomancer","floor":41,"turns":8},{"damage":12,"enemies":"Mind Bloom Boss Battle","floor":47,"turns":6},{"damage":0,"enemies":"Time Eater","floor":50,"turns":12},{"damage":40,"enemies":"Shield and Spear","floor":54,"turns":6},{"damage":49,"enemies":"The Heart","floor":55,"turns":14}],"seed_played":"-6252472475887057276","potions_obtained":[{"floor":1,"key":"FocusPotion"},{"floor":7,"key":"AttackPotion"},{"floor":11,"key":"SpeedPotion"},{"floor":18,"key":"SteroidPotion"},{"floor":23,"key":"EssenceOfSteel"},{"floor":30,"key":"AttackPotion"},{"floor":41,"key":"Ancient Potion"}],"is_trial":false,"path_per_floor":["M","?","M","$","M","R","E","M","T","E","M","R","M","$","R","B",null,"M","?","M","M","$","M","E","?","T","?","$","M","M","M","R","B",null,"M","M","$","M","M","R","E","R","T","?","R","$","?","T","R","B",null,"R","$","E","B"],"character_chosen":"DEFECT","items_purchased":["Bronze Scales","Skim","PreservedInsect","Coolheaded","Consume","Bag of Preparation","DataDisk"],"campfire_rested":1,"item_purchase_floors":[4,4,14,22,22,46,53],"current_hp_per_floor":[73,66,66,66,63,63,60,50,50,39,39,39,34,34,34,28,89,83,83,82,69,69,56,26,26,26,26,26,26,18,12,53,41,89,88,88,88,86,86,86,69,69,69,69,69,69,57,57,57,57,89,89,89,49,0],"gold":32,"neow_bonus":"REMOVE_CARD","is_prod":false,"is_daily":false,"chose_seed":false,"campfire_upgraded":7,"win_rate":0,"timestamp":1552665028,"path_taken":["M","?","?","$","M","R","E","M","T","E","M","R","?","$","R","BOSS","M","?","M","M","$","M","E","?","T","?","$","?","M","M","R","BOSS","M","M","$","M","M","R","E","R","T","?","R","$","?","?","R","BOSS","R","$","E","BOSS"],"build_version":"2019-01-23","purchased_purges":3,"victory":false,"max_hp_per_floor":[75,75,75,75,75,75,89,89,89,89,89,89,89,89,89,89,89,89,89,89,89,89,89,89,89,89,89,89,89,89,89,89,89,89,89,89,89,89,89,89,89,89,89,89,89,89,89,89,89,89,89,89,89,89,89],"card_choices":[{"not_picked":["Compile Driver","Gash"],"picked":"Cold Snap","floor":1},{"not_picked":["Reprogram","Streamline"],"picked":"Barrage","floor":3},{"not_picked":["Hologram","Conserve Battery"],"picked":"Defragment","floor":5},{"not_picked":["Rip and Tear","Cold Snap"],"picked":"Genetic Algorithm","floor":7},{"not_picked":["Go for the Eyes","Compile Driver"],"picked":"Coolheaded","floor":8},{"not_picked":["Rainbow","Lockon"],"picked":"FTL","floor":10},{"not_picked":["Darkness","Streamline"],"picked":"Go for the Eyes","floor":11},{"not_picked":["Melter","Chaos"],"picked":"Go for the Eyes","floor":13},{"not_picked":["All For One","Reboot"],"picked":"Biased Cognition","floor":16},{"not_picked":["Compile Driver","Steam"],"picked":"Glacier","floor":18},{"not_picked":["Turbo","Force Field"],"picked":"Go for the Eyes","floor":20},{"not_picked":["Rebound","Redo+1"],"picked":"Stack","floor":21},{"not_picked":["Heatsinks","Go for the Eyes"],"picked":"Steam","floor":23},{"not_picked":["BootSequence","Capacitor"],"picked":"Glacier","floor":24},{"not_picked":["Go for the Eyes+1","White Noise"],"picked":"Barrage","floor":29},{"not_picked":["Steam","Gash"],"picked":"Glacier","floor":30},{"not_picked":["Compile Driver","Thunder Strike"],"picked":"Fusion+1","floor":31},{"not_picked":["Hyperbeam","Rainbow"],"picked":"Amplify","floor":33},{"not_picked":[],"picked":"Compile Driver+1","floor":35},{"not_picked":[],"picked":"Hologram","floor":36},{"not_picked":[],"picked":"Cold Snap+1","floor":38},{"not_picked":["Streamline"],"picked":"SKIP","floor":39},{"not_picked":["Leap"],"picked":"SKIP","floor":41},{"not_picked":[],"picked":"Secret Weapon","floor":44},{"not_picked":[],"picked":"Static Discharge+1","floor":54}],"player_experience":91599,"relics_obtained":[{"floor":7,"key":"Mango"},{"floor":9,"key":"Mercury Hourglass"},{"floor":10,"key":"Centennial Puzzle"},{"floor":24,"key":"Oddly Smooth Stone"},{"floor":26,"key":"The Courier"},{"floor":41,"key":"Ancient Tea Set"},{"floor":47,"key":"Unceasing Top"},{"floor":48,"key":"Cables"},{"floor":54,"key":"Bag of Marbles"}],"event_choices":[{"damage_healed":0,"gold_gain":75,"player_choice":"Touch","damage_taken":7,"max_hp_gain":0,"max_hp_loss":0,"event_name":"FaceTrader","floor":2,"gold_loss":0},{"damage_healed":0,"gold_gain":0,"player_choice":"Obtained Relic","damage_taken":0,"relics_obtained":["Regal Pillow"],"max_hp_gain":0,"max_hp_loss":0,"event_name":"Addict","floor":19,"gold_loss":85},{"damage_healed":0,"gold_gain":0,"player_choice":"Smashed Altar","damage_taken":0,"max_hp_gain":0,"max_hp_loss":0,"event_name":"Forgotten Altar","floor":25,"gold_loss":0,"cards_obtained":["Decay"]},{"damage_healed":0,"gold_gain":0,"player_choice":"Copied","damage_taken":0,"max_hp_gain":0,"max_hp_loss":0,"event_name":"Duplicator","floor":27,"gold_loss":0,"cards_obtained":["Defragment"]},{"damage_healed":0,"gold_gain":0,"player_choice":"Memory 1","damage_taken":0,"max_hp_gain":0,"max_hp_loss":0,"event_name":"SensoryStone","floor":44,"gold_loss":0},{"damage_healed":0,"gold_gain":0,"player_choice":"Fight","damage_taken":0,"max_hp_gain":0,"max_hp_loss":0,"event_name":"MindBloom","floor":47,"gold_loss":0}],"is_beta":false,"boss_relics":[{"not_picked":["Empty Cage","Runic Dome"],"picked":"Inserter"},{"not_picked":["Coffee Dripper","White Beast Statue"],"picked":"Busted Crown"}],"items_purged_floors":[28,37,53],"is_endless":false,"potions_floor_spawned":[1,7,11,18,23,30,31,33,36,41],"killed_by":"The Heart","ascension_level":3}