{"path_per_floor":["M","M","M","?","?","R","E","R","T","E","?","?","M","M","R","B",null,"M","$","M","?","M","R","E","R","T","M"],"character_chosen":"DEFECT","items_purchased":["Scrape"],"gold_per_floor":[110,125,138,213,213,213,244,244,271,298,363,463,477,493,493,596,596,613,501,517,517,537,537,594,594,594,605,605],"floor_reached":28,"campfire_rested":4,"playtime":1571,"item_purchase_floors":[19],"current_hp_per_floor":[80,83,82,71,64,64,46,72,72,54,37,37,28,19,45,10,87,79,79,50,50,17,43,4,30,30,12,0],"items_purged":["Strike_B"],"gold":605,"score":285,"play_id":"a6380677-f2f8-46d5-bd05-6c937a8266f5","local_time":"20180608225239","is_prod":false,"is_daily":false,"chose_seed":false,"is_ascension_mode":true,"campfire_upgraded":1,"win_rate":0,"timestamp":1528519959,"campfire_choices":[{"data":"Ball Lightning","floor":6,"key":"SMITH"},{"floor":8,"key":"REST"},{"floor":15,"key":"REST"},{"floor":23,"key":"REST"},{"floor":25,"key":"REST"}],"path_taken":["M","M","M","?","?","R","E","R","T","E","?","?","?","M","R","BOSS","M","$","M","?","M","R","E","R","T","M","?"],"build_version":"2018-06-07v3","seed_source_timestamp":795289152772981,"purchased_purges":1,"victory":false,"master_deck":["Strike_B+1","Strike_B+1","Defend_B","Defend_B","Defend_B","Defend_B","Zap","Dualcast","Ball Lightning+1","BootSequence","Redo","Consume","Static Discharge","Creative AI","Storm","Conserve Battery","Thunder Strike","Force Field","Scrape","Conserve Battery","Chill+1","Go for the Eyes"],"max_hp_per_floor":[82,87,87,87,87,87,87,87,87,87,87,87,87,87,87,87,87,87,87,87,87,87,87,87,87,87,87,87],"relics":["Cracked Core","Art of War","Whetstone","Sundial","Ornamental Fan","Inserter","Pen Nib","Tiny Chest","Lantern"],"card_choices":[{"not_picked":["FTL","Steam"],"picked":"Ball Lightning","floor":1},{"not_picked":["Force Field","Redo"],"picked":"BootSequence","floor":2},{"not_picked":["Rip and Tear","Barrage"],"picked":"Redo","floor":3},{"not_picked":["Rebound","Steam"],"picked":"Consume","floor":7},{"not_picked":["Hello World","Force Field"],"picked":"Static Discharge","floor":10},{"not_picked":["Chill","Compile Driver"],"picked":"Creative AI","floor":11},{"not_picked":["Ball Lightning","Rebound"],"picked":"Storm","floor":13},{"not_picked":["Gash","Steam Power"],"picked":"Conserve Battery","floor":14},{"not_picked":["Fission","Multi-Cast"],"picked":"Thunder Strike","floor":16},{"not_picked":["Chaos","Darkness+1"],"picked":"Force Field","floor":18},{"not_picked":["Steam","Stack"],"picked":"Conserve Battery","floor":20},{"not_picked":["Leap","Compile Driver"],"picked":"Chill+1","floor":22},{"not_picked":["FTL","Melter"],"picked":"Go for the Eyes","floor":24},{"not_picked":["Darkness","Steam+1","Aggregate"],"picked":"SKIP","floor":27}],"player_experience":870888,"potions_floor_usage":[2,7,16,16,24,28,28],"damage_taken":[{"damage":2,"enemies":"Small Slimes","floor":1,"turns":3},{"damage":2,"enemies":"Jaw Worm","floor":2,"turns":3},{"damage":1,"enemies":"Cultist","floor":3,"turns":3},{"damage":18,"enemies":"Gremlin Nob","floor":7,"turns":3},{"damage":18,"enemies":"3 Sentries","floor":10,"turns":4},{"damage":17,"enemies":"3 Sentries","floor":11,"turns":6},{"damage":9,"enemies":"2 Fungi Beasts","floor":13,"turns":3},{"damage":9,"enemies":"Large Slime","floor":14,"turns":5},{"damage":35,"enemies":"The Guardian","floor":16,"turns":8},{"damage":8,"enemies":"Chosen","floor":18,"turns":5},{"damage":29,"enemies":"3 Byrds","floor":20,"turns":2},{"damage":33,"enemies":"Snake Plant","floor":22,"turns":3},{"damage":39,"enemies":"Book of Stabbing","floor":24,"turns":6},{"damage":18,"enemies":"Centurion and Healer","floor":27,"turns":8},{"damage":13,"enemies":"3 Cultists","floor":28,"turns":3}],"relics_obtained":[{"floor":7,"key":"Art of War"},{"floor":9,"key":"Whetstone"},{"floor":10,"key":"Sundial"},{"floor":11,"key":"Ornamental Fan"},{"floor":24,"key":"Tiny Chest"},{"floor":26,"key":"Lantern"}],"event_choices":[{"event_name":"World of Goop","player_choice":"Gather Gold","floor":4,"damage_taken":0},{"event_name":"Golden Wing","player_choice":"Card Removal","floor":5,"damage_taken":0},{"event_name":"Dead Adventurer","player_choice":"Searched \u00271\u0027 times","floor":11,"damage_taken":0},{"event_name":"Golden Shrine","player_choice":"Pray","floor":12,"damage_taken":0},{"event_name":"The Mausoleum","player_choice":"Yes","floor":21,"damage_taken":0}],"boss_relics":[{"not_picked":["Velvet Choker","Nuclear Battery"],"picked":"Inserter"}],"items_purged_floors":[19],"potions_floor_spawned":[1,3,7,10,14,22,27],"seed_played":"2462561855712074510","killed_by":"3 Cultists","ascension_level":3,"potions_obtained":[{"floor":1,"key":"Fruit Juice"},{"floor":3,"key":"Poison Potion"},{"floor":7,"key":"Fire Potion"},{"floor":10,"key":"SpeedPotion"},{"floor":14,"key":"PowerPotion"},{"floor":22,"key":"AttackPotion"},{"floor":27,"key":"GamblersBrew"}],"is_trial":false}