{"gold_per_floor":[119,133,147,157,8,8,8,41,41,54,54,74,74,92,92,194,194,210,226,226,226,226,226,243,63,63,63,83,109,109,122,122,227,227,246,265,115,115,135,135,10,42,42,42,42,42,60,80,80,80],"floor_reached":50,"playtime":3836,"items_purged":["Defend_B","Strike_B","Strike_B"],"score":692,"play_id":"3a7da584-e3ec-432f-aabd-6770fb31fc22","local_time":"20180703225758","is_ascension_mode":true,"campfire_choices":[{"data":"Lockon","floor":7,"key":"SMITH"},{"data":"Dualcast","floor":11,"key":"SMITH"},{"floor":13,"key":"REST"},{"data":"Zap","floor":15,"key":"SMITH"},{"data":"Redo","floor":23,"key":"SMITH"},{"floor":30,"key":"REST"},{"floor":32,"key":"REST"},{"floor":40,"key":"REST"},{"floor":44,"key":"REST"},{"floor":49,"key":"REST"}],"neow_cost":"NONE","seed_source_timestamp":1740366489058194,"circlet_count":0,"master_deck":["Strike_B","Zap+1","Dualcast+1","Compile Driver","Go for the Eyes","Lockon+1","All For One","Darkness","Gash","Redo+1","Gash","Electrodynamics","Gash","Glacier","Swift Strike","Finesse","Chill","Gash+1","Gash","Fission","Conserve Battery","Beam Cell","Static Discharge","Blizzard+1","Redo+1","BootSequence","Barrage+1","FTL"],"relics":["Cracked Core","Orichalcum","Dream Catcher","Bottled Lightning","Empty Cage","Peace Pipe","Pear","Torii","DataDisk","Nuclear Battery","Omamori","Pantograph","Prayer Wheel"],"potions_floor_usage":[8,14,16,24,29,31,42,42,42,50,50],"damage_taken":[{"damage":3,"enemies":"Jaw Worm","floor":1,"turns":4},{"damage":1,"enemies":"Cultist","floor":2,"turns":3},{"damage":0,"enemies":"Small Slimes","floor":3,"turns":3},{"damage":15,"enemies":"Red Slaver","floor":4,"turns":3},{"damage":6,"enemies":"3 Sentries","floor":8,"turns":4},{"damage":0,"enemies":"2 Fungi Beasts","floor":10,"turns":3},{"damage":7,"enemies":"Blue Slaver","floor":12,"turns":2},{"damage":0,"enemies":"Large Slime","floor":14,"turns":4},{"damage":35,"enemies":"The Guardian","floor":16,"turns":6},{"damage":9,"enemies":"Shell Parasite","floor":18,"turns":3},{"damage":9,"enemies":"Chosen","floor":19,"turns":3},{"damage":2,"enemies":"Snecko","floor":24,"turns":3},{"damage":20,"enemies":"Centurion and Healer","floor":28,"turns":4},{"damage":24,"enemies":"Book of Stabbing","floor":29,"turns":5},{"damage":1,"enemies":"Snake Plant","floor":31,"turns":5},{"damage":35,"enemies":"Collector","floor":33,"turns":7},{"damage":13,"enemies":"3 Shapes","floor":35,"turns":3},{"damage":22,"enemies":"Orb Walker","floor":36,"turns":4},{"damage":0,"enemies":"3 Darklings","floor":39,"turns":2},{"damage":42,"enemies":"Giant Head","floor":42,"turns":7},{"damage":0,"floor":45,"turns":4},{"damage":15,"enemies":"Maw","floor":47,"turns":6},{"damage":21,"enemies":"4 Shapes","floor":48,"turns":4},{"damage":98,"enemies":"Time Eater","floor":50,"turns":7}],"seed_played":"-5017653394219125810","potions_obtained":[{"floor":4,"key":"Explosive Potion"},{"floor":8,"key":"Strength Potion"},{"floor":10,"key":"Swift Potion"},{"floor":12,"key":"GamblersBrew"},{"floor":14,"key":"Regen Potion"},{"floor":24,"key":"Block Potion"},{"floor":29,"key":"Fire Potion"},{"floor":33,"key":"PowerPotion"},{"floor":36,"key":"GamblersBrew"},{"floor":42,"key":"Poison Potion"},{"floor":47,"key":"Regen Potion"},{"floor":48,"key":"Dexterity Potion"}],"is_trial":false,"path_per_floor":["M","M","M","M","$","?","R","E","T","M","R","M","R","M","R","B",null,"M","M","?","?","?","R","M","$","T","?","M","E","R","M","R","B",null,"M","M","$","?","M","R","$","E","T","R","?","$","M","M","R"],"character_chosen":"DEFECT","items_purchased":["Orichalcum","Finesse","Beam Cell"],"campfire_rested":6,"item_purchase_floors":[5,25,37],"current_hp_per_floor":[65,64,64,49,49,42,42,36,36,36,36,29,51,51,51,16,60,51,42,42,42,42,42,49,49,59,59,39,15,40,39,64,29,71,58,36,36,36,36,61,61,19,19,44,69,69,54,33,58,0],"gold":80,"neow_bonus":"REMOVE_CARD","is_prod":false,"is_daily":false,"chose_seed":false,"campfire_upgraded":4,"win_rate":0,"timestamp":1530680278,"path_taken":["M","M","M","M","$","?","R","E","T","?","R","M","R","M","R","BOSS","M","M","?","?","?","R","M","$","T","?","M","E","R","M","R","BOSS","M","M","$","?","M","R","?","E","T","R","?","$","M","?","R","BOSS"],"build_version":"2018-06-28","purchased_purges":3,"victory":false,"max_hp_per_floor":[75,75,75,75,75,75,75,75,75,75,75,75,75,75,75,75,75,75,75,75,75,75,75,75,75,85,85,85,85,85,85,85,85,85,85,85,85,85,85,85,85,85,85,85,85,85,85,85,85,85],"card_choices":[{"not_picked":["Streamline","Go for the Eyes"],"picked":"Compile Driver","floor":1},{"not_picked":["Rebound","Lockon"],"picked":"Go for the Eyes","floor":2},{"not_picked":["Gash","Force Field","Leap"],"picked":"SKIP","floor":3},{"not_picked":["Leap","Hologram"],"picked":"Lockon","floor":4},{"not_picked":["Go for the Eyes","Sunder"],"picked":"All For One","floor":8},{"not_picked":["Undo","Hologram"],"picked":"Darkness","floor":10},{"not_picked":["Leap","Ball Lightning"],"picked":"Gash","floor":12},{"not_picked":["Stack","Compile Driver"],"picked":"Redo","floor":13},{"not_picked":["Go for the Eyes","Beam Cell"],"picked":"Gash","floor":14},{"not_picked":["Machine Learning","Seek"],"picked":"Electrodynamics","floor":16},{"not_picked":["Compile Driver","Sweeping Beam"],"picked":"Gash","floor":18},{"not_picked":["Hello World","Streamline"],"picked":"Glacier","floor":19},{"not_picked":["Cold Snap","Barrage+1","Streamline"],"picked":"SKIP","floor":24},{"not_picked":["Sunder","Rebound"],"picked":"Chill","floor":28},{"not_picked":["Ball Lightning","Sunder+1"],"picked":"Conserve Battery+1","floor":29},{"not_picked":["Compile Driver","Aggregate"],"picked":"Gash+1","floor":31},{"not_picked":["Ball Lightning+1","Sunder"],"picked":"Gash","floor":32},{"not_picked":["All For One","Machine Learning"],"picked":"Fission","floor":33},{"not_picked":["Steam Power","Skim+1","Cold Snap+1"],"picked":"SKIP","floor":35},{"not_picked":["Gash","Chill"],"picked":"Conserve Battery","floor":36},{"not_picked":["Rebound","Conserve Battery","Barrage+1"],"picked":"SKIP","floor":39},{"not_picked":["Double Energy+1","Auto Shields","Steam Power"],"picked":"SKIP","floor":42},{"not_picked":["Glacier+1","Undo+1"],"picked":"Static Discharge","floor":45},{"not_picked":["Reboot","Gash"],"picked":"Blizzard+1","floor":47},{"not_picked":["Gash","Heatsinks+1"],"picked":"Redo+1","floor":47},{"not_picked":["Fusion+1","Auto Shields"],"picked":"BootSequence","floor":48},{"not_picked":["Sweeping Beam","Stack"],"picked":"Barrage+1","floor":48},{"not_picked":["Darkness+1","Doom and Gloom+1"],"picked":"FTL","floor":49}],"player_experience":901757,"relics_obtained":[{"floor":8,"key":"Dream Catcher"},{"floor":9,"key":"Bottled Lightning"},{"floor":26,"key":"Pear"},{"floor":29,"key":"DataDisk"},{"floor":42,"key":"Omamori"},{"floor":43,"key":"Pantograph"},{"floor":45,"key":"Prayer Wheel"}],"event_choices":[{"event_name":"Golden Wing","player_choice":"Card Removal","floor":6,"damage_taken":0},{"event_name":"Match and Keep!","player_choice":"1 cards matched","floor":20,"damage_taken":0},{"event_name":"The Woman in Blue","player_choice":"Bought 0 Potions","floor":21,"damage_taken":0},{"event_name":"The Mausoleum","player_choice":"Yes","floor":22,"damage_taken":0},{"event_name":"Accursed Blacksmith","player_choice":"Rummage","floor":27,"damage_taken":0},{"event_name":"Falling","player_choice":"Removed Skill","floor":38,"damage_taken":0},{"event_name":"MindBloom","player_choice":"Fight","floor":45,"damage_taken":0}],"boss_relics":[{"not_picked":["Runic Dome","Busted Crown"],"picked":"Empty Cage"},{"not_picked":["Fusion Hammer","Coffee Dripper"],"picked":"Nuclear Battery"}],"items_purged_floors":[25,37,41],"is_endless":false,"potions_floor_spawned":[4,8,10,12,14,24,29,33,36,42,47,48],"killed_by":"Time Eater","ascension_level":7}