{"gold_per_floor":[119,135,145,145,145,145,170,170,223,237,256,24,55,66,66,170,170,183,183,198,1,15,15,44,60,60,60,71,99,99,118,118,220,220,238,248,248,258,258,258,273,273,299,325,337,337,297,307,307,307,307,307,14,42,42],"floor_reached":55,"playtime":6480,"items_purged":["Strike_G"],"score":896,"play_id":"94c15194-9b78-43d7-b403-0753226576c6","local_time":"20190309213651","is_ascension_mode":true,"campfire_choices":[{"data":"Caltrops","floor":6.0,"key":"SMITH"},{"data":"Dash","floor":8.0,"key":"SMITH"},{"floor":15.0,"key":"REST"},{"data":"Footwork","floor":23.0,"key":"SMITH"},{"floor":27.0,"key":"REST"},{"data":"Leg Sweep","floor":32.0,"key":"SMITH"},{"floor":40,"key":"REST"},{"floor":42,"key":"RECALL"},{"floor":46,"key":"REST"},{"floor":49,"key":"REST"},{"data":"Phantasmal Killer","floor":52,"key":"SMITH"}],"neow_cost":"NONE","seed_source_timestamp":0,"circlet_count":0,"master_deck":["Survivor+1","Neutralize+1","Caltrops+1","Backstab+1","Dash+1","Acrobatics","Cloak And Dagger","Footwork+1","Skewer","Leg Sweep+1","After Image+1","Calculated Gamble","Dodge and Roll+1","Quick Slash+1","Adrenaline","PiercingWail+1","Leg Sweep+1","Night Terror","Burst","Deadly Poison","Unload","Footwork","Footwork","Phantasmal Killer+1","Tools of the Trade","Bane","Slice","Well Laid Plans","Heel Hook","Neutralize","Dagger Throw","Glass Knife","Backflip+1","Cloak And Dagger+1"],"special_seed":0,"relics":["Ring of the Snake","NeowsBlessing","Ancient Tea Set","Matryoshka","Tiny Chest","Regal Pillow","Oddly Smooth Stone","Bronze Scales","Philosopher\u0027s Stone","MutagenicStrength","OrangePellets","Whetstone","Singing Bowl","Darkstone Periapt","Pandora\u0027s Box","Happy Flower","Snake Skull","Lantern","Orichalcum","Strawberry"],"potions_floor_usage":[38,45,55,55],"damage_taken":[{"damage":0.0,"enemies":"Cultist","floor":1.0,"turns":1.0},{"damage":0.0,"enemies":"Jaw Worm","floor":2.0,"turns":1.0},{"damage":0.0,"enemies":"2 Louse","floor":3.0,"turns":1.0},{"damage":5.0,"enemies":"3 Sentries","floor":7.0,"turns":8.0},{"damage":0.0,"enemies":"Blue Slaver","floor":10.0,"turns":2.0},{"damage":5.0,"enemies":"Gremlin Gang","floor":11.0,"turns":4.0},{"damage":27.0,"enemies":"Gremlin Nob","floor":13.0,"turns":5.0},{"damage":0.0,"enemies":"3 Louse","floor":14.0,"turns":2.0},{"damage":7.0,"enemies":"Hexaghost","floor":16.0,"turns":11.0},{"damage":3.0,"enemies":"Spheric Guardian","floor":18.0,"turns":5.0},{"damage":0.0,"enemies":"Shell Parasite","floor":20.0,"turns":5.0},{"damage":24.0,"enemies":"Shelled Parasite and Fungi","floor":22.0,"turns":4.0},{"damage":25.0,"enemies":"Slavers","floor":24.0,"turns":6.0},{"damage":2.0,"enemies":"3 Cultists","floor":25.0,"turns":5.0},{"damage":0.0,"enemies":"Snake Plant","floor":28.0,"turns":2.0},{"damage":0.0,"enemies":"Book of Stabbing","floor":29.0,"turns":5.0},{"damage":0.0,"enemies":"Centurion and Healer","floor":31.0,"turns":8.0},{"damage":33.0,"enemies":"Automaton","floor":33.0,"turns":13.0},{"damage":37,"enemies":"3 Darklings","floor":35,"turns":5},{"damage":11,"enemies":"Orb Walker","floor":36,"turns":2},{"damage":7,"enemies":"Writhing Mass","floor":38,"turns":6},{"damage":6,"enemies":"3 Darklings","floor":41,"turns":5},{"damage":28,"enemies":"Reptomancer","floor":44,"turns":6},{"damage":22,"enemies":"Transient","floor":45,"turns":5},{"damage":0,"enemies":"Spire Growth","floor":48,"turns":4},{"damage":26,"enemies":"Awakened One","floor":50,"turns":16},{"damage":33,"enemies":"Shield and Spear","floor":54,"turns":8},{"damage":64,"enemies":"The Heart","floor":55,"turns":8}],"seed_played":"512635461255271207","potions_obtained":[{"floor":1.0,"key":"EssenceOfSteel"},{"floor":7.0,"key":"SkillPotion"},{"floor":10.0,"key":"AttackPotion"},{"floor":11.0,"key":"Strength Potion"},{"floor":24.0,"key":"SkillPotion"},{"floor":29.0,"key":"Swift Potion"},{"floor":45,"key":"Swift Potion"},{"floor":48,"key":"FairyPotion"}],"is_trial":false,"path_per_floor":["M","M","M","?","?","R","E","R","T","M","M","$","E","M","R","B",null,"M","?","M","$","M","R","E","M","T","R","M","E","$","M","R","B",null,"M","M","?","M","?","R","M","R","T","E","M","R","?","M","R","B",null,"R","$","E","B"],"character_chosen":"THE_SILENT","items_purchased":["Oddly Smooth Stone","OrangePellets","Lantern","Orichalcum"],"campfire_rested":5,"item_purchase_floors":[12,21,53,53],"current_hp_per_floor":[70,70,70,58,44,44,39,39,39,39,34,34,7,7,43,36,70,67,67,67,67,43,43,18,16,16,52,52,54,54,54,54,21,72,35,26,26,21,21,58,52,52,52,24,2,39,39,41,78,52,78,78,78,52,0],"gold":42,"neow_bonus":"THREE_ENEMY_KILL","is_prod":false,"is_daily":false,"chose_seed":false,"campfire_upgraded":5,"win_rate":0,"timestamp":1552192611,"path_taken":["M","M","M","?","?","R","E","R","T","M","M","$","E","M","R","BOSS","M","?","M","$","M","R","E","M","T","R","M","E","$","M","R","BOSS","M","M","?","?","?","R","?","R","T","E","M","R","?","M","R","BOSS","R","$","E","BOSS"],"build_version":"2019-01-23","purchased_purges":1,"victory":false,"max_hp_per_floor":[70,70,70,70,70,70,70,70,70,70,70,70,70,70,70,70,70,70,70,70,70,70,70,70,70,70,70,70,72,72,72,72,72,72,72,74,74,76,76,76,76,76,76,76,76,76,76,78,78,78,78,78,78,85,85],"card_choices":[{"not_picked":["Blade Dance","Sucker Punch"],"picked":"Caltrops","floor":1.0},{"not_picked":["Dagger Spray","Flechettes"],"picked":"Backstab","floor":2.0},{"not_picked":["Backflip","Distraction"],"picked":"Dash","floor":3.0},{"not_picked":["Deflect","Dagger Spray"],"picked":"Acrobatics","floor":7.0},{"not_picked":["Quick Slash","Poisoned Stab"],"picked":"Cloak And Dagger","floor":10.0},{"not_picked":["Dagger Throw","Dodge and Roll"],"picked":"Footwork","floor":11.0},{"not_picked":["Quick Slash","Choke"],"picked":"Skewer","floor":13.0},{"not_picked":["Outmaneuver","Envenom"],"picked":"Leg Sweep","floor":14.0},{"not_picked":["Envenom","Storm of Steel"],"picked":"After Image","floor":16.0},{"not_picked":["Bouncing Flask","Sucker Punch"],"picked":"Calculated Gamble","floor":18.0},{"not_picked":["Riddle With Holes","Calculated Gamble"],"picked":"Dodge and Roll+1","floor":20.0},{"not_picked":["Blade Dance+1","Acrobatics"],"picked":"Quick Slash+1","floor":22.0},{"not_picked":["Underhanded Strike+1","Flechettes"],"picked":"Adrenaline","floor":24.0},{"not_picked":["Deflect+1","Dodge and Roll"],"picked":"PiercingWail+1","floor":25.0},{"not_picked":["Dagger Throw","Escape Plan"],"picked":"Leg Sweep+1","floor":28.0},{"not_picked":["Flying Knee","Blade Dance","Riddle With Holes+1"],"picked":"Singing Bowl","floor":29.0},{"not_picked":["Dodge and Roll","PiercingWail"],"picked":"Night Terror","floor":31.0},{"not_picked":["Grand Finale","Doppelganger"],"picked":"Burst","floor":33.0},{"not_picked":["Blade Dance","Outmaneuver"],"picked":"Heel Hook","floor":35},{"not_picked":["All Out Attack+1","Outmaneuver","Poisoned Stab+1"],"picked":"Singing Bowl","floor":36},{"not_picked":["Acrobatics","Bane","Flying Knee+1"],"picked":"Singing Bowl","floor":38},{"not_picked":["Tactician","Well Laid Plans"],"picked":"Dagger Throw","floor":41},{"not_picked":["Deflect+1","All Out Attack+1"],"picked":"Glass Knife","floor":44},{"not_picked":["Deflect+1","Dodge and Roll"],"picked":"Backflip+1","floor":45},{"not_picked":["Riddle With Holes","Deadly Poison+1","Masterful Stab+1"],"picked":"Singing Bowl","floor":48},{"not_picked":["Accuracy","Slice+1"],"picked":"Cloak And Dagger+1","floor":54}],"player_experience":79127,"relics_obtained":[{"floor":7.0,"key":"Matryoshka"},{"floor":9.0,"key":"Tiny Chest"},{"floor":9.0,"key":"Regal Pillow"},{"floor":13.0,"key":"Bronze Scales"},{"floor":24.0,"key":"Whetstone"},{"floor":26.0,"key":"Singing Bowl"},{"floor":29.0,"key":"Darkstone Periapt"},{"floor":43,"key":"Happy Flower"},{"floor":44,"key":"Snake Skull"},{"floor":54,"key":"Strawberry"}],"event_choices":[{"damage_healed":0.0,"max_hp_gain":0.0,"max_hp_loss":0.0,"gold_gain":0.0,"event_name":"Scrap Ooze","player_choice":"Success","floor":4.0,"gold_loss":0.0,"damage_taken":12.0,"relics_obtained":["Ancient Tea Set"]},{"damage_healed":0.0,"max_hp_gain":0.0,"max_hp_loss":0.0,"gold_gain":0.0,"event_name":"Shining Light","player_choice":"Entered Light","floor":5.0,"gold_loss":0.0,"damage_taken":14.0,"cards_upgraded":["Survivor","Strike_G"]},{"damage_healed":0.0,"max_hp_gain":0.0,"max_hp_loss":0.0,"gold_gain":0.0,"event_name":"Drug Dealer","player_choice":"Inject Mutagens","floor":19.0,"gold_loss":0.0,"damage_taken":0.0,"relics_obtained":["MutagenicStrength"]},{"damage_healed":0,"gold_gain":0,"player_choice":"Bought 0 Potions","damage_taken":0,"max_hp_gain":0,"max_hp_loss":0,"event_name":"The Woman in Blue","floor":37,"gold_loss":0},{"damage_healed":0,"gold_gain":0,"player_choice":"1 cards matched","damage_taken":0,"max_hp_gain":0,"max_hp_loss":0,"event_name":"Match and Keep!","floor":39,"gold_loss":0,"cards_obtained":["Neutralize"]},{"damage_healed":0,"gold_gain":0,"player_choice":"Upgraded Two","damage_taken":0,"max_hp_gain":0,"max_hp_loss":0,"event_name":"Designer","floor":47,"gold_loss":40,"cards_upgraded":["Neutralize","After Image"]}],"is_beta":false,"boss_relics":[{"not_picked":["HoveringKite","Lizard Tail"],"picked":"Philosopher\u0027s Stone"},{"not_picked":["Orrery","White Beast Statue"],"picked":"Pandora\u0027s Box"}],"items_purged_floors":[12],"is_endless":false,"potions_floor_spawned":[1,7,10,11,14,24,29,33,36,45,48],"killed_by":"The Heart","ascension_level":4}