{"path_per_floor":["M","M","?","M","M","R","E","R","T","?","M","M","M","M","R","B",null,"M","M","$","M","?","R","E","R","T","E","R","?","M","?","R","B",null,"M","?","$","M","M","R","$","E","T"],"character_chosen":"DEFECT","items_purchased":["Pen Nib","Tempest","Mummified Hand","Self Repair","Magnetism"],"gold_per_floor":[19,38,38,56,76,76,114,114,163,113,133,157,178,203,203,323,323,346,367,57,75,75,75,110,110,164,207,207,207,225,148,148,272,272,285,618,29,39,57,57,57,84,84,84],"floor_reached":44,"campfire_rested":5,"playtime":2808,"item_purchase_floors":[20,20,37,37,37],"current_hp_per_floor":[68,68,50,50,47,47,45,67,74,74,71,68,62,62,82,61,77,76,76,76,72,72,72,49,73,73,68,68,68,58,58,82,57,76,51,51,51,51,37,76,76,60,60,0],"items_purged":["Strike_B","Defend_B"],"gold":84,"score":697,"play_id":"7966f878-1603-4b7c-bf03-090b36c2123a","local_time":"20180522001748","is_prod":false,"is_daily":false,"chose_seed":false,"is_ascension_mode":true,"campfire_upgraded":3,"timestamp":1526969868,"campfire_choices":[{"data":"Static Discharge","floor":6,"key":"SMITH"},{"floor":8,"key":"REST"},{"floor":15,"key":"REST"},{"data":"Self Repair","floor":23,"key":"SMITH"},{"floor":25,"key":"REST"},{"data":"Defragment","floor":28,"key":"SMITH"},{"floor":32,"key":"REST"},{"floor":40,"key":"REST"}],"path_taken":["M","M","?","M","M","R","E","R","T","?","?","M","M","M","R","BOSS","M","M","$","M","?","R","E","R","T","E","R","?","M","?","R","BOSS","M","?","$","M","M","R","?","E","T","E"],"build_version":"2018-05-18","seed_source_timestamp":1047258256653978,"purchased_purges":2,"victory":false,"master_deck":["Defend_B","Defend_B","Zap","Dualcast","Streamline","Cold Snap","Static Discharge+1","Undo","Multi-Cast","Blizzard","Consume","Melter","Chill","Electrodynamics","Sweeping Beam+1","Cold Snap","Tempest","Self Repair+1","Defragment+1","Capacitor","Writhe","Go for the Eyes","J.A.X.","Echo Form","Conserve Battery+1","FTL+1","Rainbow+1","Self Repair","Magnetism","Beam Cell","Cold Snap+1","Barrage+1"],"max_hp_per_floor":[75,75,75,75,75,75,75,75,82,82,82,82,82,82,82,82,82,82,82,82,82,82,82,82,82,82,82,82,82,82,82,82,82,82,82,82,82,82,82,82,82,82,82,82],"relics":["Cracked Core","Thread and Needle","Dodecahedron","Strawberry","Sozu","Pen Nib","DataDisk","Bronze Scales","Symbiotic Virus","Regal Pillow","Astrolabe","Mummified Hand","Ancient Tea Set","Turnip"],"card_choices":[{"not_picked":["Force Field","Stack"],"picked":"Streamline","floor":1},{"not_picked":["Skim","Chaos"],"picked":"Cold Snap","floor":2},{"not_picked":["Reprogram","Cold Snap"],"picked":"Static Discharge","floor":4},{"not_picked":["Stack","Steam"],"picked":"Undo","floor":5},{"not_picked":["Coolheaded","Beam Cell"],"picked":"Multi-Cast","floor":7},{"not_picked":["Axe Kick","Gash"],"picked":"Blizzard","floor":11},{"not_picked":["Streamline","Steam"],"picked":"Consume","floor":12},{"not_picked":["Steam","Coolheaded"],"picked":"Melter","floor":13},{"not_picked":["Scrape","Capacitor"],"picked":"Chill","floor":14},{"not_picked":["Buffer","All For One"],"picked":"Electrodynamics","floor":16},{"not_picked":["Skim","Leap"],"picked":"Sweeping Beam+1","floor":18},{"not_picked":["Axe Kick","Recycle"],"picked":"Cold Snap","floor":19},{"not_picked":["All For One","Turbo+1","Sweeping Beam"],"picked":"SKIP","floor":21},{"not_picked":["Auto Shields+1","Turbo"],"picked":"Defragment","floor":24},{"not_picked":["Skim","Leap+1"],"picked":"Capacitor","floor":27},{"not_picked":["Ball Lightning","Blizzard"],"picked":"Go for the Eyes","floor":30},{"not_picked":["All For One","Machine Learning"],"picked":"Echo Form","floor":33},{"not_picked":["Axe Kick+1","Turbo","Coolheaded"],"picked":"SKIP","floor":35},{"not_picked":["Steam Power","Steam"],"picked":"Beam Cell","floor":38},{"not_picked":["Hologram+1","Rebound+1"],"picked":"Cold Snap+1","floor":39},{"not_picked":["Redo+1","Rip and Tear+1"],"picked":"Barrage+1","floor":42}],"player_experience":150355,"potions_floor_usage":[7,18,27,27],"damage_taken":[{"damage":0,"enemies":"Cultist","floor":1,"turns":3},{"damage":0,"enemies":"Small Slimes","floor":2,"turns":3},{"damage":0,"enemies":"2 Louse","floor":4,"turns":2},{"damage":3,"enemies":"Looter","floor":5,"turns":3},{"damage":2,"enemies":"3 Sentries","floor":7,"turns":5},{"damage":3,"enemies":"Exordium Thugs","floor":11,"turns":4},{"damage":3,"enemies":"Blue Slaver","floor":12,"turns":3},{"damage":6,"enemies":"Looter","floor":13,"turns":3},{"damage":0,"enemies":"Large Slime","floor":14,"turns":5},{"damage":21,"enemies":"The Guardian","floor":16,"turns":9},{"damage":1,"enemies":"3 Byrds","floor":18,"turns":5},{"damage":0,"enemies":"Spheric Guardian","floor":19,"turns":1},{"damage":4,"enemies":"3 Cultists","floor":21,"turns":3},{"damage":33,"enemies":"Slavers","floor":24,"turns":5},{"damage":15,"enemies":"Gremlin Leader","floor":27,"turns":7},{"damage":10,"enemies":"Snake Plant","floor":30,"turns":3},{"damage":35,"enemies":"Automaton","floor":33,"turns":10},{"damage":25,"enemies":"Flame Bruiser 1 Orb","floor":35,"turns":3},{"damage":17,"enemies":"3 Darklings","floor":38,"turns":3},{"damage":14,"enemies":"Sphere and 2 Shapes","floor":39,"turns":3},{"damage":36,"enemies":"2 Orb Walkers","floor":42,"turns":3},{"damage":66,"enemies":"Giant Head","floor":44,"turns":8}],"relics_obtained":[{"floor":7,"key":"Dodecahedron"},{"floor":9,"key":"Strawberry"},{"floor":24,"key":"DataDisk"},{"floor":26,"key":"Bronze Scales"},{"floor":27,"key":"Symbiotic Virus"},{"floor":42,"key":"Ancient Tea Set"},{"floor":43,"key":"Turnip"}],"event_choices":[{"event_name":"Golden Idol","player_choice":"Take Damage","floor":3,"damage_taken":0},{"event_name":"The Cleric","player_choice":"Card Removal","floor":10,"damage_taken":0},{"event_name":"The Library","player_choice":"Read","floor":22,"damage_taken":0},{"event_name":"The Mausoleum","player_choice":"Yes","floor":29,"damage_taken":0},{"event_name":"Drug Dealer","player_choice":"Got JAXXED","floor":31,"damage_taken":0},{"event_name":"The Moai Head","player_choice":"Gave Idol","floor":36,"damage_taken":0}],"boss_relics":[{"not_picked":["Runic Pyramid","White Beast Statue"],"picked":"Sozu"},{"not_picked":["Tiny House","Calling Bell"],"picked":"Astrolabe"}],"items_purged_floors":[20,37],"potions_floor_spawned":[1,2,5,12,14,19,21,30,35,38],"seed_played":"-3695781177878964980","killed_by":"Giant Head","ascension_level":8,"potions_obtained":[{"floor":1,"key":"Weak Potion"},{"floor":2,"key":"LiquidBronze"},{"floor":5,"key":"Dexterity Potion"},{"floor":12,"key":"SneckoOil"},{"floor":14,"key":"GamblersBrew"}],"is_trial":false}