{"gold_per_floor":[115,115,125,151,101,114,133,133,133,143,143,177,177,92,92,167,167,183,183,183,203,118,118],"floor_reached":23,"playtime":1138,"items_purged":["Strike_B","Strike_B"],"score":321,"play_id":"24e24af7-48ba-4fcd-820b-5ee1f92bcfd9","local_time":"20190206201040","is_ascension_mode":true,"campfire_choices":[{"data":"Fission","floor":8,"key":"SMITH"},{"floor":11,"key":"REST"},{"floor":13,"key":"REST"},{"floor":15,"key":"REST"}],"neow_cost":"NONE","seed_source_timestamp":1646522668877188,"circlet_count":0,"master_deck":["AscendersBane","Strike_B","Strike_B+1","Defend_B","Defend_B","Defend_B","Defend_B+1","Zap","Dualcast","Fission+1","Tempest","Capacitor","Defragment","Reinforced Body","Doom and Gloom","Ball Lightning","Melter","Rainbow","Compile Driver","RitualDagger","White Noise"],"relics":["Cracked Core","Smiling Mask","Bottled Flame","Oddly Smooth Stone","Eternal Feather","Mercury Hourglass"],"potions_floor_usage":[7,12,16,23,23],"damage_taken":[{"damage":10,"enemies":"Small Slimes","floor":1,"turns":4},{"damage":4,"enemies":"Jaw Worm","floor":3,"turns":2},{"damage":1,"enemies":"Cultist","floor":6,"turns":4},{"damage":5,"enemies":"3 Louse","floor":7,"turns":4},{"damage":7,"enemies":"2 Fungi Beasts","floor":10,"turns":3},{"damage":32,"enemies":"Lagavulin","floor":12,"turns":6},{"damage":18,"enemies":"Slime Boss","floor":16,"turns":5},{"damage":19,"enemies":"Chosen","floor":18,"turns":6},{"damage":27,"enemies":"3 Byrds","floor":21,"turns":4},{"damage":37,"enemies":"Book of Stabbing","floor":23,"turns":4}],"seed_played":"265462299545752912","potions_obtained":[{"floor":1,"key":"SkillPotion"},{"floor":6,"key":"Dexterity Potion"},{"floor":7,"key":"Regen Potion"},{"floor":16,"key":"Fire Potion"},{"floor":21,"key":"Poison Potion"}],"is_trial":false,"path_per_floor":["M","?","M","T","$","M","M","R","T","M","R","E","R","$","R","B",null,"M","?","?","M","?","E"],"character_chosen":"DEFECT","items_purchased":["Melter"],"campfire_rested":3,"item_purchase_floors":[14],"current_hp_per_floor":[54,40,36,36,36,35,30,30,30,23,44,27,48,48,69,51,66,47,70,64,37,37,0],"gold":118,"neow_bonus":"ONE_RANDOM_RARE_CARD","is_prod":false,"is_daily":false,"chose_seed":false,"campfire_upgraded":1,"win_rate":0,"timestamp":1549509040,"path_taken":["M","?","M","?","$","M","?","R","T","M","R","E","R","?","R","BOSS","M","?","?","M","?","E"],"build_version":"2019-01-23","purchased_purges":2,"victory":false,"max_hp_per_floor":[71,71,71,71,71,71,71,71,71,71,71,71,71,71,71,71,71,71,71,71,71,71,71],"card_choices":[{"not_picked":["Heatsinks","Double Energy"],"picked":"Tempest","floor":1},{"not_picked":["Cold Snap","Conserve Battery"],"picked":"Capacitor","floor":3},{"not_picked":["Redo","Turbo"],"picked":"Defragment","floor":6},{"not_picked":["Go for the Eyes","Cold Snap"],"picked":"Reinforced Body","floor":7},{"not_picked":["Loop","Tempest"],"picked":"Doom and Gloom","floor":10},{"not_picked":["Beam Cell","Leap"],"picked":"Ball Lightning","floor":12},{"not_picked":["Machine Learning","Amplify"],"picked":"Rainbow","floor":16},{"not_picked":["Tempest","Barrage"],"picked":"Compile Driver","floor":18},{"not_picked":["Consume","Hologram"],"picked":"White Noise","floor":21}],"player_experience":990705,"relics_obtained":[{"floor":4,"key":"Smiling Mask"},{"floor":9,"key":"Bottled Flame"},{"floor":12,"key":"Oddly Smooth Stone"}],"event_choices":[{"damage_healed":0,"gold_gain":0,"player_choice":"Entered Light","damage_taken":14,"max_hp_gain":0,"max_hp_loss":0,"event_name":"Shining Light","floor":2,"gold_loss":0,"cards_upgraded":["Strike_B","Defend_B"]},{"damage_healed":23,"gold_gain":0,"player_choice":"Heal","damage_taken":0,"max_hp_gain":0,"max_hp_loss":0,"event_name":"The Library","floor":19,"gold_loss":0},{"damage_healed":0,"gold_gain":0,"player_choice":"Joined the Cult","damage_taken":6,"max_hp_gain":0,"max_hp_loss":0,"event_name":"Nest","floor":20,"gold_loss":0,"cards_obtained":["RitualDagger"]},{"damage_healed":0,"gold_gain":0,"player_choice":"Obtained Relic","damage_taken":0,"relics_obtained":["Mercury Hourglass"],"max_hp_gain":0,"max_hp_loss":0,"event_name":"Addict","floor":22,"gold_loss":85}],"is_beta":false,"boss_relics":[{"not_picked":["Inserter","Lizard Tail"],"picked":"Eternal Feather"}],"items_purged_floors":[5,14],"is_endless":false,"potions_floor_spawned":[1,6,7,16,21],"killed_by":"Book of Stabbing","ascension_level":14}