{"path_per_floor":["M","M","M","M","$","R","M","?","T","R","M","M","R","M","R","B",null,"M","M","M","?","M","R","E","M","T","M","R"],"character_chosen":"DEFECT","items_purchased":["Panache"],"gold_per_floor":[215,234,251,264,4,4,21,21,21,21,39,54,54,72,72,196,196,215,235,249,172,192,192,230,250,250,274,274,274],"floor_reached":29,"campfire_rested":2,"playtime":1562,"current_hp_per_floor":[74,74,65,58,58,58,51,51,51,51,48,48,48,42,42,20,69,45,40,33,33,13,33,30,27,27,1,21,0],"items_purged":["Strike_B"],"gold":274,"score":322,"play_id":"8a42f75f-9fe8-428b-8eae-5f5439fcef21","local_time":"20180513202343","is_prod":false,"is_daily":false,"chose_seed":false,"is_ascension_mode":true,"campfire_upgraded":4,"timestamp":1526264623,"path_taken":["M","M","?","M","$","R","M","?","T","R","M","M","R","M","R","BOSS","M","M","M","?","?","R","E","M","T","M","R","E"],"build_version":"2018-05-12v2","seed_source_timestamp":343247354658714,"purchased_purges":1,"victory":false,"master_deck":["Strike_B","Strike_B","Strike_B","Defend_B","Defend_B","Defend_B","Defend_B","Zap+1","Dualcast+1","Ball Lightning","Barrage","Panache","Beam Cell","Beam Cell","Undo+1","Machine Learning+1","Machine Learning","Steam+1","Heatsinks","Recycle+1","J.A.X.","Machine Learning","Go for the Eyes","Beam Cell","Heatsinks"],"max_hp_per_floor":[75,75,75,75,75,75,75,69,69,69,69,69,69,69,69,69,69,69,69,69,69,69,69,69,69,69,69,69,69],"relics":["Cracked Core","Golden Idol","Gremlin Horn","Nuclear Battery","Centennial Puzzle","Happy Flower"],"card_choices":[{"not_picked":["Stack","Glacier","Barrage"],"picked":"SKIP","floor":1},{"not_picked":["Darkness","Stack"],"picked":"Ball Lightning","floor":2},{"not_picked":["Rebound","Capacitor","Impulse"],"picked":"SKIP","floor":3},{"not_picked":["Heatsinks","Hologram"],"picked":"Barrage","floor":4},{"not_picked":["Chaos","BootSequence"],"picked":"Beam Cell","floor":7},{"not_picked":["Skim","Steam"],"picked":"Beam Cell","floor":11},{"not_picked":["Sweeping Beam","Skim"],"picked":"Undo","floor":12},{"not_picked":["Leap","Force Field"],"picked":"Machine Learning","floor":14},{"not_picked":["Fission","Nova"],"picked":"Machine Learning","floor":16},{"not_picked":["Beam Cell","Chill"],"picked":"Steam+1","floor":18},{"not_picked":["Stack+1","Impulse"],"picked":"Heatsinks","floor":19},{"not_picked":["Beam Cell+1","Hello World"],"picked":"Recycle+1","floor":20},{"not_picked":["Skim","Redo"],"picked":"Machine Learning","floor":22},{"not_picked":["Turbo","Doom and Gloom"],"picked":"Go for the Eyes","floor":24},{"not_picked":["Capacitor","Skim"],"picked":"Beam Cell","floor":25},{"not_picked":["Chaos","Streamline"],"picked":"Heatsinks","floor":27}],"player_experience":110985,"potions_floor_usage":[4,16,18,27,29,29],"damage_taken":[{"damage":1,"enemies":"Cultist","floor":1,"turns":3},{"damage":0,"enemies":"2 Louse","floor":2,"turns":3},{"damage":9,"enemies":"Small Slimes","floor":3,"turns":3},{"damage":7,"enemies":"Exordium Wildlife","floor":4,"turns":4},{"damage":7,"enemies":"2 Fungi Beasts","floor":7,"turns":3},{"damage":3,"enemies":"Exordium Thugs","floor":11,"turns":3},{"damage":0,"enemies":"Gremlin Gang","floor":12,"turns":2},{"damage":6,"enemies":"Looter","floor":14,"turns":2},{"damage":23,"enemies":"Hexaghost","floor":16,"turns":7},{"damage":24,"enemies":"Spheric Guardian","floor":18,"turns":4},{"damage":27,"enemies":"2 Thieves","floor":19,"turns":3},{"damage":16,"enemies":"Centurion and Healer","floor":20,"turns":5},{"damage":20,"enemies":"Sentry and Sphere","floor":22,"turns":4},{"damage":3,"enemies":"Gremlin Leader","floor":24,"turns":5},{"damage":18,"enemies":"Cultist and Chosen","floor":25,"turns":5},{"damage":26,"enemies":"Snake Plant","floor":27,"turns":4},{"damage":24,"enemies":"Slavers","floor":29,"turns":1}],"event_choices":[{"event_name":"Golden Idol","player_choice":"Lose Max HP","floor":8,"damage_taken":0},{"event_name":"Drug Dealer","player_choice":"Got JAXXED","floor":21,"damage_taken":0}],"boss_relics":[{"not_picked":["Philosopher\u0027s Stone","Velvet Choker"],"picked":"Nuclear Battery"}],"potions_floor_spawned":[3,11,12,16,24,25,27],"seed_played":"-3171926418076173980","killed_by":"Slavers","ascension_level":4,"is_trial":false}