{"gold_per_floor":[116,128,128,203,220,220,246,246,246,292,292,82,95,125,125,220,220,239,239,1,1,16,46,46,46],"floor_reached":25,"playtime":1033,"items_purged":["Strike_G"],"score":332,"play_id":"85c3a91c-e266-4c96-91bf-584cf30492de","local_time":"20190719160048","is_ascension_mode":true,"campfire_choices":[{"data":"Neutralize","floor":6,"key":"SMITH"},{"data":"Masterful Stab","floor":8,"key":"SMITH"},{"floor":15,"key":"REST"},{"floor":24,"key":"REST"}],"neow_cost":"NONE","seed_source_timestamp":243121593421500,"circlet_count":0,"master_deck":["Strike_G","Strike_G","Strike_G","Strike_G","Defend_G","Defend_G","Defend_G","Defend_G","Defend_G","Survivor","Neutralize+1","Masterful Stab+1","Deflect","All Out Attack","Heel Hook","Regret","Infinite Blades","Well Laid Plans","Quick Slash","Blade Dance","Noxious Fumes","Unload","Malaise","Bandage Up","Backflip","Shame","Prepared+1","Infinite Blades"],"relics":["Ring of the Snake","Shuriken","Blue Candle","Happy Flower","The Courier","Orichalcum","Cursed Key","Letter Opener","Ornamental Fan"],"potions_floor_usage":[7,16,23,23],"damage_taken":[{"damage":5,"enemies":"Small Slimes","floor":1,"turns":4},{"damage":0,"enemies":"Jaw Worm","floor":2,"turns":3},{"damage":2,"enemies":"2 Louse","floor":5,"turns":3},{"damage":27,"enemies":"Lagavulin","floor":7,"turns":7},{"damage":7,"enemies":"Exordium Wildlife","floor":13,"turns":4},{"damage":14,"enemies":"3 Sentries","floor":14,"turns":6},{"damage":1,"enemies":"Hexaghost","floor":16,"turns":7},{"damage":1,"enemies":"Chosen","floor":18,"turns":4},{"damage":3,"enemies":"Shell Parasite","floor":22,"turns":5},{"damage":56,"enemies":"Gremlin Leader","floor":23,"turns":7},{"damage":36,"enemies":"Slavers","floor":25,"turns":2}],"seed_played":"6836372969092848489","potions_obtained":[{"floor":1,"key":"LiquidBronze"},{"floor":7,"key":"FearPotion"},{"floor":14,"key":"GhostInAJar"},{"floor":18,"key":"LiquidBronze"}],"is_trial":false,"path_per_floor":["M","M","?","?","M","R","E","R","T","T","?","$","M","E","R","B",null,"M","?","$","?","M","E","R","E"],"character_chosen":"THE_SILENT","items_purchased":["Infinite Blades","Well Laid Plans","Quick Slash","Malaise","Bandage Up","Backflip"],"campfire_rested":2,"item_purchase_floors":[12,12,12,20,20,20],"current_hp_per_floor":[72,72,72,61,59,59,32,32,32,32,32,32,25,11,34,33,77,76,62,62,62,63,11,35,0],"gold":46,"neow_bonus":"TEN_PERCENT_HP_BONUS","is_prod":false,"is_daily":false,"chose_seed":false,"campfire_upgraded":2,"win_rate":0,"timestamp":1563566448,"path_taken":["M","M","?","?","M","R","E","R","T","?","?","$","M","E","R","BOSS","M","?","$","?","M","E","R","E"],"build_version":"2019-07-17","purchased_purges":1,"victory":false,"max_hp_per_floor":[77,77,77,77,77,77,77,77,77,77,77,77,77,77,77,77,77,77,82,82,82,82,82,82,82],"card_choices":[{"not_picked":["Bouncing Flask","Outmaneuver"],"picked":"Masterful Stab","floor":1},{"not_picked":["Cloak And Dagger","Flying Knee"],"picked":"Deflect","floor":2},{"not_picked":["Infinite Blades","Bane"],"picked":"All Out Attack","floor":5},{"not_picked":["Predator","Prepared"],"picked":"Heel Hook","floor":7},{"not_picked":["Prepared","Concentrate"],"picked":"Blade Dance","floor":13},{"not_picked":["Concentrate","Escape Plan"],"picked":"Noxious Fumes","floor":14},{"not_picked":["Tools of the Trade","Night Terror"],"picked":"Unload","floor":16},{"not_picked":["Riddle With Holes","Setup+1","Flying Knee"],"picked":"SKIP","floor":18},{"not_picked":["Bane","Dodge and Roll+1"],"picked":"Prepared+1","floor":22},{"not_picked":["Dagger Throw+1","Quick Slash"],"picked":"Infinite Blades","floor":23}],"player_experience":423946,"relics_obtained":[{"floor":7,"key":"Shuriken"},{"floor":9,"key":"Blue Candle"},{"floor":10,"key":"Happy Flower"},{"floor":14,"key":"Orichalcum"},{"floor":23,"key":"Ornamental Fan"}],"event_choices":[{"damage_healed":0,"gold_gain":0,"player_choice":"Ignored","damage_taken":0,"max_hp_gain":0,"max_hp_loss":0,"event_name":"Liars Game","floor":3,"gold_loss":0},{"damage_healed":0,"gold_gain":75,"player_choice":"Gather Gold","damage_taken":11,"max_hp_gain":0,"max_hp_loss":0,"event_name":"World of Goop","floor":4,"gold_loss":0},{"damage_healed":0,"gold_gain":0,"player_choice":"Box","damage_taken":0,"relics_obtained":["The Courier"],"max_hp_gain":0,"max_hp_loss":0,"event_name":"Big Fish","floor":11,"gold_loss":0,"cards_obtained":["Regret"]},{"damage_healed":0,"gold_gain":0,"player_choice":"Shed Blood","damage_taken":19,"max_hp_gain":5,"max_hp_loss":0,"event_name":"Forgotten Altar","floor":19,"gold_loss":0},{"damage_healed":0,"gold_gain":0,"player_choice":"Stole Relic","damage_taken":0,"relics_obtained":["Letter Opener"],"max_hp_gain":0,"max_hp_loss":0,"event_name":"Addict","floor":21,"gold_loss":0,"cards_obtained":["Shame"]}],"is_beta":false,"boss_relics":[{"not_picked":["Ectoplasm","Ring of the Serpent"],"picked":"Cursed Key"}],"items_purged_floors":[12],"is_endless":false,"potions_floor_spawned":[1,7,14,18],"killed_by":"Slavers","ascension_level":4}