{"gold_per_floor":[212,223,68,85,85,85,85,108,108,123,88,88,128,53,53,176,176,196,196,50,50,62,12,12,32,32,50,50,70,70,70,70,175,175,188,37,56,68,68,68,68],"floor_reached":41,"playtime":2437,"items_purged":["Strike_B"],"score":450,"play_id":"34a68f6d-d550-4856-b665-9bb4cd2dd384","local_time":"20190814000239","is_ascension_mode":true,"campfire_choices":[{"data":"Redo","floor":6,"key":"SMITH"},{"floor":15,"key":"REST"},{"data":"Rainbow","floor":24,"key":"SMITH"},{"data":"Zap","floor":28,"key":"SMITH"},{"floor":30,"key":"REST"},{"data":"Dualcast","floor":32,"key":"SMITH"},{"floor":40,"key":"REST"}],"neow_cost":"NONE","seed_source_timestamp":217032569208077,"circlet_count":0,"master_deck":["Defend_B","Defend_B","Defend_B","Defend_B","Zap+1","Dualcast+1","Conserve Battery","Genetic Algorithm","Defragment","Coolheaded","Redo+1","Skim","Self Repair+1","Rainbow+1","Redo+1","Defragment","Capacitor+1","Capacitor+1","Go for the Eyes+1","Electrodynamics","Stack+1","Madness","Madness"],"relics":["Cracked Core","Bloody Idol","Pantograph","StoneCalendar","Empty Cage","MutagenicStrength","Oddly Smooth Stone","Bag of Preparation","Inserter","Bronze Scales"],"potions_floor_usage":[13,27,29,37,38,41,41],"damage_taken":[{"damage":7,"enemies":"Small Slimes","floor":1,"turns":3},{"damage":0,"enemies":"Jaw Worm","floor":2,"turns":4},{"damage":8,"enemies":"2 Louse","floor":4,"turns":2},{"damage":5,"enemies":"Looter","floor":8,"turns":3},{"damage":1,"enemies":"Blue Slaver","floor":10,"turns":4},{"damage":42,"enemies":"Gremlin Nob","floor":13,"turns":5},{"damage":41,"enemies":"Hexaghost","floor":16,"turns":13},{"damage":2,"enemies":"Spheric Guardian","floor":18,"turns":5},{"damage":3,"enemies":"Chosen","floor":22,"turns":5},{"damage":12,"enemies":"Centurion and Healer","floor":25,"turns":7},{"damage":34,"enemies":"3 Cultists","floor":27,"turns":7},{"damage":40,"enemies":"Snake Plant","floor":29,"turns":5},{"damage":53,"enemies":"Automaton","floor":33,"turns":12},{"damage":25,"enemies":"3 Darklings","floor":35,"turns":7},{"damage":4,"enemies":"3 Shapes","floor":37,"turns":4},{"damage":54,"enemies":"Writhing Mass","floor":38,"turns":5},{"damage":42,"enemies":"Transient","floor":41,"turns":3}],"seed_played":"-2285524599548349058","potions_obtained":[{"floor":2,"key":"Fruit Juice"},{"floor":8,"key":"Poison Potion"},{"floor":25,"key":"SteroidPotion"},{"floor":27,"key":"SpeedPotion"},{"floor":29,"key":"Fire Potion"},{"floor":37,"key":"Fire Potion"},{"floor":38,"key":"AttackPotion"}],"is_trial":false,"path_per_floor":["M","M","$","M","?","R","?","M","T","M","?","?","E","$","R","B",null,"M","?","$","?","M","?","R","M","T","M","R","M","R","?","R","B",null,"M","$","M","M","?","R","M"],"character_chosen":"DEFECT","items_purchased":["Defragment","Coolheaded","Redo","Oddly Smooth Stone","Bronze Scales"],"campfire_rested":3,"item_purchase_floors":[3,3,3,20,36],"current_hp_per_floor":[68,68,68,60,60,60,42,37,37,36,54,54,22,22,44,38,75,75,75,75,75,75,75,75,75,75,56,56,31,53,53,53,37,75,55,55,66,17,8,30,0],"gold":68,"neow_bonus":"HUNDRED_GOLD","is_prod":false,"is_daily":false,"chose_seed":false,"campfire_upgraded":4,"win_rate":0,"timestamp":1565737359,"path_taken":["M","M","$","M","?","R","?","M","T","M","?","?","E","$","R","BOSS","M","?","$","?","M","?","R","M","T","?","R","M","R","?","R","BOSS","M","$","?","?","?","R","M"],"build_version":"2019-07-17","purchased_purges":1,"victory":false,"max_hp_per_floor":[75,75,75,75,75,75,75,75,75,75,75,75,75,75,75,75,75,75,75,75,75,75,75,75,75,75,75,75,75,75,75,75,75,75,75,75,75,75,75,75,80],"card_choices":[{"not_picked":["Go for the Eyes","Leap"],"picked":"Conserve Battery","floor":1},{"not_picked":["White Noise","Steam"],"picked":"Genetic Algorithm","floor":2},{"not_picked":["Sunder","Meteor Strike"],"picked":"Skim","floor":4},{"not_picked":["Leap","Beam Cell","Steam"],"picked":"SKIP","floor":8},{"not_picked":["Barrage","White Noise"],"picked":"Self Repair","floor":10},{"not_picked":["Rebound","Steam","Tempest"],"picked":"SKIP","floor":13},{"not_picked":["All For One","Echo Form"],"picked":"Rainbow","floor":16},{"not_picked":["Ball Lightning+1","Compile Driver"],"picked":"Redo+1","floor":18},{"not_picked":["Undo+1","Leap"],"picked":"Defragment","floor":22},{"not_picked":["Conserve Battery","Compile Driver"],"picked":"Capacitor+1","floor":25},{"not_picked":["White Noise","Rip and Tear"],"picked":"Capacitor+1","floor":27},{"not_picked":["Redo","Reprogram"],"picked":"Go for the Eyes+1","floor":29},{"not_picked":["Rainbow","Biased Cognition"],"picked":"Electrodynamics","floor":33},{"not_picked":["Redo+1","Storm"],"picked":"Stack+1","floor":35},{"not_picked":["Chill+1","Sunder+1","Tempest"],"picked":"SKIP","floor":37},{"not_picked":["Redo+1","Stack+1","Coolheaded"],"picked":"SKIP","floor":38}],"player_experience":328819,"relics_obtained":[{"floor":9,"key":"Pantograph"},{"floor":13,"key":"StoneCalendar"},{"floor":26,"key":"Bag of Preparation"}],"event_choices":[{"damage_healed":0,"gold_gain":0,"player_choice":"Ignored","damage_taken":0,"max_hp_gain":0,"max_hp_loss":0,"event_name":"Liars Game","floor":5,"gold_loss":0},{"damage_healed":0,"gold_gain":0,"player_choice":"Take Damage","damage_taken":18,"relics_obtained":["Golden Idol"],"max_hp_gain":0,"max_hp_loss":0,"event_name":"Golden Idol","floor":7,"gold_loss":0},{"damage_healed":18,"gold_gain":0,"player_choice":"Healed","damage_taken":0,"max_hp_gain":0,"max_hp_loss":0,"event_name":"The Cleric","floor":11,"gold_loss":35},{"damage_healed":0,"gold_gain":0,"player_choice":"Grow","damage_taken":0,"max_hp_gain":0,"max_hp_loss":0,"event_name":"Living Wall","floor":12,"gold_loss":0,"cards_upgraded":["Self Repair"]},{"damage_healed":0,"gold_gain":0,"player_choice":"Inject Mutagens","damage_taken":0,"relics_obtained":["MutagenicStrength"],"max_hp_gain":0,"max_hp_loss":0,"event_name":"Drug Dealer","floor":19,"gold_loss":0},{"damage_healed":0,"gold_gain":0,"player_choice":"Gave Idol","damage_taken":0,"relics_obtained":["Bloody Idol"],"max_hp_gain":0,"max_hp_loss":0,"event_name":"Forgotten Altar","floor":21,"relics_lost":["Golden Idol"],"gold_loss":0},{"damage_healed":0,"gold_gain":0,"player_choice":"Bet on Murderer","damage_taken":0,"max_hp_gain":0,"max_hp_loss":0,"event_name":"The Joust","floor":23,"gold_loss":50},{"cards_removed":["Strike_B"],"damage_healed":0,"gold_gain":0,"player_choice":"Offered Basic","damage_taken":0,"max_hp_gain":0,"max_hp_loss":0,"event_name":"Bonfire Elementals","floor":31,"gold_loss":0},{"damage_healed":0,"gold_gain":0,"player_choice":"Embrace Madness","damage_taken":9,"max_hp_gain":0,"max_hp_loss":0,"event_name":"Winding Halls","floor":39,"gold_loss":0,"cards_obtained":["Madness","Madness"]}],"is_beta":false,"boss_relics":[{"not_picked":["Runic Pyramid","Pandora\u0027s Box"],"picked":"Empty Cage"},{"not_picked":["Astrolabe","Velvet Choker"],"picked":"Inserter"}],"items_purged_floors":[14],"is_endless":false,"potions_floor_spawned":[2,8,25,27,29,37,38],"killed_by":"Transient","ascension_level":3}