{"gold_per_floor":[116,191,206,217,232,261,276,276,303,303],"floor_reached":10,"playtime":475,"items_purged":[],"score":105,"play_id":"3c888598-6ee6-45c7-a45c-7c26c81263ec","local_time":"20190804221447","is_ascension_mode":true,"campfire_choices":[{"data":"Bash","floor":8,"key":"SMITH"}],"neow_cost":"NONE","seed_source_timestamp":162617568250600,"circlet_count":0,"master_deck":["AscendersBane","Strike_R","Strike_R","Strike_R","Strike_R","Strike_R","Defend_R","Defend_R","Defend_R","Defend_R","Bash+1","Finesse","Shrug It Off","Pommel Strike","Metallicize","Shrug It Off","Cleave","Clothesline"],"relics":["Burning Blood","Blue Candle","Potion Belt"],"potions_floor_usage":[7],"damage_taken":[{"damage":0,"enemies":"Small Slimes","floor":1,"turns":3},{"damage":1,"enemies":"2 Louse","floor":3,"turns":4},{"damage":1,"enemies":"Cultist","floor":4,"turns":4},{"damage":19,"enemies":"Lots of Slimes","floor":5,"turns":7},{"damage":33,"enemies":"3 Sentries","floor":6,"turns":14},{"damage":0,"enemies":"Exordium Wildlife","floor":7,"turns":3},{"damage":49,"enemies":"Gremlin Nob","floor":10,"turns":5}],"seed_played":"8660784954531946199","potions_obtained":[{"floor":6,"key":"Block Potion"},{"floor":7,"key":"Ancient Potion"}],"is_trial":false,"path_per_floor":["M","?","M","M","M","E","M","R","T","E"],"character_chosen":"IRONCLAD","items_purchased":[],"campfire_rested":0,"item_purchase_floors":[],"current_hp_per_floor":[78,67,72,77,64,37,43,43,43,0],"gold":303,"neow_bonus":"RANDOM_COLORLESS","is_prod":false,"is_daily":false,"chose_seed":false,"campfire_upgraded":1,"win_rate":0,"timestamp":1564971287,"path_taken":["M","?","M","M","M","E","M","R","T","E"],"build_version":"2019-07-17","purchased_purges":0,"victory":false,"max_hp_per_floor":[80,80,80,80,80,80,80,80,80,80],"card_choices":[{"not_picked":["Clothesline","Iron Wave"],"picked":"Shrug It Off","floor":1},{"not_picked":["Shrug It Off","Entrench"],"picked":"Pommel Strike","floor":3},{"not_picked":["Shockwave","Uppercut"],"picked":"Metallicize","floor":4},{"not_picked":["Sever Soul","Clash"],"picked":"Shrug It Off","floor":5},{"not_picked":["Pummel","Rampage"],"picked":"Cleave","floor":6},{"not_picked":["Body Slam","Headbutt"],"picked":"Clothesline","floor":7}],"player_experience":657318,"relics_obtained":[{"floor":6,"key":"Blue Candle"},{"floor":9,"key":"Potion Belt"}],"event_choices":[{"damage_healed":0,"gold_gain":75,"player_choice":"Gather Gold","damage_taken":11,"max_hp_gain":0,"max_hp_loss":0,"event_name":"World of Goop","floor":2,"gold_loss":0}],"is_beta":false,"boss_relics":[],"items_purged_floors":[],"is_endless":false,"potions_floor_spawned":[6,7],"killed_by":"Gremlin Nob","ascension_level":10}