{"gold_per_floor":[118,118,41,57,77,103,116,116,171,185,185,201,227,239,239,344,394,409,324,169,93,82,82,117,117,117,42,42,42,377,377,377,473,473,486,486,586,109,36,68,68,0,52,52,84,84,118,118,118,118],"floor_reached":51,"playtime":3063,"items_purged":["Strike_G","Writhe"],"score":969,"play_id":"4db22855-f731-46b2-90b6-044404731ced","local_time":"20190715095037","is_ascension_mode":true,"campfire_choices":[{"floor":8,"key":"REST"},{"floor":11,"key":"REST"},{"data":"Footwork","floor":15,"key":"SMITH"},{"data":"Backstab","floor":23,"key":"SMITH"},{"data":"Noxious Fumes","floor":25,"key":"SMITH"},{"data":"Noxious Fumes","floor":29,"key":"SMITH"},{"floor":32,"key":"REST"},{"data":"Apotheosis","floor":41,"key":"SMITH"},{"data":"Leg Sweep","floor":44,"key":"SMITH"},{"data":"Backflip","floor":46,"key":"SMITH"},{"data":"Well Laid Plans","floor":49,"key":"SMITH"}],"neow_cost":"NONE","seed_source_timestamp":214819108882800,"circlet_count":0,"master_deck":["Strike_G","Defend_G","Defend_G","Defend_G","Defend_G","Survivor","Neutralize","Quick Slash+1","Caltrops","Noxious Fumes+1","Prepared","Footwork+1","Masterful Stab","Cloak And Dagger","Noxious Fumes+1","PiercingWail","Corpse Explosion","Dodge and Roll","Predator+1","Backstab+1","Well Laid Plans+1","Cloak And Dagger","Unload","Malaise","Bane+1","Deflect","Apotheosis+1","Leg Sweep+1","Backflip+1","Setup+1","Calculated Gamble"],"relics":["Ring of the Snake","Letter Opener","Centennial Puzzle","Bronze Scales","Tiny House","WingedGreaves","Mummified Hand","Regal Pillow","Darkstone Periapt","Old Coin","Coffee Dripper","The Specimen","Snake Skull","Ginger","Red Mask","PreservedInsect","Pear","Torii"],"potions_floor_usage":[10,16,30,33,48],"damage_taken":[{"damage":0,"enemies":"Small Slimes","floor":1,"turns":3},{"damage":6,"enemies":"Cultist","floor":4,"turns":4},{"damage":8,"enemies":"Jaw Worm","floor":5,"turns":4},{"damage":41,"enemies":"3 Sentries","floor":6,"turns":8},{"damage":0,"enemies":"2 Fungi Beasts","floor":7,"turns":3},{"damage":0,"enemies":"Large Slime","floor":10,"turns":6},{"damage":0,"enemies":"3 Louse","floor":12,"turns":3},{"damage":14,"enemies":"Lagavulin","floor":13,"turns":7},{"damage":0,"enemies":"Red Slaver","floor":14,"turns":4},{"damage":2,"enemies":"Slime Boss","floor":16,"turns":10},{"damage":0,"enemies":"Shell Parasite","floor":18,"turns":6},{"damage":3,"enemies":"2 Thieves","floor":22,"turns":4},{"damage":34,"enemies":"Book of Stabbing","floor":24,"turns":6},{"damage":39,"enemies":"Slavers","floor":30,"turns":4},{"damage":23,"enemies":"Collector","floor":33,"turns":9},{"damage":5,"enemies":"Orb Walker","floor":35,"turns":3},{"damage":9,"enemies":"Mind Bloom Boss Battle","floor":37,"turns":7},{"damage":41,"enemies":"Reptomancer","floor":40,"turns":5},{"damage":0,"enemies":"Nemesis","floor":45,"turns":5},{"damage":0,"enemies":"Reptomancer","floor":47,"turns":4},{"damage":0,"enemies":"3 Shapes","floor":48,"turns":1},{"damage":14,"enemies":"Time Eater","floor":50,"turns":12}],"seed_played":"9046075102942542223","potions_obtained":[{"floor":7,"key":"EssenceOfSteel"},{"floor":10,"key":"GamblersBrew"},{"floor":13,"key":"GhostInAJar"},{"floor":17,"key":"SmokeBomb"},{"floor":18,"key":"Strength Potion"},{"floor":24,"key":"Dexterity Potion"},{"floor":30,"key":"SkillPotion"},{"floor":35,"key":"Ancient Potion"},{"floor":45,"key":"Swift Potion"}],"is_trial":false,"path_per_floor":["M","?","$","M","M","E","M","R","T","M","R","M","E","M","R","B",null,"M","?","$","$","M","R","E","R","T","?","?","R","E","?","R","B",null,"M","?","?","$","$","E","R","?","T","R","E","R","E","M","R","B",null],"character_chosen":"THE_SILENT","items_purchased":["Noxious Fumes","Backstab","Well Laid Plans","Deflect","Apotheosis","Snake Skull","Leg Sweep"],"campfire_rested":3,"item_purchase_floors":[3,20,21,38,38,38,39],"current_hp_per_floor":[70,70,70,64,56,15,15,36,36,36,57,57,43,43,43,41,75,75,75,75,75,72,72,38,38,38,38,44,44,5,5,44,21,81,76,76,67,67,67,26,26,26,26,26,36,36,36,36,36,22],"gold":118,"neow_bonus":"REMOVE_CARD","is_prod":false,"is_daily":false,"chose_seed":false,"campfire_upgraded":8,"win_rate":0,"timestamp":1563198637,"path_taken":["M","?","$","M","M","E","M","R","T","M","R","M","E","?","R","BOSS","M","?","$","$","M","R","E","R","T","?","?","R","E","?","R","BOSS","M","?","?","?","$","E","R","?","T","R","E","R","E","M","R","BOSS"],"build_version":"2019-07-05","purchased_purges":2,"victory":true,"max_hp_per_floor":[70,70,70,70,70,70,70,70,70,70,70,70,70,70,70,70,75,75,75,75,75,75,75,75,75,75,75,81,81,81,81,81,81,81,81,81,81,81,81,81,81,81,81,81,91,91,91,91,91,91],"card_choices":[{"not_picked":["Deadly Poison","Flying Knee"],"picked":"Quick Slash","floor":1},{"not_picked":["Underhanded Strike","Outmaneuver"],"picked":"Prepared","floor":4},{"not_picked":["Acrobatics","All Out Attack"],"picked":"Footwork","floor":5},{"not_picked":["Doppelganger","Flechettes"],"picked":"Masterful Stab","floor":6},{"not_picked":["Deadly Poison","Sucker Punch","Concentrate"],"picked":"SKIP","floor":7},{"not_picked":["Calculated Gamble","Expertise"],"picked":"Cloak And Dagger","floor":10},{"not_picked":["Masterful Stab","PiercingWail"],"picked":"Noxious Fumes","floor":12},{"not_picked":["Quick Slash","Heel Hook"],"picked":"PiercingWail","floor":13},{"not_picked":["Poisoned Stab","Prepared","Skewer"],"picked":"SKIP","floor":14},{"not_picked":["A Thousand Cuts","Venomology"],"picked":"Corpse Explosion","floor":16},{"not_picked":["Skewer","Poisoned Stab"],"picked":"Dodge and Roll","floor":17},{"not_picked":["Accuracy+1","Blade Dance"],"picked":"Predator+1","floor":18},{"not_picked":["Quick Slash+1","Deadly Poison","Tactician"],"picked":"SKIP","floor":22},{"not_picked":["Dagger Throw","Slice+1","Bouncing Flask"],"picked":"SKIP","floor":24},{"not_picked":["Predator+1","Accuracy"],"picked":"Cloak And Dagger","floor":30},{"not_picked":["Phantasmal Killer","Night Terror"],"picked":"Malaise","floor":33},{"not_picked":["Blade Dance+1","Deadly Poison","Reflex+1"],"picked":"SKIP","floor":35},{"not_picked":["Outmaneuver+1","Deadly Poison+1"],"picked":"Bane+1","floor":37},{"not_picked":["Flying Knee+1","Deflect"],"picked":"Backflip","floor":40},{"not_picked":["Noxious Fumes","Dodge and Roll+1"],"picked":"Setup+1","floor":45},{"not_picked":["Blade Dance+1","Outmaneuver+1"],"picked":"Calculated Gamble","floor":47}],"player_experience":345627,"relics_obtained":[{"floor":6,"key":"Letter Opener"},{"floor":9,"key":"Centennial Puzzle"},{"floor":13,"key":"Bronze Scales"},{"floor":24,"key":"Mummified Hand"},{"floor":26,"key":"Regal Pillow"},{"floor":30,"key":"Old Coin"},{"floor":37,"key":"The Specimen"},{"floor":40,"key":"Ginger"},{"floor":43,"key":"PreservedInsect"},{"floor":45,"key":"Pear"},{"floor":47,"key":"Torii"}],"event_choices":[{"damage_healed":0,"gold_gain":0,"cards_transformed":["Defend_G"],"player_choice":"Transformed","damage_taken":0,"max_hp_gain":0,"max_hp_loss":0,"event_name":"Transmorgrifier","floor":2,"gold_loss":0,"cards_obtained":["Caltrops"]},{"damage_healed":0,"gold_gain":0,"player_choice":"Obtained Relic","damage_taken":0,"relics_obtained":["WingedGreaves"],"max_hp_gain":0,"max_hp_loss":0,"event_name":"Addict","floor":19,"gold_loss":85},{"cards_removed":["Strike_G"],"damage_healed":0,"gold_gain":0,"player_choice":"Gave Gold","damage_taken":0,"max_hp_gain":0,"max_hp_loss":0,"event_name":"Beggar","floor":27,"gold_loss":75},{"damage_healed":0,"gold_gain":0,"player_choice":"Opened","damage_taken":0,"relics_obtained":["Darkstone Periapt"],"max_hp_gain":0,"max_hp_loss":0,"event_name":"The Mausoleum","floor":28,"gold_loss":0,"cards_obtained":["Writhe"]},{"damage_healed":0,"gold_gain":0,"player_choice":"1 cards matched","damage_taken":0,"max_hp_gain":0,"max_hp_loss":0,"event_name":"Match and Keep!","floor":31,"gold_loss":0,"cards_obtained":["Unload"]},{"cards_removed":["Strike_G"],"damage_healed":0,"gold_gain":0,"player_choice":"Removed Attack","damage_taken":0,"max_hp_gain":0,"max_hp_loss":0,"event_name":"Falling","floor":36,"gold_loss":0},{"damage_healed":0,"gold_gain":0,"player_choice":"Fight","damage_taken":0,"max_hp_gain":0,"max_hp_loss":0,"event_name":"MindBloom","floor":37,"gold_loss":0},{"damage_healed":0,"gold_gain":0,"player_choice":"Paid","damage_taken":0,"relics_obtained":["Red Mask"],"max_hp_gain":0,"max_hp_loss":0,"event_name":"Tomb of Lord Red Mask","floor":42,"gold_loss":68}],"is_beta":false,"boss_relics":[{"not_picked":["Runic Pyramid","HoveringKite"],"picked":"Tiny House"},{"not_picked":["Empty Cage","Astrolabe"],"picked":"Coffee Dripper"}],"items_purged_floors":[20,38],"is_endless":false,"potions_floor_spawned":[7,10,13,18,24,30,35,45,47],"ascension_level":3}