{"gold_per_floor":[114,64,80,158,158,158,177,193,193,193,193,207,226,243,243,243],"floor_reached":16,"playtime":1718,"items_purged":[],"score":94,"play_id":"ab4a8693-f027-4be6-8cfa-b068f176c7bc","local_time":"20180623100654","is_ascension_mode":false,"campfire_choices":[{"floor":6,"key":"REST"},{"floor":10,"key":"REST"},{"floor":15,"key":"REST"}],"neow_cost":"NONE","seed_source_timestamp":372738099144007,"circlet_count":0,"master_deck":["Strike_R","Strike_R","Strike_R","Strike_R","Strike_R","Defend_R","Defend_R","Defend_R","Bash","Pommel Strike","Uppercut","Pummel","Searing Blow","Uppercut","Uppercut","Twin Strike"],"relics":["Mark of Pain","Shovel"],"potions_floor_usage":[16],"damage_taken":[{"damage":0,"enemies":"2 Louse","floor":1,"turns":3},{"damage":10,"enemies":"Jaw Worm","floor":3,"turns":4},{"damage":0,"enemies":"Cultist","floor":7,"turns":3},{"damage":17,"enemies":"Large Slime","floor":8,"turns":5},{"damage":23,"enemies":"Exordium Thugs","floor":12,"turns":4},{"damage":0,"enemies":"Exordium Wildlife","floor":13,"turns":2},{"damage":10,"enemies":"3 Louse","floor":14,"turns":2},{"damage":66,"enemies":"The Guardian","floor":16,"turns":7}],"seed_played":"-6387406883970832771","potions_obtained":[{"floor":14,"key":"Dexterity Potion"}],"is_trial":false,"path_per_floor":["M","?","M","?","$","R","M","M","T","R","$","M","M","M","R"],"character_chosen":"IRONCLAD","items_purchased":[],"campfire_rested":3,"item_purchase_floors":[],"current_hp_per_floor":[80,80,70,70,70,80,80,63,63,80,80,57,57,47,71,5],"gold":243,"neow_bonus":"BOSS_RELIC","is_prod":false,"is_daily":false,"chose_seed":false,"campfire_upgraded":0,"win_rate":0.0,"timestamp":1529744814,"path_taken":["M","?","M","?","?","R","?","M","T","R","$","M","M","M","R","BOSS"],"build_version":"2018-06-21v2","purchased_purges":0,"victory":false,"max_hp_per_floor":[80,80,80,80,80,80,80,80,80,80,80,80,80,80,80,80],"card_choices":[{"not_picked":["Sword Boomerang","Shrug It Off"],"picked":"Pommel Strike","floor":1},{"not_picked":["Clash","Havoc"],"picked":"Uppercut","floor":3},{"not_picked":["Shrug It Off","Brutality"],"picked":"Pummel","floor":7},{"not_picked":["Shrug It Off","True Grit"],"picked":"Searing Blow","floor":8},{"not_picked":["Intimidate","Cleave"],"picked":"Uppercut","floor":12},{"not_picked":["Flex","Pommel Strike"],"picked":"Uppercut","floor":13},{"not_picked":["True Grit","Clothesline"],"picked":"Twin Strike","floor":14}],"player_experience":76456,"relics_obtained":[{"floor":9,"key":"Shovel"}],"event_choices":[{"event_name":"The Cleric","player_choice":"Card Removal","floor":2,"damage_taken":0},{"event_name":"Golden Wing","player_choice":"Gained Gold","floor":4,"damage_taken":0}],"boss_relics":[],"items_purged_floors":[],"is_endless":false,"potions_floor_spawned":[14],"killed_by":"The Guardian","ascension_level":0}