{"gold_per_floor":[216,232,232,242,33,65,82,82,128,28,43,53,53,53,53,179,179,197,197,197,197,173,204,204,219,219,242,242,255,133,133,133,252,252,273,273,298,423,438,438,457,457,484,484,484,502,25,25],"floor_reached":48,"playtime":3752,"items_purged":["Strike_B","Strike_B","Strike_B+1"],"score":495,"play_id":"1ef2dd6e-0da9-4b53-827f-f4bc89db4b36","local_time":"20190813195403","is_ascension_mode":true,"campfire_choices":[{"floor":8.0,"key":"REST"},{"floor":15.0,"key":"REST"},{"data":"Rainbow","floor":24.0,"key":"SMITH"},{"floor":32.0,"key":"REST"},{"floor":40,"key":"REST"},{"floor":42,"key":"REST"},{"data":"White Noise","floor":44,"key":"SMITH"}],"neow_cost":"NONE","seed_source_timestamp":200569749891627,"circlet_count":0,"master_deck":["Strike_B+1","Defend_B+1","Defend_B+1","Defend_B+1","Defend_B+1","Zap+1","Dualcast+1","Gash","Auto Shields","Sweeping Beam","Capacitor+1","Redo","Compile Driver","Beam Cell","Coolheaded","Ball Lightning","Rainbow+1","Chaos+1","Go for the Eyes","Go for the Eyes","Gash+1","Stack+1","Capacitor","FTL+1","Capacitor+1","Cold Snap+1","Apotheosis+1","Gash+1","Compile Driver+1","White Noise+1","Coolheaded","Lockon+1","Glacier"],"special_seed":0,"relics":["Cracked Core","Kunai","Centennial Puzzle","Golden Idol","Nuclear Battery","Art of War","Molten Egg 2","Boot","Philosopher\u0027s Stone","StoneCalendar","Pen Nib","War Paint"],"potions_floor_usage":[33,33,33,37,39,48,48],"damage_taken":[{"damage":2.0,"enemies":"2 Louse","floor":1.0,"turns":2.0},{"damage":6.0,"enemies":"Small Slimes","floor":2.0,"turns":3.0},{"damage":0.0,"enemies":"Cultist","floor":4.0,"turns":3.0},{"damage":27.0,"enemies":"Gremlin Nob","floor":6.0,"turns":5.0},{"damage":7.0,"enemies":"Exordium Wildlife","floor":7.0,"turns":3.0},{"damage":9.0,"enemies":"Red Slaver","floor":11.0,"turns":3.0},{"damage":1.0,"enemies":"Looter","floor":12.0,"turns":3.0},{"damage":6.0,"enemies":"Slime Boss","floor":16.0,"turns":7.0},{"damage":3.0,"enemies":"3 Byrds","floor":18.0,"turns":4.0},{"damage":17.0,"enemies":"Book of Stabbing","floor":23.0,"turns":6.0},{"damage":6.0,"enemies":"Shell Parasite","floor":25.0,"turns":7.0},{"damage":13.0,"enemies":"Sentry and Sphere","floor":27.0,"turns":4.0},{"damage":5.0,"enemies":"Chosen and Byrds","floor":29.0,"turns":4.0},{"damage":24,"enemies":"Champ","floor":33,"turns":11},{"damage":0,"enemies":"3 Shapes","floor":35,"turns":2},{"damage":30,"enemies":"3 Darklings","floor":37,"turns":5},{"damage":2,"enemies":"Mind Bloom Boss Battle","floor":38,"turns":7},{"damage":16,"enemies":"Writhing Mass","floor":39,"turns":7},{"damage":6,"enemies":"Transient","floor":41,"turns":5},{"damage":11,"enemies":"Spire Growth","floor":46,"turns":4},{"damage":73,"enemies":"Writhing Mass","floor":48,"turns":5}],"seed_played":"-3874343746294245163","potions_obtained":[{"floor":4.0,"key":"Swift Potion"},{"floor":6.0,"key":"EntropicBrew"},{"floor":11.0,"key":"Weak Potion"},{"floor":18.0,"key":"GamblersBrew"},{"floor":23.0,"key":"FearPotion"},{"floor":27.0,"key":"SpeedPotion"},{"floor":35,"key":"SkillPotion"},{"floor":38,"key":"FocusPotion"},{"floor":46,"key":"Fire Potion"}],"is_trial":false,"path_per_floor":["M","M","?","M","$","E","M","R","T","$","M","M","?","?","R","B",null,"M","?","$","?","$","E","R","M","T","M","T","M","$","?","R","B",null,"M","?","M","?","M","R","M","R","T","R","?","M","$","M"],"character_chosen":"DEFECT","items_purchased":["Capacitor","Redo","Go for the Eyes","Capacitor","FTL+1","War Paint","Lockon+1","Glacier","Weak Potion"],"campfire_rested":5,"item_purchase_floors":[5,5,22,30,30,47,47,47,47],"current_hp_per_floor":[73,67,67,67,67,40,33,55,55,55,46,45,45,27,49,43,75,72,72,72,72,72,55,55,49,49,36,36,31,31,31,53,29,75,75,75,45,43,27,49,43,65,65,65,65,54,54,0],"gold":25,"neow_bonus":"HUNDRED_GOLD","is_prod":false,"is_daily":false,"chose_seed":false,"campfire_upgraded":2,"win_rate":0,"timestamp":1565722443,"path_taken":["M","M","?","M","$","E","M","R","T","$","M","M","?","?","R","BOSS","M","?","$","?","$","E","R","M","T","?","?","?","?","?","R","BOSS","M","?","M","?","M","R","M","R","T","R","?","M","$","?"],"build_version":"2019-07-17","purchased_purges":3,"victory":false,"max_hp_per_floor":[75,75,75,75,75,75,75,75,75,75,75,75,75,75,75,75,75,75,75,75,75,75,75,75,75,75,75,75,75,75,75,75,75,75,75,75,75,75,75,75,75,75,75,75,75,75,75,75],"card_choices":[{"not_picked":["Compile Driver","Loop"],"picked":"Gash","floor":1.0},{"not_picked":["Force Field","Barrage"],"picked":"Auto Shields","floor":2.0},{"not_picked":["Chill","Compile Driver"],"picked":"Sweeping Beam","floor":4.0},{"not_picked":["Amplify","Hologram"],"picked":"Compile Driver","floor":6.0},{"not_picked":["Barrage","Stack"],"picked":"Beam Cell","floor":7.0},{"not_picked":["Turbo","Conserve Battery"],"picked":"Coolheaded","floor":11.0},{"not_picked":["Redo","Beam Cell"],"picked":"Ball Lightning","floor":12.0},{"not_picked":["Biased Cognition","Multi-Cast"],"picked":"Rainbow","floor":16.0},{"not_picked":["Compile Driver","Hologram"],"picked":"Chaos+1","floor":18.0},{"not_picked":["Steam","Redo"],"picked":"Go for the Eyes","floor":23.0},{"not_picked":["Ball Lightning","Streamline","Chaos"],"picked":"SKIP","floor":25.0},{"not_picked":["Fusion","Self Repair"],"picked":"Gash+1","floor":27.0},{"not_picked":["Streamline+1","Sweeping Beam+1"],"picked":"Stack","floor":29.0},{"not_picked":["Leap","Sweeping Beam+1"],"picked":"Cold Snap+1","floor":35},{"not_picked":["Sadistic Nature","Magnetism"],"picked":"Apotheosis","floor":36},{"not_picked":["Leap","Beam Cell+1","Hologram+1"],"picked":"SKIP","floor":37},{"not_picked":["Barrage+1","Streamline+1"],"picked":"Gash+1","floor":38},{"not_picked":["Sweeping Beam+1","Beam Cell+1"],"picked":"Compile Driver+1","floor":39},{"not_picked":["Reprogram","Tempest+1"],"picked":"White Noise","floor":41},{"not_picked":["Rip and Tear+1","Streamline+1"],"picked":"Coolheaded","floor":46}],"player_experience":313057,"relics_obtained":[{"floor":6.0,"key":"Kunai"},{"floor":9.0,"key":"Centennial Puzzle"},{"floor":23.0,"key":"Art of War"},{"floor":26.0,"key":"Molten Egg 2"},{"floor":28.0,"key":"Boot"},{"floor":38,"key":"StoneCalendar"},{"floor":43,"key":"Pen Nib"}],"event_choices":[{"damage_healed":0.0,"max_hp_gain":0.0,"max_hp_loss":0.0,"gold_gain":0.0,"event_name":"Living Wall","player_choice":"Grow","floor":3.0,"gold_loss":0.0,"damage_taken":0.0,"cards_upgraded":["Zap"]},{"damage_healed":0.0,"max_hp_gain":0.0,"max_hp_loss":0.0,"gold_gain":0.0,"event_name":"Liars Game","player_choice":"Ignored","floor":13.0,"gold_loss":0.0,"damage_taken":0.0},{"damage_healed":0.0,"max_hp_gain":0.0,"max_hp_loss":0.0,"gold_gain":0.0,"event_name":"Golden Idol","player_choice":"Take Damage","floor":14.0,"gold_loss":0.0,"damage_taken":18.0,"relics_obtained":["Golden Idol"]},{"damage_healed":0.0,"max_hp_gain":0.0,"max_hp_loss":0.0,"gold_gain":0.0,"event_name":"Back to Basics","player_choice":"Simplicity","floor":19.0,"gold_loss":0.0,"damage_taken":0.0,"cards_upgraded":["Strike_B","Strike_B","Defend_B","Defend_B","Defend_B","Defend_B"]},{"damage_healed":0.0,"max_hp_gain":0.0,"max_hp_loss":0.0,"gold_gain":0.0,"event_name":"Upgrade Shrine","player_choice":"Upgraded","floor":21.0,"gold_loss":0.0,"damage_taken":0.0,"cards_upgraded":["Capacitor"]},{"damage_healed":0.0,"max_hp_gain":0.0,"max_hp_loss":0.0,"gold_gain":0.0,"event_name":"Duplicator","player_choice":"Copied","floor":31.0,"gold_loss":0.0,"damage_taken":0.0,"cards_obtained":["Capacitor"]},{"damage_healed":0,"gold_gain":0,"player_choice":"Memory 1","damage_taken":0,"max_hp_gain":0,"max_hp_loss":0,"event_name":"SensoryStone","floor":36,"gold_loss":0},{"damage_healed":0,"gold_gain":0,"player_choice":"Fight","damage_taken":0,"max_hp_gain":0,"max_hp_loss":0,"event_name":"MindBloom","floor":38,"gold_loss":0},{"damage_healed":0,"gold_gain":0,"player_choice":"Forge","damage_taken":0,"max_hp_gain":0,"max_hp_loss":0,"event_name":"Accursed Blacksmith","floor":45,"gold_loss":0,"cards_upgraded":["Apotheosis"]}],"is_beta":false,"boss_relics":[{"not_picked":["White Beast Statue","Pandora\u0027s Box"],"picked":"Nuclear Battery"},{"not_picked":["Calling Bell","Orrery"],"picked":"Philosopher\u0027s Stone"}],"items_purged_floors":[5,10,47],"is_endless":false,"potions_floor_spawned":[4,6,11,18,23,27,35,38,46],"killed_by":"Writhing Mass","ascension_level":2}