{"gold_per_floor":[112,62,23,23,35,35,62,75,75,41,41,41,73,89,89,186,186,199,199,209,225,225,253,271,306,306,317,334,344,344,359,359,464,464,478,502,502,517,148,148,179,179,179,479,493,169,169,179,179,179],"floor_reached":51,"playtime":2960,"items_purged":["Strike_R","Strike_R"],"score":973,"play_id":"c53cf778-a476-467f-9bb6-562b179e408a","local_time":"20190720194631","is_ascension_mode":true,"campfire_choices":[{"data":"Berserk","floor":6.0,"key":"SMITH"},{"data":"Inflame","floor":12,"key":"SMITH"},{"data":"True Grit","floor":15,"key":"SMITH"},{"data":"Juggernaut","floor":30,"key":"SMITH"},{"floor":32,"key":"REST"},{"data":"Metallicize","floor":40,"key":"SMITH"},{"data":"Heavy Blade","floor":42,"key":"SMITH"},{"floor":49,"key":"REST"}],"neow_cost":"CURSE","seed_source_timestamp":341070753719300,"circlet_count":0,"master_deck":["Strike_R","Strike_R+1","Defend_R","Defend_R","Defend_R+1","Defend_R","Bash","Berserk+1","Pommel Strike","Inflame+1","Uppercut","True Grit+1","Spot Weakness","Flame Barrier+1","Rage","Immolate","Shrug It Off","Metallicize+1","Flame Barrier+1","Juggernaut+1","Anger+1","Shrug It Off+1","Heavy Blade+1","Ghostly Armor","Limit Break+1","Clothesline","True Grit+1","Metallicize","Shockwave+1"],"special_seed":0,"relics":["Burning Blood","Torii","Bottled Tornado","Omamori","Velvet Choker","WarpedTongs","Potion Belt","Pear","Strawberry","Runic Pyramid","Orichalcum","War Paint","Bronze Scales","Anchor"],"potions_floor_usage":[23,25,25,28,33,41,45,47,50],"damage_taken":[{"damage":3.0,"enemies":"Small Slimes","floor":1.0,"turns":3.0},{"damage":2.0,"enemies":"Jaw Worm","floor":5.0,"turns":3.0},{"damage":25.0,"enemies":"3 Sentries","floor":7.0,"turns":7.0},{"damage":0.0,"enemies":"Cultist","floor":8.0,"turns":3.0},{"damage":11,"enemies":"Lagavulin","floor":13,"turns":7},{"damage":0,"enemies":"2 Fungi Beasts","floor":14,"turns":3},{"damage":21,"enemies":"Hexaghost","floor":16,"turns":11},{"damage":10,"enemies":"Chosen","floor":18,"turns":3},{"damage":0,"enemies":"Spheric Guardian","floor":20,"turns":3},{"damage":9,"enemies":"Cultist and Chosen","floor":21,"turns":7},{"damage":27,"enemies":"Gremlin Leader","floor":23,"turns":7},{"damage":7,"enemies":"Snecko","floor":24,"turns":5},{"damage":24,"enemies":"Slavers","floor":25,"turns":4},{"damage":2,"enemies":"Centurion and Healer","floor":27,"turns":6},{"damage":18,"enemies":"Snake Plant","floor":28,"turns":4},{"damage":19,"enemies":"Sentry and Sphere","floor":29,"turns":6},{"damage":17,"enemies":"Centurion and Healer","floor":31,"turns":6},{"damage":45,"enemies":"Automaton","floor":33,"turns":11},{"damage":9,"enemies":"Orb Walker","floor":35,"turns":4},{"damage":20,"enemies":"3 Shapes","floor":38,"turns":4},{"damage":0,"enemies":"Nemesis","floor":41,"turns":5},{"damage":14,"enemies":"3 Darklings","floor":45,"turns":4},{"damage":0,"enemies":"Spire Growth","floor":47,"turns":1},{"damage":7,"enemies":"Maw","floor":48,"turns":6},{"damage":15,"enemies":"Time Eater","floor":50,"turns":8}],"seed_played":"-6382405699705993403","potions_obtained":[{"floor":1.0,"key":"Energy Potion"},{"floor":5.0,"key":"SkillPotion"},{"floor":20,"key":"Explosive Potion"},{"floor":21,"key":"LiquidBronze"},{"floor":23,"key":"Regen Potion"},{"floor":27,"key":"Swift Potion"},{"floor":28,"key":"PowerPotion"},{"floor":35,"key":"Poison Potion"},{"floor":41,"key":"AttackPotion"}],"is_trial":false,"path_per_floor":["M","?","$","?","M","R","E","M","T","$","?","R","E","M","R","B",null,"M","?","M","M","?","E","M","E","T","M","M","M","R","M","R","B",null,"M","T","?","M","$","R","E","R","T","?","M","$","M","M","R","B",null],"character_chosen":"IRONCLAD","items_purchased":["Inflame","Flame Barrier","Swift Potion","Weak Potion","SkillPotion","War Paint","Metallicize","SmokeBomb","Block Potion"],"campfire_rested":2,"item_purchase_floors":[3,10,39,39,39,39,46,46,46],"current_hp_per_floor":[75,75,75,75,77,77,58,64,64,64,49,49,44,50,50,35,67,63,63,69,66,66,45,44,48,55,59,47,34,34,23,51,12,74,71,71,71,57,57,57,63,63,63,63,55,55,61,60,88,79],"gold":179,"neow_bonus":"THREE_RARE_CARDS","is_prod":false,"is_daily":false,"chose_seed":false,"campfire_upgraded":6,"win_rate":0,"timestamp":1563666391,"path_taken":["M","?","$","?","M","R","E","?","T","$","?","R","E","M","R","BOSS","M","?","M","?","?","E","M","E","T","M","?","M","R","M","R","BOSS","M","?","?","?","$","R","E","R","T","?","M","$","?","M","R","BOSS"],"build_version":"2019-07-17","purchased_purges":2,"victory":true,"max_hp_per_floor":[80,77,77,77,77,77,77,77,77,77,77,77,77,77,77,77,77,77,77,77,77,77,77,77,87,94,94,94,94,94,94,94,94,94,94,94,94,94,94,94,94,94,94,94,94,94,94,94,94,94],"card_choices":[{"not_picked":["Dark Embrace","Demon Form"],"picked":"Berserk","floor":0.0},{"not_picked":["Pummel","Flex"],"picked":"Pommel Strike","floor":1.0},{"not_picked":["Heavy Blade","Warcry"],"picked":"Uppercut","floor":5.0},{"not_picked":["Limit Break","Wild Strike"],"picked":"True Grit","floor":7.0},{"not_picked":["Thunderclap","Body Slam"],"picked":"Spot Weakness","floor":8.0},{"not_picked":["Body Slam","Second Wind","Flame Barrier"],"picked":"SKIP","floor":13},{"not_picked":["Havoc","Whirlwind"],"picked":"Rage","floor":14},{"not_picked":["Berserk","Fiend Fire"],"picked":"Immolate","floor":16},{"not_picked":["Clash","Pommel Strike"],"picked":"Shrug It Off","floor":18},{"not_picked":["Pommel Strike","Cleave","Flex"],"picked":"SKIP","floor":20},{"not_picked":["Dual Wield","Reckless Charge"],"picked":"Metallicize","floor":21},{"not_picked":["Uppercut","Rampage"],"picked":"Juggernaut","floor":23},{"not_picked":["Iron Wave","Clash+1"],"picked":"Anger+1","floor":24},{"not_picked":["Pommel Strike+1","Twin Strike","Exhume"],"picked":"SKIP","floor":25},{"not_picked":["Cleave","Disarm"],"picked":"Shrug It Off","floor":27},{"not_picked":["Anger+1","Twin Strike"],"picked":"Heavy Blade","floor":28},{"not_picked":["Fire Breathing+1","Burning Pact","True Grit"],"picked":"SKIP","floor":29},{"not_picked":["Anger+1","Headbutt+1"],"picked":"Ghostly Armor","floor":31},{"not_picked":["Barricade","Impervious"],"picked":"Limit Break","floor":33},{"not_picked":["Uppercut","Iron Wave+1","Thunderclap+1"],"picked":"SKIP","floor":35},{"not_picked":["Shrug It Off","Clash+1"],"picked":"Clothesline","floor":38},{"not_picked":["Fiend Fire","Warcry+1"],"picked":"True Grit+1","floor":41},{"not_picked":["Body Slam","Twin Strike+1","Cleave+1"],"picked":"SKIP","floor":45},{"not_picked":["Power Through+1","Sentinel+1"],"picked":"Shockwave+1","floor":48}],"player_experience":452869,"relics_obtained":[{"floor":7.0,"key":"Torii"},{"floor":9,"key":"Bottled Tornado"},{"floor":13,"key":"Omamori"},{"floor":23,"key":"Potion Belt"},{"floor":25,"key":"Pear"},{"floor":26,"key":"Strawberry"},{"floor":36,"key":"Orichalcum"},{"floor":41,"key":"Bronze Scales"},{"floor":43,"key":"Anchor"}],"event_choices":[{"cards_removed":["Parasite"],"damage_healed":0.0,"max_hp_gain":0.0,"max_hp_loss":0.0,"gold_gain":0.0,"event_name":"The Cleric","player_choice":"Card Removal","floor":2.0,"gold_loss":50.0,"damage_taken":0.0},{"cards_removed":["Strike_R"],"damage_healed":0.0,"max_hp_gain":0.0,"max_hp_loss":0.0,"gold_gain":0.0,"event_name":"Purifier","player_choice":"Purged","floor":4.0,"gold_loss":0.0,"damage_taken":0.0},{"damage_healed":0,"gold_gain":0,"player_choice":"Entered Light","damage_taken":15,"max_hp_gain":0,"max_hp_loss":0,"event_name":"Shining Light","floor":11,"gold_loss":0,"cards_upgraded":["Strike_R","Flame Barrier"]},{"damage_healed":0,"gold_gain":0,"player_choice":"Rummage","damage_taken":0,"relics_obtained":["WarpedTongs"],"max_hp_gain":0,"max_hp_loss":0,"event_name":"Accursed Blacksmith","floor":19,"gold_loss":0,"cards_obtained":["Pain"]},{"damage_healed":0,"gold_gain":0,"player_choice":"Copied","damage_taken":0,"max_hp_gain":0,"max_hp_loss":0,"event_name":"Duplicator","floor":22,"gold_loss":0,"cards_obtained":["Flame Barrier"]},{"damage_healed":0,"gold_gain":0,"player_choice":"Upgraded","damage_taken":0,"max_hp_gain":0,"max_hp_loss":0,"event_name":"Upgrade Shrine","floor":37,"gold_loss":0,"cards_upgraded":["Limit Break"]},{"damage_healed":0,"gold_gain":300,"player_choice":"Gold","damage_taken":0,"max_hp_gain":0,"max_hp_loss":0,"event_name":"Wheel of Change","floor":44,"gold_loss":0}],"is_beta":false,"boss_relics":[{"not_picked":["Black Blood","Black Star"],"picked":"Velvet Choker"},{"not_picked":["Pandora\u0027s Box","Coffee Dripper"],"picked":"Runic Pyramid"}],"items_purged_floors":[39,46],"is_endless":false,"potions_floor_spawned":[1,5,20,21,23,27,28,35,41,47],"ascension_level":6}