{"gold_per_floor":[111,111,36,36,50,50,68,68,68,68,107,126,96,110,110,235,235,260,260,274,121,121,156,156,38,88,88,88,88,108,27,27,126,126,142,158,158,158,158,190,16,16,16,16,26,26,26,26,26,26],"floor_reached":51,"playtime":2700,"items_purged":["Strike_R","Decay","Shame","Strike_R+1"],"score":1011,"play_id":"e628da9d-d943-4213-a160-5a745f56c180","local_time":"20190722094839","is_ascension_mode":true,"campfire_choices":[{"data":"Armaments","floor":6,"key":"SMITH"},{"data":"Pommel Strike","floor":8,"key":"SMITH"},{"data":"True Grit","floor":10,"key":"SMITH"},{"data":"Barricade","floor":15,"key":"SMITH"},{"data":"Metallicize","floor":24,"key":"SMITH"},{"data":"Entrench","floor":27,"key":"SMITH"},{"floor":29,"key":"REST"},{"data":"Juggernaut","floor":32,"key":"SMITH"},{"data":"Limit Break","floor":42,"key":"SMITH"},{"data":"Seeing Red","floor":47,"key":"SMITH"},{"floor":49,"key":"REST"}],"neow_cost":"NONE","seed_source_timestamp":66985135964500,"circlet_count":0,"master_deck":["Strike_R+1","Strike_R+1","Strike_R+1","Defend_R+1","Defend_R+1","Defend_R+1","Defend_R+1","Bash","True Grit+1","Armaments+1","Pommel Strike+1","Barricade+1","Entrench+1","Juggernaut+1","Shame","Shrug It Off","Spot Weakness","Shrug It Off","Metallicize+1","Offering","True Grit","Limit Break+1","Seeing Red+1","Pommel Strike+1","Writhe","Bandage Up","Whirlwind","Metallicize+1"],"relics":["Burning Blood","Orichalcum","Bloody Idol","Thread and Needle","Blue Candle","Calling Bell","Centennial Puzzle","The Courier","Torii","Regal Pillow","Dream Catcher","Sozu","Happy Flower","Turnip","FossilizedHelix"],"potions_floor_usage":[16,23,33,36,40],"damage_taken":[{"damage":0,"enemies":"Cultist","floor":1,"turns":3},{"damage":5,"enemies":"Small Slimes","floor":5,"turns":4},{"damage":1,"enemies":"Jaw Worm","floor":7,"turns":4},{"damage":15,"enemies":"Gremlin Nob","floor":11,"turns":5},{"damage":4,"enemies":"Blue Slaver","floor":12,"turns":6},{"damage":0,"enemies":"Looter","floor":13,"turns":4},{"damage":0,"enemies":"Large Slime","floor":14,"turns":5},{"damage":7,"enemies":"Hexaghost","floor":16,"turns":16},{"damage":71,"enemies":"3 Byrds","floor":18,"turns":13},{"damage":13,"enemies":"Shell Parasite","floor":20,"turns":12},{"damage":29,"enemies":"Book of Stabbing","floor":23,"turns":6},{"damage":15,"enemies":"Snake Plant","floor":30,"turns":5},{"damage":7,"enemies":"Automaton","floor":33,"turns":16},{"damage":7,"enemies":"3 Darklings","floor":35,"turns":7},{"damage":32,"enemies":"3 Shapes","floor":36,"turns":4},{"damage":60,"enemies":"Giant Head","floor":40,"turns":10},{"damage":9,"enemies":"3 Darklings","floor":45,"turns":7},{"damage":56,"enemies":"Awakened One","floor":50,"turns":12}],"seed_played":"7922777891269042157","potions_obtained":[{"floor":5,"key":"Ancient Potion"},{"floor":12,"key":"Swift Potion"},{"floor":20,"key":"LiquidBronze"},{"floor":30,"key":"SkillPotion"}],"is_trial":false,"path_per_floor":["M","?","$","?","M","R","M","R","T","R","E","M","M","M","R","B",null,"M","?","M","$","?","E","R","$","T","R","?","R","M","$","R","B",null,"M","M","?","?","?","E","$","R","T","$","M","T","R","$","R","B",null],"character_chosen":"IRONCLAD","items_purchased":["Shrug It Off","Metallicize","True Grit","Energy Potion","Block Potion","Whirlwind"],"campfire_rested":2,"item_purchase_floors":[21,21,25,31,31,41],"current_hp_per_floor":[78,58,58,58,59,59,64,64,64,64,55,57,63,69,69,68,77,12,38,31,31,31,13,13,13,18,18,18,57,53,53,53,57,74,78,57,57,77,77,32,32,32,32,32,38,38,38,38,77,31],"gold":26,"neow_bonus":"RANDOM_COMMON_RELIC","is_prod":false,"is_daily":false,"chose_seed":false,"campfire_upgraded":9,"win_rate":0,"timestamp":1563803319,"path_taken":["M","?","$","?","M","R","M","R","T","R","E","M","?","M","R","BOSS","M","?","M","$","?","E","R","$","T","R","?","R","M","$","R","BOSS","M","M","?","?","?","E","$","R","T","$","M","?","R","?","R","BOSS"],"build_version":"2019-07-17","purchased_purges":4,"victory":true,"max_hp_per_floor":[80,80,80,80,80,80,80,80,80,80,80,80,80,80,80,80,80,80,80,80,80,80,80,80,80,80,80,80,80,80,80,80,80,80,80,80,80,80,80,80,80,80,80,80,80,80,80,80,80,80],"card_choices":[{"not_picked":["Combust","Cleave"],"picked":"True Grit","floor":1},{"not_picked":["Evolve","Wild Strike","Armaments"],"picked":"SKIP","floor":5},{"not_picked":["Armaments","True Grit"],"picked":"Pommel Strike","floor":7},{"not_picked":["Iron Wave","Second Wind"],"picked":"Barricade","floor":11},{"not_picked":["Flex","Reckless Charge"],"picked":"Inflame","floor":12},{"not_picked":["Shrug It Off","Evolve"],"picked":"Entrench","floor":13},{"not_picked":["Sever Soul","Reckless Charge","Second Wind"],"picked":"SKIP","floor":14},{"not_picked":["Reaper","Feed"],"picked":"Juggernaut","floor":16},{"not_picked":["Twin Strike","Warcry"],"picked":"Shrug It Off","floor":18},{"not_picked":["Combust","Second Wind"],"picked":"Spot Weakness","floor":20},{"not_picked":["Power Through","Searing Blow"],"picked":"Offering","floor":23},{"not_picked":["Evolve","Wild Strike","Warcry"],"picked":"SKIP","floor":30},{"not_picked":["Brutality","Impervious"],"picked":"Limit Break","floor":33},{"not_picked":["Havoc+1","Anger+1"],"picked":"Seeing Red","floor":35},{"not_picked":["Headbutt","Infernal Blade"],"picked":"Pommel Strike+1","floor":36},{"not_picked":["Forethought","Impatience"],"picked":"Bandage Up","floor":39},{"not_picked":["Combust","Rampage","Thunderclap+1"],"picked":"SKIP","floor":40},{"not_picked":["Warcry","Perfected Strike"],"picked":"Metallicize+1","floor":45}],"player_experience":473825,"relics_obtained":[{"floor":9,"key":"Thread and Needle"},{"floor":11,"key":"Blue Candle"},{"floor":17,"key":"Centennial Puzzle"},{"floor":17,"key":"The Courier"},{"floor":17,"key":"Torii"},{"floor":23,"key":"Regal Pillow"},{"floor":26,"key":"Dream Catcher"},{"floor":40,"key":"Happy Flower"},{"floor":43,"key":"Turnip"},{"floor":46,"key":"FossilizedHelix"}],"event_choices":[{"damage_healed":0,"gold_gain":0,"player_choice":"Take Damage","damage_taken":20,"relics_obtained":["Golden Idol"],"max_hp_gain":0,"max_hp_loss":0,"event_name":"Golden Idol","floor":2,"gold_loss":0},{"damage_healed":0,"gold_gain":0,"player_choice":"1 cards matched","damage_taken":0,"max_hp_gain":0,"max_hp_loss":0,"event_name":"Match and Keep!","floor":4,"gold_loss":0,"cards_obtained":["Armaments"]},{"damage_healed":26,"gold_gain":0,"player_choice":"Heal","damage_taken":0,"max_hp_gain":0,"max_hp_loss":0,"event_name":"The Library","floor":19,"gold_loss":0},{"damage_healed":0,"gold_gain":0,"player_choice":"Gave Idol","damage_taken":0,"relics_obtained":["Bloody Idol"],"max_hp_gain":0,"max_hp_loss":0,"event_name":"Forgotten Altar","floor":22,"relics_lost":["Golden Idol"],"gold_loss":0},{"damage_healed":0,"gold_gain":0,"player_choice":"Simplicity","damage_taken":0,"max_hp_gain":0,"max_hp_loss":0,"event_name":"Back to Basics","floor":28,"gold_loss":0,"cards_upgraded":["Strike_R","Strike_R","Strike_R","Strike_R","Defend_R","Defend_R","Defend_R","Defend_R"]},{"cards_removed":["Inflame"],"damage_healed":0,"gold_gain":0,"player_choice":"Removed Power","damage_taken":0,"max_hp_gain":0,"max_hp_loss":0,"event_name":"Falling","floor":37,"gold_loss":0},{"damage_healed":20,"gold_gain":0,"player_choice":"Writhe","damage_taken":0,"max_hp_gain":0,"max_hp_loss":0,"event_name":"Winding Halls","floor":38,"gold_loss":0,"cards_obtained":["Writhe"]},{"damage_healed":0,"gold_gain":0,"player_choice":"Memory 1","damage_taken":0,"max_hp_gain":0,"max_hp_loss":0,"event_name":"SensoryStone","floor":39,"gold_loss":0}],"is_beta":false,"boss_relics":[{"not_picked":["Black Blood","Runic Dome"],"picked":"Calling Bell"},{"not_picked":["Pandora\u0027s Box","Fusion Hammer"],"picked":"Sozu"}],"items_purged_floors":[3,21,25,41],"is_endless":false,"potions_floor_spawned":[5,12,20,30,35,40],"ascension_level":7}