{"gold_per_floor":[110,124,124,143,143,171,171,200,200,150,166,166,201,201,201,201],"floor_reached":16,"playtime":969,"items_purged":[],"score":159,"play_id":"242c4c9f-01f5-4ed6-bdf4-53cf106ac1c4","local_time":"20190815210032","is_ascension_mode":true,"campfire_choices":[{"data":"Intimidate","floor":7,"key":"SMITH"},{"floor":12,"key":"REST"},{"floor":15,"key":"REST"}],"neow_cost":"NONE","seed_source_timestamp":2829075648300,"circlet_count":0,"master_deck":["Strike_R","Strike_R","Strike_R","Strike_R","Strike_R","Defend_R","Defend_R","Defend_R","Defend_R","Bash","Cleave","Bash","Demon Form","Intimidate+1","Combust","Battle Trance","Pain"],"relics":["Burning Blood","Juzu Bracelet","Lantern","Bottled Lightning","Anchor","Blood Vial","Prayer Wheel","WarpedTongs"],"potions_floor_usage":[16],"damage_taken":[{"damage":4,"enemies":"Small Slimes","floor":1,"turns":4},{"damage":1,"enemies":"Cultist","floor":2,"turns":3},{"damage":9,"enemies":"Jaw Worm","floor":4,"turns":4},{"damage":28,"enemies":"Lagavulin","floor":6,"turns":6},{"damage":47,"enemies":"Gremlin Nob","floor":8,"turns":5},{"damage":6,"enemies":"Red Slaver","floor":11,"turns":3},{"damage":25,"enemies":"Lagavulin","floor":13,"turns":7},{"damage":51,"enemies":"Hexaghost","floor":16,"turns":9}],"seed_played":"-5459825269540250437","potions_obtained":[{"floor":4,"key":"SpeedPotion"},{"floor":8,"key":"SmokeBomb"}],"is_trial":false,"path_per_floor":["M","M","?","M","?","E","R","E","T","?","M","R","E","?","R","B"],"character_chosen":"IRONCLAD","items_purchased":[],"campfire_rested":2,"item_purchase_floors":[],"current_hp_per_floor":[74,79,79,76,76,54,54,13,13,13,15,39,22,22,46,0],"gold":201,"neow_bonus":"RANDOM_COMMON_RELIC","is_prod":false,"is_daily":false,"chose_seed":false,"campfire_upgraded":1,"win_rate":0,"timestamp":1565892032,"path_taken":["M","M","?","M","?","E","R","E","T","?","M","R","E","?","R","BOSS"],"build_version":"2019-07-17","purchased_purges":0,"victory":false,"max_hp_per_floor":[80,80,80,80,80,80,80,80,80,80,80,80,80,80,80,80],"card_choices":[{"not_picked":["Flame Barrier","Dual Wield"],"picked":"Cleave","floor":1},{"not_picked":["Sever Soul","Perfected Strike","Headbutt"],"picked":"SKIP","floor":2},{"not_picked":["Battle Trance","Searing Blow"],"picked":"Intimidate","floor":4},{"not_picked":["Flex","Rampage","Clash"],"picked":"SKIP","floor":6},{"not_picked":["Flex","Thunderclap"],"picked":"Combust","floor":8},{"not_picked":["Heavy Blade","Feel No Pain"],"picked":"Battle Trance","floor":11},{"not_picked":["Evolve","Offering","Power Through"],"picked":"SKIP","floor":13}],"player_experience":217940,"relics_obtained":[{"floor":6,"key":"Bottled Lightning"},{"floor":8,"key":"Anchor"},{"floor":9,"key":"Blood Vial"},{"floor":13,"key":"Prayer Wheel"}],"event_choices":[{"damage_healed":0,"gold_gain":0,"player_choice":"2 cards matched","damage_taken":0,"max_hp_gain":0,"max_hp_loss":0,"event_name":"Match and Keep!","floor":3,"gold_loss":0,"cards_obtained":["Bash","Demon Form"]},{"damage_healed":0,"gold_gain":0,"player_choice":"Box","damage_taken":0,"relics_obtained":["Lantern"],"max_hp_gain":0,"max_hp_loss":0,"event_name":"Big Fish","floor":5,"gold_loss":0,"cards_obtained":["Regret"]},{"cards_removed":["Regret"],"damage_healed":0,"gold_gain":0,"player_choice":"Card Removal","damage_taken":0,"max_hp_gain":0,"max_hp_loss":0,"event_name":"The Cleric","floor":10,"gold_loss":50},{"damage_healed":0,"gold_gain":0,"player_choice":"Rummage","damage_taken":0,"relics_obtained":["WarpedTongs"],"max_hp_gain":0,"max_hp_loss":0,"event_name":"Accursed Blacksmith","floor":14,"gold_loss":0,"cards_obtained":["Pain"]}],"is_beta":false,"boss_relics":[],"items_purged_floors":[],"is_endless":false,"potions_floor_spawned":[4,8],"killed_by":"Hexaghost","ascension_level":7}