{"gold_per_floor":[118,118,118,143,143,143,158,178,178,192,218,234,247,13,13,132,132,145,170,210,125,91,129,129,142,165,165],"floor_reached":27,"playtime":1289,"items_purged":[],"score":259,"play_id":"5e9f5a7b-59a8-40e6-aa05-7eb87d6dff61","local_time":"20190813231927","is_ascension_mode":true,"campfire_choices":[{"floor":6,"key":"REST"},{"floor":15,"key":"REST"},{"floor":24,"key":"REST"}],"neow_cost":"PERCENT_DAMAGE","seed_source_timestamp":215590416598141,"circlet_count":0,"master_deck":["Strike_B","Strike_B","Strike_B","Strike_B","Defend_B","Defend_B","Defend_B","Defend_B","Zap","Dualcast","Cold Snap","Conserve Battery","Ball Lightning","Hello World","Sweeping Beam","White Noise","All For One","Defragment","Redo+1","Gash","Self Repair","Go for the Eyes","Stack"],"relics":["Cracked Core","Golden Idol","Cables","Question Card","Omamori","Orichalcum","Nuclear Battery","Red Mask","Singing Bowl","StoneCalendar","Art of War"],"potions_floor_usage":[16,16,19,20],"damage_taken":[{"damage":0,"enemies":"Small Slimes","floor":1,"turns":4},{"damage":2,"enemies":"Jaw Worm","floor":4,"turns":3},{"damage":0,"enemies":"Cultist","floor":7,"turns":3},{"damage":11,"enemies":"Exordium Wildlife","floor":8,"turns":5},{"damage":4,"enemies":"2 Fungi Beasts","floor":10,"turns":3},{"damage":4,"enemies":"Blue Slaver","floor":12,"turns":3},{"damage":0,"enemies":"Exordium Thugs","floor":13,"turns":5},{"damage":22,"enemies":"Hexaghost","floor":16,"turns":10},{"damage":27,"enemies":"Shell Parasite","floor":18,"turns":5},{"damage":2,"enemies":"Chosen","floor":19,"turns":4},{"damage":18,"enemies":"Masked Bandits","floor":20,"turns":4},{"damage":36,"enemies":"Book of Stabbing","floor":23,"turns":6},{"damage":30,"enemies":"Shelled Parasite and Fungi","floor":25,"turns":4},{"damage":16,"enemies":"Slavers","floor":27,"turns":1}],"seed_played":"-2003029698976827951","potions_obtained":[{"floor":1,"key":"GamblersBrew"},{"floor":10,"key":"Strength Potion"},{"floor":12,"key":"Weak Potion"},{"floor":18,"key":"SpeedPotion"}],"is_trial":false,"path_per_floor":["M","?","T","M","?","R","M","M","T","M","T","M","M","$","R","B",null,"M","M","?","?","$","E","R","M","T","E"],"character_chosen":"DEFECT","items_purchased":["White Noise","Orichalcum","Self Repair"],"campfire_rested":3,"item_purchase_floors":[14,14,22],"current_hp_per_floor":[68,46,46,44,36,62,62,51,51,47,47,43,43,43,69,47,89,62,60,42,42,42,13,39,16,16,0],"gold":165,"neow_bonus":"TWENTY_PERCENT_HP_BONUS","is_prod":false,"is_daily":false,"chose_seed":false,"campfire_upgraded":0,"win_rate":0,"timestamp":1565734767,"path_taken":["M","?","?","?","?","R","M","?","T","M","?","M","M","$","R","BOSS","M","M","?","?","$","E","R","M","T","E"],"build_version":"2019-07-17","purchased_purges":0,"victory":false,"max_hp_per_floor":[89,89,89,89,89,89,89,89,89,89,89,89,89,89,89,89,89,89,89,89,89,89,89,89,89,89,89],"card_choices":[{"not_picked":["Lockon","Sweeping Beam"],"picked":"Cold Snap","floor":1},{"not_picked":["Undo","Rebound"],"picked":"Conserve Battery","floor":4},{"not_picked":["Force Field","Chill"],"picked":"Ball Lightning","floor":7},{"not_picked":["Reprogram","Storm","Turbo"],"picked":"SKIP","floor":8},{"not_picked":["Reinforced Body","Rebound","Chaos"],"picked":"Hello World","floor":10},{"not_picked":["Rebound","Doom and Gloom","Undo","Storm"],"picked":"SKIP","floor":12},{"not_picked":["Sunder","Rip and Tear","Barrage"],"picked":"Sweeping Beam","floor":13},{"not_picked":["Multi-Cast","Core Surge","Biased Cognition"],"picked":"All For One","floor":16},{"not_picked":["Sweeping Beam","Glacier","Leap"],"picked":"Defragment","floor":18},{"not_picked":["Gash","Stack","Steam Power"],"picked":"Redo+1","floor":19},{"not_picked":["Compile Driver","Tempest","Hologram"],"picked":"Gash","floor":20},{"not_picked":["Hyperbeam","Reinforced Body","Turbo"],"picked":"Go for the Eyes","floor":23},{"not_picked":["Compile Driver","Cold Snap","Rebound"],"picked":"Stack","floor":25}],"player_experience":327530,"relics_obtained":[{"floor":3,"key":"Cables"},{"floor":9,"key":"Question Card"},{"floor":11,"key":"Omamori"},{"floor":20,"key":"Red Mask"},{"floor":23,"key":"StoneCalendar"},{"floor":26,"key":"Art of War"}],"event_choices":[{"damage_healed":0,"gold_gain":0,"player_choice":"Take Damage","damage_taken":22,"relics_obtained":["Golden Idol"],"max_hp_gain":0,"max_hp_loss":0,"event_name":"Golden Idol","floor":2,"gold_loss":0},{"damage_healed":0,"gold_gain":0,"player_choice":"Damaged","damage_taken":8,"max_hp_gain":0,"max_hp_loss":0,"event_name":"Wheel of Change","floor":5,"gold_loss":0},{"damage_healed":0,"gold_gain":0,"player_choice":"Fought Bandits","damage_taken":0,"max_hp_gain":0,"max_hp_loss":0,"event_name":"Masked Bandits","floor":20,"gold_loss":0},{"damage_healed":0,"gold_gain":0,"player_choice":"Obtained Relic","damage_taken":0,"relics_obtained":["Singing Bowl"],"max_hp_gain":0,"max_hp_loss":0,"event_name":"Addict","floor":21,"gold_loss":85}],"is_beta":false,"boss_relics":[{"not_picked":["Tiny House","Velvet Choker"],"picked":"Nuclear Battery"}],"items_purged_floors":[],"is_endless":false,"potions_floor_spawned":[1,10,12,18],"killed_by":"Slavers","ascension_level":3}