{"path_per_floor":["M","?","M","$","?","R","M","R","T","M","?","$","M","M","R"],"character_chosen":"DEFECT","items_purchased":[],"gold_per_floor":[112,112,132,132,132,132,148,148,173,192,267,267,286,301,301,301],"floor_reached":16,"campfire_rested":0,"playtime":1239,"item_purchase_floors":[],"current_hp_per_floor":[67,75,68,68,68,68,66,66,66,58,47,47,41,3,3,0],"items_purged":[],"gold":301,"score":92,"play_id":"d1b1ba7b-fd17-4ccf-892a-c9e9d911ad5d","local_time":"20180616001248","is_prod":false,"is_daily":false,"chose_seed":false,"is_ascension_mode":false,"campfire_upgraded":3,"win_rate":0.0,"timestamp":1529104368,"campfire_choices":[{"data":"Barrage","floor":6,"key":"SMITH"},{"data":"Defend_B","floor":8,"key":"SMITH"},{"data":"Genetic Algorithm","floor":15,"key":"SMITH"}],"path_taken":["M","?","?","?","?","R","M","R","T","M","?","$","?","M","R","BOSS"],"build_version":"2018-06-14v2","seed_source_timestamp":104469694516760,"purchased_purges":0,"victory":false,"master_deck":["Strike_B","Strike_B","Strike_B","Strike_B","Defend_B","Defend_B","Defend_B+1","Defend_B","Zap","Dualcast","Barrage+1","Conserve Battery","Normality","Genetic Algorithm+1","Compile Driver","Streamline","Barrage"],"max_hp_per_floor":[75,75,75,75,75,75,75,75,75,75,75,75,75,75,75,75],"relics":["Cracked Core","Potion Belt","Happy Flower"],"card_choices":[{"not_picked":["Cold Snap","Compile Driver"],"picked":"Barrage","floor":1},{"not_picked":["Barrage","Gash"],"picked":"Conserve Battery","floor":3},{"not_picked":["Cold Snap","Electrodynamics"],"picked":"Genetic Algorithm","floor":7},{"not_picked":["Leap","Sweeping Beam"],"picked":"Compile Driver","floor":10},{"not_picked":["Coolheaded","Stack"],"picked":"Streamline","floor":13},{"not_picked":["Chaos","Gash"],"picked":"Barrage","floor":14}],"player_experience":3389,"potions_floor_usage":[],"damage_taken":[{"damage":8,"enemies":"Jaw Worm","floor":1,"turns":3},{"damage":7,"enemies":"2 Louse","floor":3,"turns":3},{"damage":2,"enemies":"Cultist","floor":7,"turns":5},{"damage":8,"enemies":"Red Slaver","floor":10,"turns":5},{"damage":6,"enemies":"Blue Slaver","floor":13,"turns":4},{"damage":38,"enemies":"Gremlin Gang","floor":14,"turns":5},{"damage":14,"enemies":"Hexaghost","floor":16,"turns":9}],"relics_obtained":[{"floor":9,"key":"Happy Flower"}],"event_choices":[{"event_name":"Big Fish","player_choice":"Banana","floor":2,"damage_taken":0},{"event_name":"Accursed Blacksmith","player_choice":"Rummage","floor":5,"damage_taken":0},{"event_name":"World of Goop","player_choice":"Gather Gold","floor":11,"damage_taken":0}],"boss_relics":[],"items_purged_floors":[],"is_endless":false,"potions_floor_spawned":[10,13],"seed_played":"5523563468274265512","killed_by":"Hexaghost","ascension_level":0,"potions_obtained":[{"floor":10,"key":"Swift Potion"},{"floor":13,"key":"FairyPotion"}],"is_trial":false}