{"gold_per_floor":[119,119,119,139,139,139,169,184,184,104,104,135,146,116,116,220,220,236,156,166,181,255,255,284,301,301,301,400,400,418,428,428,527,527,546,560,860,870,885,885,902,933,933,350,360,0,27,44,44,44],"floor_reached":51,"playtime":9396,"items_purged":["Strike_G"],"score":1190,"play_id":"44ee610d-ce90-457f-b222-030870216931","local_time":"20180701094925","is_ascension_mode":true,"campfire_choices":[{"data":"All Out Attack","floor":6.0,"key":"SMITH"},{"data":"Footwork","floor":11.0,"key":"SMITH"},{"data":"Footwork","floor":15.0,"key":"SMITH"},{"data":"Well Laid Plans","floor":23.0,"key":"SMITH"},{"data":"Caltrops","floor":27.0,"key":"SMITH"},{"floor":32.0,"key":"REST"},{"floor":40,"key":"REST"},{"floor":49,"key":"REST"}],"neow_cost":"","seed_source_timestamp":0,"circlet_count":0,"master_deck":["Defend_G","Defend_G","Defend_G","Defend_G","Defend_G","Strike_G","Strike_G","Strike_G","Strike_G","Survivor","Neutralize","Cloak And Dagger+1","All Out Attack+1","Footwork+1","Well Laid Plans+1","Footwork+1","Dodge and Roll+1","Backflip+1","Outmaneuver+1","Doppelganger+1","Prepared+1","Backflip+1","PiercingWail+1","Escape Plan+1","Injury","Caltrops+1","Dodge and Roll+1","Adrenaline+1","Cloak And Dagger+1","After Image","Cloak And Dagger+1","Deflect+1","Deflect+1","Terror+1","Caltrops"],"special_seed":0,"relics":["Ring of the Snake","Bag of Marbles","Toxic Egg 2","Meat on the Bone","Bronze Scales","Cursed Key","Pear","Potion Belt","White Beast Statue","Old Coin","Omamori","Blue Candle","Singing Bowl","Sundial","Red Mask","Ancient Tea Set"],"potions_floor_usage":[36,38,39,41,50,50,50,50],"damage_taken":[{"damage":0.0,"enemies":"Cultist","floor":1.0,"turns":4.0},{"damage":0.0,"enemies":"2 Louse","floor":4.0,"turns":3.0},{"damage":0.0,"enemies":"3 Sentries","floor":7.0,"turns":6.0},{"damage":0.0,"enemies":"Small Slimes","floor":8.0,"turns":2.0},{"damage":0.0,"enemies":"Lagavulin","floor":12.0,"turns":10.0},{"damage":0.0,"enemies":"3 Louse","floor":13.0,"turns":3.0},{"damage":0.0,"enemies":"Looter","floor":14.0,"turns":4.0},{"damage":17.0,"enemies":"Hexaghost","floor":16.0,"turns":15.0},{"damage":0.0,"enemies":"Chosen","floor":18.0,"turns":5.0},{"damage":5.0,"enemies":"Spheric Guardian","floor":20.0,"turns":6.0},{"damage":0.0,"enemies":"Centurion and Healer","floor":21.0,"turns":12.0},{"damage":0.0,"enemies":"Gremlin Leader","floor":24.0,"turns":14.0},{"damage":9.0,"enemies":"Snake Plant","floor":25.0,"turns":5.0},{"damage":0.0,"enemies":"Snecko","floor":30.0,"turns":8.0},{"damage":3.0,"enemies":"Slaver and Parasite","floor":31.0,"turns":7.0},{"damage":11.0,"enemies":"Champ","floor":33.0,"turns":26.0},{"damage":2,"enemies":"3 Darklings","floor":35,"turns":8},{"damage":0,"enemies":"Orb Walker","floor":36,"turns":4},{"damage":0,"floor":37,"turns":10},{"damage":4,"enemies":"Sphere and 2 Shapes","floor":38,"turns":7},{"damage":31,"enemies":"3 Darklings","floor":39,"turns":5},{"damage":0,"enemies":"Maw","floor":41,"turns":11},{"damage":5,"enemies":"2 Orb Walkers","floor":42,"turns":9},{"damage":0,"enemies":"4 Shapes","floor":45,"turns":6},{"damage":9,"enemies":"Nemesis","floor":47,"turns":15},{"damage":4,"enemies":"3 Darklings","floor":48,"turns":6},{"damage":33,"enemies":"Time Eater","floor":50,"turns":17}],"seed_played":"2430424892766171568","potions_obtained":[{"floor":4.0,"key":"Block Potion"},{"floor":8.0,"key":"PowerPotion"},{"floor":13.0,"key":"Ancient Potion"},{"floor":18.0,"key":"Swift Potion"},{"floor":20.0,"key":"Block Potion"},{"floor":30.0,"key":"Strength Potion"},{"floor":31.0,"key":"Block Potion"},{"floor":35,"key":"Block Potion"},{"floor":36,"key":"FearPotion"},{"floor":37,"key":"Fire Potion"},{"floor":38,"key":"FearPotion"},{"floor":39,"key":"Block Potion"},{"floor":41,"key":"LiquidBronze"},{"floor":42,"key":"Poison Potion"}],"is_trial":false,"path_per_floor":["M","?","?","M","?","R","E","M","T","$","R","E","M","M","R","B",null,"M","$","M","M","T","R","E","M","T","R","?","?","M","M","R","B",null,"M","M","?","M","M","R","M","E","T","$","M","?","E","M","R","B"],"character_chosen":"THE_SILENT","items_purchased":["Footwork","Backflip+1","PiercingWail+1","Caltrops","Singing Bowl","Sundial"],"campfire_rested":3,"item_purchase_floors":[],"current_hp_per_floor":[70,70,70,70,70,70,70,70,70,70,70,70,70,70,70,53,70,70,70,65,65,75,75,75,66,66,66,66,66,66,63,80,69,80,78,78,78,74,43,67,67,62,62,62,64,64,57,55,80,47],"gold":44,"neow_bonus":"","is_prod":false,"is_daily":false,"chose_seed":false,"campfire_upgraded":5,"win_rate":0,"timestamp":1530434965,"path_taken":["M","?","?","M","?","R","E","M","T","$","R","E","?","M","R","BOSS","M","$","M","M","?","R","E","M","T","R","?","?","?","M","R","BOSS","M","?","?","M","M","R","M","E","T","$","M","?","E","M","R","BOSS"],"build_version":"2018-06-28","purchased_purges":1,"victory":true,"max_hp_per_floor":[70,70,70,70,70,70,70,70,70,70,70,70,70,70,70,70,70,70,70,70,70,80,80,80,80,80,80,80,80,80,80,80,80,80,80,80,80,80,80,80,80,80,80,80,82,82,84,86,86,86],"card_choices":[{"not_picked":["Riddle With Holes","Poisoned Stab"],"picked":"Cloak And Dagger","floor":1.0},{"not_picked":["Underhanded Strike","Deadly Poison"],"picked":"All Out Attack","floor":4.0},{"not_picked":["Underhanded Strike","After Image"],"picked":"Footwork","floor":7.0},{"not_picked":["Prepared+1","Backstab"],"picked":"Well Laid Plans","floor":8.0},{"not_picked":["Deadly Poison+1","Underhanded Strike"],"picked":"Dodge and Roll+1","floor":12.0},{"not_picked":["Escape Plan+1","Flying Knee"],"picked":"Backflip+1","floor":13.0},{"not_picked":["Poisoned Stab","Calculated Gamble+1"],"picked":"Outmaneuver+1","floor":14.0},{"not_picked":["Envenom","Grand Finale"],"picked":"Doppelganger+1","floor":16.0},{"not_picked":["Bouncing Flask+1","Acrobatics+1"],"picked":"Prepared+1","floor":18.0},{"not_picked":["Expertise+1","Dagger Spray"],"picked":"Escape Plan+1","floor":20.0},{"not_picked":["PiercingWail+1","Dagger Throw+1","Flechettes"],"picked":"SKIP","floor":21.0},{"not_picked":["Underhanded Strike","Concentrate+1"],"picked":"Caltrops","floor":24.0},{"not_picked":["Deadly Poison+1","Accuracy+1","Outmaneuver+1"],"picked":"SKIP","floor":25.0},{"not_picked":["Accuracy+1","Concentrate+1","Predator"],"picked":"SKIP","floor":30.0},{"not_picked":["Poisoned Stab+1","Underhanded Strike"],"picked":"Dodge and Roll+1","floor":31.0},{"not_picked":["Wraith Form v2","Doppelganger+1"],"picked":"Adrenaline+1","floor":33.0},{"not_picked":["Deadly Poison+1","Poisoned Stab"],"picked":"Cloak And Dagger+1","floor":35},{"not_picked":["Bane+1","Masterful Stab"],"picked":"After Image","floor":36},{"not_picked":["Flechettes+1","Outmaneuver+1"],"picked":"Cloak And Dagger+1","floor":37},{"not_picked":["Prepared+1","Underhanded Strike"],"picked":"Deflect+1","floor":38},{"not_picked":["Underhanded Strike+1","Flying Knee"],"picked":"Deflect+1","floor":39},{"not_picked":["Deadly Poison+1","Heel Hook+1"],"picked":"Terror+1","floor":41},{"not_picked":["Flechettes","Poisoned Stab","Underhanded Strike"],"picked":"SKIP","floor":42},{"not_picked":["Finisher","Masterful Stab","Deadly Poison+1"],"picked":"Singing Bowl","floor":45},{"not_picked":["Masterful Stab","Deadly Poison+1","PiercingWail+1"],"picked":"Singing Bowl","floor":47},{"not_picked":["Bouncing Flask+1","Sucker Punch","Slice"],"picked":"Singing Bowl","floor":48}],"player_experience":251023,"relics_obtained":[{"floor":7.0,"key":"Toxic Egg 2"},{"floor":9.0,"key":"Meat on the Bone"},{"floor":12.0,"key":"Bronze Scales"},{"floor":22.0,"key":"Pear"},{"floor":24.0,"key":"Potion Belt"},{"floor":37,"key":"Old Coin"},{"floor":42,"key":"Omamori"},{"floor":43,"key":"Blue Candle"},{"floor":47,"key":"Ancient Tea Set"}],"event_choices":[{"event_name":"Living Wall","player_choice":"Grow","floor":2.0,"damage_taken":0.0},{"event_name":"Shining Light","player_choice":"Ignored","floor":3.0,"damage_taken":0.0},{"event_name":"Scrap Ooze","player_choice":"unsuccessful","floor":5.0,"damage_taken":0.0},{"event_name":"Nest","player_choice":"Stole From Cult","floor":28.0,"damage_taken":0.0},{"event_name":"Drug Dealer","player_choice":"Ignored","floor":29.0,"damage_taken":0.0},{"event_name":"MindBloom","player_choice":"Fight","floor":37,"damage_taken":0},{"event_name":"Tomb of Lord Red Mask","player_choice":"Paid","floor":46,"damage_taken":0}],"boss_relics":[{"not_picked":["Coffee Dripper","Calling Bell"],"picked":"Cursed Key"},{"not_picked":["Tiny House","Runic Dome"],"picked":"White Beast Statue"}],"items_purged_floors":[44],"is_endless":false,"potions_floor_spawned":[4,8,13,18,20,30,31,35,36,37,38,39,41,42,45,47,48],"ascension_level":2}