{"gold_per_floor":[113,127,52,127,27,57,76,76,100,114,141,156,156,156,156,259,259,225,236,251,268,286,319,194,220,247,197,207,57,75,110,110,210,210,227,227,137,148,448,474,151,151,201,201,6,6,20,97,97,97],"floor_reached":51,"playtime":3882,"items_purged":["Strike_G","Strike_G","Defend_G","Defend_G","Strike_G"],"score":884,"play_id":"b44c39dd-c9bc-4b43-b683-40e4dd41a761","local_time":"20190815224528","is_ascension_mode":true,"campfire_choices":[{"data":"Footwork","floor":8.0,"key":"SMITH"},{"data":"Footwork","floor":13.0,"key":"SMITH"},{"data":"Dash","floor":15.0,"key":"SMITH"},{"data":"Choke","floor":32,"key":"SMITH"},{"floor":42,"key":"REST"},{"data":"Footwork","floor":49,"key":"SMITH"}],"neow_cost":"NONE","seed_source_timestamp":0,"circlet_count":0,"master_deck":["Strike_G+1","Strike_G+1","Defend_G","Defend_G+1","Defend_G","Survivor","Dash+1","Footwork+1","Tactician+1","Backstab+1","Footwork+1","Dagger Throw+1","Backflip+1","Terror+1","Choke+1","Backstab+1","Footwork+1"],"special_seed":0,"relics":["Ring of the Snake","NeowsBlessing","Bag of Preparation","Dream Catcher","War Paint","Philosopher\u0027s Stone","Gremlin Horn","Incense Burner","Snake Skull","Juzu Bracelet","Black Star","Question Card","Blood Vial","Whetstone","Omamori","TheAbacus","Pantograph"],"potions_floor_usage":[18,25,25,33,33,50,50],"damage_taken":[{"damage":0.0,"enemies":"2 Louse","floor":1.0,"turns":1.0},{"damage":0.0,"enemies":"Small Slimes","floor":2.0,"turns":1.0},{"damage":0.0,"enemies":"3 Sentries","floor":6.0,"turns":2.0},{"damage":0.0,"enemies":"Cultist","floor":7.0,"turns":5.0},{"damage":1.0,"enemies":"Exordium Wildlife","floor":10.0,"turns":6.0},{"damage":7.0,"enemies":"Gremlin Nob","floor":11.0,"turns":4.0},{"damage":0.0,"enemies":"Red Slaver","floor":12.0,"turns":5.0},{"damage":45.0,"enemies":"Slime Boss","floor":16.0,"turns":30.0},{"damage":0,"enemies":"2 Thieves","floor":18,"turns":5},{"damage":0,"enemies":"Spheric Guardian","floor":19,"turns":3},{"damage":5,"enemies":"Cultist and Chosen","floor":20,"turns":12},{"damage":6,"enemies":"Sentry and Sphere","floor":21,"turns":12},{"damage":6,"enemies":"Snake Plant","floor":22,"turns":6},{"damage":10,"enemies":"Book of Stabbing","floor":23,"turns":6},{"damage":0,"enemies":"Slavers","floor":25,"turns":5},{"damage":0,"enemies":"3 Cultists","floor":28,"turns":6},{"damage":1,"enemies":"Chosen and Byrds","floor":30,"turns":5},{"damage":0,"enemies":"Book of Stabbing","floor":31,"turns":4},{"damage":5,"enemies":"Champ","floor":33,"turns":12},{"damage":0,"enemies":"3 Darklings","floor":35,"turns":5},{"damage":0,"enemies":"Orb Walker","floor":38,"turns":2},{"damage":60,"enemies":"Giant Head","floor":40,"turns":11},{"damage":0,"enemies":"Spire Growth","floor":47,"turns":4},{"damage":42,"enemies":"Awakened One","floor":50,"turns":28}],"seed_played":"1359395515554766959","potions_obtained":[{"floor":2.0,"key":"FearPotion"},{"floor":10.0,"key":"Fire Potion"},{"floor":12.0,"key":"Block Potion"},{"floor":16.0,"key":"AttackPotion"},{"floor":18,"key":"Block Potion"},{"floor":20,"key":"GhostInAJar"},{"floor":22,"key":"AttackPotion"},{"floor":25,"key":"Dexterity Potion"},{"floor":31,"key":"SteroidPotion"},{"floor":40,"key":"FairyPotion"},{"floor":47,"key":"Dexterity Potion"}],"is_trial":false,"path_per_floor":["M","M","$","?","$","E","M","R","T","M","E","M","R","?","R","B",null,"M","M","M","M","M","E","$","E","T","?","M","$","M","E","R","B",null,"M","?","?","M","?","E","$","R","T","?","$","?","M","T","R","B",null],"character_chosen":"THE_SILENT","items_purchased":["Whetstone","TheAbacus"],"campfire_rested":1,"item_purchase_floors":[41,45],"current_hp_per_floor":[70,70,70,59,59,59,59,59,59,58,51,51,51,51,51,6,70,70,70,65,59,53,43,43,43,43,43,43,43,42,42,42,37,70,70,66,66,66,66,6,6,25,25,58,58,58,58,58,58,16],"gold":97,"neow_bonus":"THREE_ENEMY_KILL","is_prod":false,"is_daily":false,"chose_seed":false,"campfire_upgraded":5,"win_rate":0,"timestamp":1565873128,"path_taken":["M","M","$","?","$","E","M","R","T","M","E","M","R","?","R","BOSS","M","M","?","M","M","E","$","E","T","?","?","$","M","E","R","BOSS","M","?","?","M","?","E","$","R","T","?","$","?","M","?","R","BOSS"],"build_version":"2019-07-17","purchased_purges":5,"victory":true,"max_hp_per_floor":[70,70,70,70,70,70,70,70,70,70,70,70,70,70,70,70,70,70,70,70,70,70,70,70,70,70,70,70,70,70,70,70,70,70,70,66,66,66,66,66,66,66,66,58,58,58,58,58,58,58],"card_choices":[{"not_picked":["Flying Knee","Infinite Blades","Reflex"],"picked":"SKIP","floor":1.0},{"not_picked":["Footwork","Prepared"],"picked":"Dash","floor":2.0},{"not_picked":["All Out Attack","Backflip"],"picked":"Footwork","floor":6.0},{"not_picked":["Night Terror","Backflip"],"picked":"Tactician","floor":7.0},{"not_picked":["Prepared","Predator"],"picked":"Backstab","floor":10.0},{"not_picked":["Reflex","Acrobatics","Unload"],"picked":"SKIP","floor":11.0},{"not_picked":["Dodge and Roll","Acrobatics"],"picked":"Footwork","floor":12.0},{"not_picked":["PiercingWail","Distraction"],"picked":"Dagger Throw+1","floor":18},{"not_picked":["Blade Dance+1","Deadly Poison","Crippling Poison"],"picked":"SKIP","floor":19},{"not_picked":["PiercingWail","Blade Dance","Deflect"],"picked":"SKIP","floor":20},{"not_picked":["Poisoned Stab","Riddle With Holes"],"picked":"Backflip+1","floor":21},{"not_picked":["Calculated Gamble","Well Laid Plans"],"picked":"Terror+1","floor":22},{"not_picked":["Outmaneuver","Flying Knee+1"],"picked":"Choke","floor":23},{"not_picked":["Flying Knee","Blade Dance","Bane"],"picked":"SKIP","floor":25},{"not_picked":["Dodge and Roll+1","Dash"],"picked":"Backstab+1","floor":28},{"not_picked":["Blade Dance","Deadly Poison+1"],"picked":"Heel Hook","floor":30},{"not_picked":["Dash","Leg Sweep","Bane+1"],"picked":"SKIP","floor":31},{"not_picked":["Infinite Blades+1","Underhanded Strike+1","Dodge and Roll+1"],"picked":"SKIP","floor":35},{"not_picked":["Predator","Leg Sweep","Dagger Spray+1"],"picked":"SKIP","floor":38},{"not_picked":["Dagger Spray+1","Flechettes","Deflect+1"],"picked":"SKIP","floor":40},{"not_picked":["Bane+1","PiercingWail","Deflect"],"picked":"Footwork","floor":47}],"player_experience":37505,"relics_obtained":[{"floor":6.0,"key":"Bag of Preparation"},{"floor":9.0,"key":"Dream Catcher"},{"floor":11.0,"key":"War Paint"},{"floor":23,"key":"Gremlin Horn"},{"floor":25,"key":"Incense Burner"},{"floor":26,"key":"Snake Skull"},{"floor":31,"key":"Juzu Bracelet"},{"floor":40,"key":"Question Card"},{"floor":40,"key":"Blood Vial"},{"floor":43,"key":"Omamori"},{"floor":48,"key":"Pantograph"}],"event_choices":[{"damage_healed":0.0,"max_hp_gain":0.0,"max_hp_loss":0.0,"gold_gain":75.0,"event_name":"World of Goop","player_choice":"Gather Gold","floor":4.0,"gold_loss":0.0,"damage_taken":11.0},{"damage_healed":0.0,"max_hp_gain":0.0,"max_hp_loss":0.0,"gold_gain":0.0,"event_name":"Accursed Blacksmith","player_choice":"Forge","floor":14.0,"gold_loss":0.0,"damage_taken":0.0,"cards_upgraded":["Backstab"]},{"damage_healed":0,"gold_gain":0,"player_choice":"Bet on Murderer","damage_taken":0,"max_hp_gain":0,"max_hp_loss":0,"event_name":"The Joust","floor":27,"gold_loss":50},{"damage_healed":0,"gold_gain":0,"player_choice":"Max HP","damage_taken":0,"max_hp_gain":0,"max_hp_loss":4,"event_name":"Winding Halls","floor":36,"gold_loss":0},{"cards_removed":["Heel Hook"],"damage_healed":0,"gold_gain":0,"player_choice":"Upgrade and Remove","damage_taken":0,"max_hp_gain":0,"max_hp_loss":0,"event_name":"Designer","floor":37,"gold_loss":90,"cards_upgraded":["Strike_G"]},{"damage_healed":0,"gold_gain":300,"player_choice":"Gold","damage_taken":0,"max_hp_gain":0,"max_hp_loss":0,"event_name":"Wheel of Change","floor":39,"gold_loss":0},{"damage_healed":58,"gold_gain":0,"player_choice":"Heal","damage_taken":0,"max_hp_gain":0,"max_hp_loss":8,"event_name":"The Moai Head","floor":44,"gold_loss":0},{"cards_removed":["Neutralize"],"damage_healed":0,"gold_gain":0,"player_choice":"Removed Attack","damage_taken":0,"max_hp_gain":0,"max_hp_loss":0,"event_name":"Falling","floor":46,"gold_loss":0}],"is_beta":false,"boss_relics":[{"not_picked":["Snecko Eye","Tiny House"],"picked":"Philosopher\u0027s Stone"},{"not_picked":["Calling Bell","Eternal Feather"],"picked":"Black Star"}],"items_purged_floors":[3,5,24,29,41],"is_endless":false,"potions_floor_spawned":[2,10,12,16,18,20,22,25,31,40,47],"ascension_level":1}