{"gold_per_floor":[116,116,127,138,88,88,103,28,110,110,135,151,151,151,151,251,251,266,266,278,297,316,316,326,326,626,645,663,641,556,556,556,657,687,705,720,720,740,593,593,593,593,593,593,364,364,7,26,26,26],"floor_reached":51,"playtime":5231,"items_purged":["Strike_R"],"score":672,"play_id":"436b9984-fc82-4d16-9c01-63e17182053b","local_time":"20180626201056","is_ascension_mode":false,"campfire_choices":[{"data":"Body Slam","floor":6,"key":"SMITH"},{"data":"Cleave","floor":10,"key":"SMITH"},{"data":"Pommel Strike","floor":13,"key":"SMITH"},{"floor":15,"key":"REST"},{"data":"Feel No Pain","floor":23,"key":"SMITH"},{"data":"Reaper","floor":25,"key":"SMITH"},{"floor":32,"key":"REST"},{"data":"Headbutt","floor":40,"key":"SMITH"},{"data":"Defend_R","floor":42,"key":"SMITH"},{"floor":49,"key":"REST"}],"neow_cost":"NONE","seed_source_timestamp":664654498528970,"circlet_count":0,"master_deck":["Defend_R","Defend_R+1","Defend_R+1","Defend_R+1","Body Slam+1","Cleave+1","Spot Weakness+1","Pommel Strike+1","Offering+1","Warcry+1","Reckless Charge+1","Sentinel+1","Shrug It Off+1","Feel No Pain+1","Reaper+1","Heavy Blade+1","Shrug It Off+1","Demon Form+1","True Grit+1","Warcry+1","Disarm+1","Finesse+1","Thinking Ahead+1","Flash of Steel","Evolve","Warcry+1","Finesse+1","Madness+1","Madness+1","Warcry+1","Master of Strategy+1","Good Instincts+1"],"relics":["Burning Blood","Toxic Egg 2","War Paint","Astrolabe","Old Coin","Mercury Hourglass","Tiny House","Pen Nib","Pear"],"potions_floor_usage":[16,22,27,33,38,50,50,50],"damage_taken":[{"damage":0,"enemies":"2 Louse","floor":1,"turns":3},{"damage":2,"enemies":"Cultist","floor":3,"turns":5},{"damage":5,"enemies":"Small Slimes","floor":4,"turns":4},{"damage":17,"enemies":"Exordium Thugs","floor":7,"turns":5},{"damage":26,"enemies":"Lagavulin","floor":11,"turns":6},{"damage":0,"enemies":"Large Slime","floor":12,"turns":4},{"damage":47,"enemies":"Slime Boss","floor":16,"turns":12},{"damage":4,"enemies":"Spheric Guardian","floor":18,"turns":2},{"damage":9,"enemies":"2 Thieves","floor":20,"turns":4},{"damage":4,"enemies":"Cultist and Chosen","floor":21,"turns":5},{"damage":9,"enemies":"Snake Plant","floor":22,"turns":3},{"damage":4,"enemies":"Sentry and Sphere","floor":24,"turns":4},{"damage":48,"enemies":"Chosen and Byrds","floor":27,"turns":9},{"damage":4,"enemies":"Centurion and Healer","floor":28,"turns":5},{"damage":60,"enemies":"Automaton","floor":33,"turns":11},{"damage":16,"enemies":"3 Shapes","floor":35,"turns":3},{"damage":12,"enemies":"3 Darklings","floor":36,"turns":6},{"damage":29,"enemies":"Maw","floor":38,"turns":8},{"damage":25,"enemies":"4 Shapes","floor":48,"turns":4},{"damage":31,"enemies":"Donu and Deca","floor":50,"turns":8}],"seed_played":"-2911924992643134184","potions_obtained":[{"floor":7,"key":"SmokeBomb"},{"floor":11,"key":"PowerPotion"},{"floor":16,"key":"AttackPotion"},{"floor":21,"key":"Dexterity Potion"},{"floor":24,"key":"BloodPotion"},{"floor":27,"key":"LiquidBronze"},{"floor":34,"key":"Fire Potion"},{"floor":35,"key":"Strength Potion"},{"floor":38,"key":"Explosive Potion"}],"is_trial":false,"path_per_floor":["M","?","M","M","$","R","M","$","T","R","E","M","R","?","R","B",null,"M","?","M","M","M","R","M","R","T","M","M","$","?","?","R","B",null,"M","M","?","M","$","R","?","R","T","?","$","?","$","M","R","B"],"character_chosen":"IRONCLAD","items_purchased":["Cleave","Shrug It Off+1","Pen Nib","Evolve","Warcry+1","Finesse+1","Warcry+1","Master of Strategy+1","Good Instincts+1","Dexterity Potion"],"campfire_rested":3,"item_purchase_floors":[5,29,39,45,45,45,47,47,47,47],"current_hp_per_floor":[80,80,80,80,80,80,69,69,69,69,49,55,55,48,72,31,80,80,80,77,79,76,76,78,78,78,51,63,63,63,48,73,28,90,80,74,74,73,73,73,78,78,88,78,78,65,65,81,100,75],"gold":26,"neow_bonus":"REMOVE_CARD","is_prod":false,"is_daily":false,"chose_seed":false,"campfire_upgraded":7,"win_rate":0.0,"timestamp":1530040256,"path_taken":["M","?","M","M","$","R","M","?","T","R","E","M","R","?","R","BOSS","M","?","M","M","M","R","M","R","T","M","M","$","?","?","R","BOSS","M","M","?","?","$","R","?","R","T","?","?","?","$","M","R","BOSS"],"build_version":"2018-06-21v2","purchased_purges":1,"victory":true,"max_hp_per_floor":[80,80,80,80,80,80,80,80,80,80,80,80,80,80,80,80,80,80,80,80,80,80,80,80,80,80,80,80,80,80,85,85,85,90,90,90,90,90,90,90,90,90,100,100,100,100,100,100,100,100],"card_choices":[{"not_picked":["Flex","Shrug It Off"],"picked":"Body Slam","floor":1},{"not_picked":["Hemokinesis","Disarm"],"picked":"Headbutt","floor":3},{"not_picked":["Perfected Strike","Thunderclap","Flex"],"picked":"SKIP","floor":4},{"not_picked":["Wild Strike","Hemokinesis"],"picked":"Clash","floor":7},{"not_picked":["Heavy Blade","Entrench+1"],"picked":"Spot Weakness+1","floor":11},{"not_picked":["Sentinel+1","Cleave"],"picked":"Pommel Strike","floor":12},{"not_picked":["Fiend Fire","Bludgeon"],"picked":"Offering+1","floor":16},{"not_picked":["Rupture+1","Iron Wave","Fire Breathing"],"picked":"SKIP","floor":18},{"not_picked":["Cleave","Clash","Sword Boomerang"],"picked":"SKIP","floor":20},{"not_picked":["Rage+1","True Grit+1"],"picked":"Shrug It Off+1","floor":21},{"not_picked":["Havoc+1","Pommel Strike+1"],"picked":"Feel No Pain","floor":22},{"not_picked":["Corruption","Rage+1"],"picked":"Reaper","floor":24},{"not_picked":["Reckless Charge+1","Sever Soul","Perfected Strike"],"picked":"SKIP","floor":27},{"not_picked":["Wild Strike","Clothesline+1"],"picked":"Heavy Blade+1","floor":28},{"not_picked":["Fiend Fire","Offering+1"],"picked":"Demon Form","floor":33},{"not_picked":["Body Slam","Feel No Pain"],"picked":"True Grit+1","floor":34},{"not_picked":["Body Slam+1","Iron Wave+1"],"picked":"Warcry+1","floor":35},{"not_picked":["Carnage+1","Warcry+1"],"picked":"Disarm+1","floor":36},{"not_picked":["Armaments+1","Dropkick","Hemokinesis"],"picked":"SKIP","floor":38},{"not_picked":["Swift Strike","Dark Shackles+1"],"picked":"Finesse+1","floor":44},{"not_picked":["Master of Strategy+1","Sadistic Nature"],"picked":"Thinking Ahead+1","floor":44},{"not_picked":["Secret Technique+1","Jack Of All Trades+1"],"picked":"Flash of Steel","floor":44},{"not_picked":["Sever Soul","Pommel Strike+1","Inflame"],"picked":"SKIP","floor":48}],"player_experience":166707,"relics_obtained":[{"floor":9,"key":"Toxic Egg 2"},{"floor":11,"key":"War Paint"},{"floor":26,"key":"Old Coin"},{"floor":43,"key":"Pear"}],"event_choices":[{"event_name":"Purifier","player_choice":"One Purge","floor":2,"damage_taken":0},{"event_name":"Golden Wing","player_choice":"Card Removal","floor":14,"damage_taken":0},{"event_name":"Ghosts","player_choice":"Ignored","floor":19,"damage_taken":0},{"event_name":"Addict","player_choice":"Obtained Relic","floor":30,"damage_taken":0},{"event_name":"Forgotten Altar","player_choice":"Shed Blood","floor":31,"damage_taken":0},{"event_name":"Tomb of Lord Red Mask","player_choice":"Ignored","floor":37,"damage_taken":0},{"event_name":"Bonfire Elementals","player_choice":"COMMON","floor":41,"damage_taken":0},{"event_name":"SensoryStone","player_choice":"Memory 3","floor":44,"damage_taken":0},{"event_name":"Winding Halls","player_choice":"Embrace Madness","floor":46,"damage_taken":0}],"boss_relics":[{"not_picked":["Black Blood","Empty Cage"],"picked":"Astrolabe"},{"not_picked":["Snecko Eye","Fusion Hammer"],"picked":"Tiny House"}],"items_purged_floors":[8],"is_endless":false,"potions_floor_spawned":[7,11,16,21,24,27,35,38],"ascension_level":0}