{"path_per_floor":["M","M","?","M","?","R","$","M","T","M","M","M","R","M","R","B",null,"M","?","$","?","M","R","E","R","T","?","M","M","?","M","R"],"character_chosen":"DEFECT","items_purchased":["Apotheosis","Conserve Battery","Leap","Stack","Self Repair","Redo","Barrage","Streamline","Flash of Steel"],"gold_per_floor":[110,122,122,139,314,314,36,46,73,85,105,124,124,136,136,238,268,287,387,48,48,58,58,85,85,111,26,36,47,47,62,62,62],"floor_reached":33,"campfire_rested":4,"playtime":3173,"item_purchase_floors":[7,7,7,20,20,20,20,20,20],"current_hp_per_floor":[44,46,46,47,47,73,73,76,76,57,67,64,89,89,89,37,94,85,85,85,85,82,82,27,55,55,55,37,26,26,37,80,0],"items_purged":[],"gold":62,"score":311,"play_id":"4b4c5fe7-ce23-4a8b-ad5c-2d80496ad0c3","local_time":"20180617103826","is_prod":false,"is_daily":false,"chose_seed":false,"is_ascension_mode":false,"campfire_upgraded":2,"win_rate":0.0,"timestamp":1529228306,"campfire_choices":[{"floor":6,"key":"REST"},{"floor":13,"key":"REST"},{"data":"Leap","floor":15,"key":"SMITH"},{"data":"Melter","floor":23,"key":"SMITH"},{"floor":25,"key":"REST"},{"floor":32,"key":"REST"}],"path_taken":["M","?","?","?","?","R","$","M","T","M","M","?","R","M","R","BOSS","M","?","$","?","M","R","E","R","T","?","M","M","?","M","R","BOSS"],"build_version":"2018-06-14v2","seed_source_timestamp":226477142944901,"purchased_purges":0,"victory":false,"master_deck":["Strike_B","Strike_B","Strike_B","Strike_B","Defend_B","Defend_B","Defend_B","Defend_B","Zap","Dualcast","Self Repair","Ball Lightning","Sweeping Beam","Apotheosis+1","Conserve Battery","Leap+1","Streamline","Cold Snap","Cold Snap","Ball Lightning","Melter+1","Machine Learning","Double Energy","Cold Snap","Stack","Self Repair","Redo","Barrage","Streamline","Flash of Steel","Leap+1","Glacier","Capacitor","Rainbow","BootSequence","Barrage"],"max_hp_per_floor":[89,89,89,89,89,89,89,89,89,89,89,89,89,89,89,89,94,94,94,94,94,94,94,94,94,94,94,94,94,94,94,94,94],"relics":["Cracked Core","Pen Nib","Tiny House","Lantern","Happy Flower","Regal Pillow"],"card_choices":[{"not_picked":["Chill","Capacitor"],"picked":"Self Repair","floor":1},{"not_picked":["Redo","Go for the Eyes"],"picked":"Ball Lightning","floor":2},{"not_picked":["Cold Snap","Tempest"],"picked":"Sweeping Beam","floor":4},{"not_picked":["Tempest","Amplify"],"picked":"Streamline","floor":8},{"not_picked":["Compile Driver","Genetic Algorithm"],"picked":"Cold Snap","floor":10},{"not_picked":["Defragment","Coolheaded"],"picked":"Cold Snap","floor":11},{"not_picked":["Sweeping Beam","Lockon"],"picked":"Ball Lightning","floor":12},{"not_picked":["Storm","Barrage"],"picked":"Melter","floor":14},{"not_picked":["Amplify","All For One"],"picked":"Machine Learning","floor":16},{"not_picked":["Compile Driver","Reprogram"],"picked":"Double Energy","floor":17},{"not_picked":["Steam","Compile Driver"],"picked":"Cold Snap","floor":18},{"not_picked":["Steam Power+1","Ball Lightning"],"picked":"Leap+1","floor":22},{"not_picked":["Beam Cell","Streamline"],"picked":"Glacier","floor":24},{"not_picked":["Beam Cell","Steam"],"picked":"Capacitor","floor":28},{"not_picked":["Barrage","Genetic Algorithm"],"picked":"Rainbow","floor":29},{"not_picked":["Go for the Eyes","Hologram"],"picked":"Barrage","floor":31}],"player_experience":24445,"potions_floor_usage":[],"damage_taken":[{"damage":1,"enemies":"Cultist","floor":1,"turns":3},{"damage":5,"enemies":"Small Slimes","floor":2,"turns":3},{"damage":6,"enemies":"Jaw Worm","floor":4,"turns":2},{"damage":7,"enemies":"Lots of Slimes","floor":8,"turns":4},{"damage":29,"enemies":"Gremlin Gang","floor":10,"turns":4},{"damage":0,"enemies":"Large Slime","floor":11,"turns":4},{"damage":3,"enemies":"3 Louse","floor":12,"turns":3},{"damage":8,"enemies":"Gremlin Gang","floor":14,"turns":4},{"damage":59,"enemies":"Hexaghost","floor":16,"turns":10},{"damage":16,"enemies":"Spheric Guardian","floor":18,"turns":4},{"damage":20,"enemies":"Chosen","floor":22,"turns":6},{"damage":75,"enemies":"Book of Stabbing","floor":24,"turns":7},{"damage":25,"enemies":"Snake Plant","floor":28,"turns":4},{"damage":18,"enemies":"Snecko","floor":29,"turns":6},{"damage":9,"enemies":"Centurion and Healer","floor":31,"turns":9},{"damage":87,"enemies":"Automaton","floor":33,"turns":12}],"relics_obtained":[{"floor":9,"key":"Pen Nib"},{"floor":24,"key":"Lantern"},{"floor":26,"key":"Happy Flower"}],"event_choices":[{"event_name":"Shining Light","player_choice":"Ignored","floor":3,"damage_taken":0},{"event_name":"Liars Game","player_choice":"agreed","floor":5,"damage_taken":0},{"event_name":"Golden Shrine","player_choice":"Pray","floor":19,"damage_taken":0},{"event_name":"Back to Basics","player_choice":"Elegance","floor":21,"damage_taken":0},{"event_name":"Addict","player_choice":"Obtained Relic","floor":27,"damage_taken":0},{"event_name":"The Library","player_choice":"Read","floor":30,"damage_taken":0}],"boss_relics":[{"not_picked":["White Beast Statue","Philosopher\u0027s Stone"],"picked":"Tiny House"}],"items_purged_floors":[],"is_endless":false,"potions_floor_spawned":[1,2,4,14,16,24,29],"seed_played":"-8854398694078577324","killed_by":"Automaton","ascension_level":0,"potions_obtained":[{"floor":1,"key":"Fire Potion"},{"floor":2,"key":"Energy Potion"},{"floor":4,"key":"SkillPotion"},{"floor":16,"key":"Dexterity Potion"},{"floor":17,"key":"SpeedPotion"},{"floor":29,"key":"Energy Potion"}],"is_trial":false}