{"gold_per_floor":[119,119,130,29,40,40,53,53,53,69,89,18,28,45,45,142,142,153,153,153,153,172,172,182,182,232,247,273,273],"floor_reached":29,"playtime":1465,"items_purged":["Strike_R"],"score":228,"play_id":"7b19d0ed-84c2-4067-9ce7-d58b18cc7645","local_time":"20190809230923","is_ascension_mode":true,"campfire_choices":[{"data":"Havoc","floor":6,"key":"SMITH"},{"data":"Cleave","floor":8,"key":"SMITH"},{"data":"Battle Trance","floor":15,"key":"SMITH"},{"data":"Warcry","floor":23,"key":"PURGE"},{"floor":25,"key":"REST"}],"neow_cost":"TEN_PERCENT_HP_LOSS","seed_source_timestamp":488525284563927,"circlet_count":0,"master_deck":["Strike_R","Strike_R","Strike_R","Strike_R","Defend_R","Defend_R","Defend_R","Defend_R","Bash","Cleave+1","Bandage Up","Carnage","Seeing Red","Pommel Strike","Battle Trance+1","Exhume","Shrug It Off","RitualDagger","Thunderclap+1"],"relics":["Burning Blood","Peace Pipe","Darkstone Periapt","Odd Mushroom","Snecko Eye","Juzu Bracelet","Ancient Tea Set"],"potions_floor_usage":[16,16,24],"damage_taken":[{"damage":1,"enemies":"2 Louse","floor":1,"turns":3},{"damage":13,"enemies":"Cultist","floor":3,"turns":5},{"damage":8,"enemies":"Jaw Worm","floor":5,"turns":3},{"damage":0,"enemies":"Blue Slaver","floor":7,"turns":1},{"damage":11,"enemies":"2 Fungi Beasts","floor":10,"turns":3},{"damage":19,"enemies":"The Mushroom Lair","floor":11,"turns":4},{"damage":10,"enemies":"Looter","floor":13,"turns":3},{"damage":0,"enemies":"Gremlin Gang","floor":14,"turns":3},{"damage":56,"enemies":"The Guardian","floor":16,"turns":12},{"damage":5,"enemies":"Chosen","floor":18,"turns":4},{"damage":23,"enemies":"2 Thieves","floor":22,"turns":5},{"damage":39,"enemies":"3 Cultists","floor":24,"turns":5},{"damage":14,"enemies":"Shelled Parasite and Fungi","floor":27,"turns":4},{"damage":36,"enemies":"Sentry and Sphere","floor":29,"turns":5}],"seed_played":"-7558510916023955766","potions_obtained":[{"floor":7,"key":"Poison Potion"},{"floor":10,"key":"SpeedPotion"},{"floor":16,"key":"Explosive Potion"},{"floor":24,"key":"Block Potion"},{"floor":27,"key":"BloodPotion"}],"is_trial":false,"path_per_floor":["M","?","M","$","M","R","M","R","T","M","?","$","M","M","R","B",null,"M","?","?","?","M","R","M","R","T","M","T","M"],"character_chosen":"IRONCLAD","items_purchased":["Havoc","Battle Trance"],"campfire_rested":1,"item_purchase_floors":[4,12],"current_hp_per_floor":[72,72,69,69,67,67,72,72,72,67,58,58,58,68,68,22,72,72,72,66,53,36,36,7,30,30,30,30,0],"gold":273,"neow_bonus":"ONE_RARE_RELIC","is_prod":false,"is_daily":false,"chose_seed":false,"campfire_upgraded":3,"win_rate":0,"timestamp":1565384963,"path_taken":["M","?","M","?","M","R","?","R","T","M","?","?","M","M","R","BOSS","M","?","?","?","M","R","M","R","T","M","?","M"],"build_version":"2019-07-17","purchased_purges":1,"victory":false,"max_hp_per_floor":[72,72,72,72,72,72,72,72,72,72,72,72,72,72,72,72,72,72,72,72,77,77,77,77,77,77,77,77,77],"card_choices":[{"not_picked":["Sword Boomerang","True Grit"],"picked":"Cleave","floor":1},{"not_picked":["Clash","Blood for Blood"],"picked":"Carnage","floor":3},{"not_picked":["Body Slam","Anger","Brutality"],"picked":"SKIP","floor":5},{"not_picked":["Body Slam","Anger","Brutality"],"picked":"SKIP","floor":5},{"not_picked":["True Grit","Metallicize","Havoc"],"picked":"SKIP","floor":7},{"not_picked":["Wild Strike","Thunderclap"],"picked":"Seeing Red","floor":10},{"not_picked":["Inflame","Twin Strike"],"picked":"Pommel Strike","floor":11},{"not_picked":["Whirlwind","Body Slam","Inflame"],"picked":"SKIP","floor":13},{"not_picked":["Second Wind","Power Through"],"picked":"Warcry","floor":14},{"not_picked":["Fiend Fire","Double Tap"],"picked":"Exhume","floor":16},{"not_picked":["Havoc+1","Intimidate"],"picked":"Shrug It Off","floor":18},{"not_picked":["Headbutt","Berserk","Rage"],"picked":"SKIP","floor":22},{"not_picked":["True Grit","Armaments"],"picked":"Thunderclap+1","floor":24},{"not_picked":["Sword Boomerang+1","Clash","Havoc"],"picked":"SKIP","floor":27}],"player_experience":58680,"relics_obtained":[{"floor":9,"key":"Darkstone Periapt"},{"floor":11,"key":"Odd Mushroom"},{"floor":26,"key":"Juzu Bracelet"},{"floor":28,"key":"Ancient Tea Set"}],"event_choices":[{"damage_healed":0,"gold_gain":0,"player_choice":"1 cards matched","damage_taken":0,"max_hp_gain":0,"max_hp_loss":0,"event_name":"Match and Keep!","floor":2,"gold_loss":0,"cards_obtained":["Bandage Up"]},{"damage_healed":0,"gold_gain":0,"player_choice":"Fought Mushrooms","damage_taken":0,"max_hp_gain":0,"max_hp_loss":0,"event_name":"Mushrooms","floor":11,"gold_loss":0},{"cards_removed":["Havoc"],"damage_healed":0,"gold_gain":0,"player_choice":"Elegance","damage_taken":0,"max_hp_gain":0,"max_hp_loss":0,"event_name":"Back to Basics","floor":19,"gold_loss":0},{"damage_healed":0,"gold_gain":0,"player_choice":"Joined the Cult","damage_taken":6,"max_hp_gain":0,"max_hp_loss":0,"event_name":"Nest","floor":20,"gold_loss":0,"cards_obtained":["RitualDagger"]},{"damage_healed":0,"gold_gain":0,"player_choice":"Shed Blood","damage_taken":18,"max_hp_gain":5,"max_hp_loss":0,"event_name":"Forgotten Altar","floor":21,"gold_loss":0}],"is_beta":false,"boss_relics":[{"not_picked":["Ectoplasm","Astrolabe"],"picked":"Snecko Eye"}],"items_purged_floors":[4],"is_endless":false,"potions_floor_spawned":[7,10,16,24,27],"killed_by":"Sentry and Sphere","ascension_level":1}