{"path_per_floor":["M","?","?","M","M","M","R","M","T","R","?","M","$","M","R","B",null,"M","M","M","?","$","R","M","$","T","M","?","M"],"character_chosen":"IRONCLAD","items_purchased":["Blind","Anchor","Dream Catcher"],"gold_per_floor":[115,190,190,201,211,221,221,240,240,240,205,216,122,141,141,239,269,283,294,313,313,11,11,26,26,73,90,90,104,104],"floor_reached":30,"campfire_rested":3,"playtime":2738,"item_purchase_floors":[13,22,22],"current_hp_per_floor":[80,69,69,65,66,62,80,76,76,76,80,48,48,45,69,14,90,49,32,21,21,21,48,44,44,44,31,31,10,10],"items_purged":[],"gold":104,"score":226,"play_id":"e57be2eb-8e44-4cda-b056-f5f1f2fbcaf3","local_time":"20180622200813","is_prod":false,"is_daily":false,"chose_seed":false,"is_ascension_mode":false,"campfire_upgraded":1,"win_rate":0.0,"timestamp":1529694493,"campfire_choices":[{"floor":7,"key":"REST"},{"data":"Searing Blow","floor":10,"key":"SMITH"},{"floor":15,"key":"REST"},{"floor":23,"key":"REST"}],"path_taken":["M","?","?","M","M","M","R","M","T","R","?","M","$","M","R","BOSS","M","M","M","?","?","R","M","$","T","?","?","M","?"],"build_version":"2018-06-21","seed_source_timestamp":321395452254481,"purchased_purges":0,"circlet_count":0,"victory":false,"master_deck":["Strike_R","Strike_R","Strike_R","Strike_R","Strike_R+1","Defend_R","Defend_R","Defend_R","Bash","Heavy Blade","Searing Blow+2","Twin Strike","Wild Strike","Iron Wave+1","Blind+1","Reckless Charge+1","Bludgeon+1","Disarm","Uppercut+1","Clothesline+1","Ghostly Armor+1","Body Slam+1","Searing Blow+1","Intimidate","Searing Blow+1"],"max_hp_per_floor":[80,80,80,80,80,80,80,80,80,80,80,80,80,80,80,85,90,90,90,90,90,90,90,90,90,90,90,90,90,90],"relics":["Burning Blood","Bag of Preparation","Molten Egg 2","Tiny House","Anchor","Dream Catcher","Whetstone"],"card_choices":[{"not_picked":["True Grit","Shrug It Off"],"picked":"Heavy Blade","floor":1},{"not_picked":["True Grit","Rage"],"picked":"Thunderclap","floor":4},{"not_picked":["Pommel Strike","Combust"],"picked":"Searing Blow","floor":5},{"not_picked":["Rupture","Reckless Charge"],"picked":"Twin Strike","floor":6},{"not_picked":["Pommel Strike","Anger"],"picked":"Wild Strike","floor":8},{"not_picked":["Blood for Blood+1","Fire Breathing"],"picked":"Iron Wave+1","floor":12},{"not_picked":["Thunderclap+1","Wild Strike+1"],"picked":"Reckless Charge+1","floor":14},{"not_picked":["Juggernaut","Double Tap"],"picked":"Bludgeon+1","floor":16},{"not_picked":["Clash+1","Bloodletting"],"picked":"Disarm","floor":17},{"not_picked":["Iron Wave+1","Wild Strike+1"],"picked":"Uppercut+1","floor":18},{"not_picked":["Second Wind","Perfected Strike+1"],"picked":"Clothesline+1","floor":19},{"not_picked":["Anger+1","Body Slam+1"],"picked":"Ghostly Armor+1","floor":20},{"not_picked":["Battle Trance+1","Demon Form"],"picked":"Body Slam+1","floor":23},{"not_picked":["True Grit+1","Pummel+1"],"picked":"Searing Blow+1","floor":24},{"not_picked":["Sword Boomerang+1","Iron Wave+1"],"picked":"Intimidate","floor":27},{"not_picked":["Inflame","Thunderclap+1"],"picked":"Searing Blow+1","floor":29}],"player_experience":63654,"potions_floor_usage":[12,16,16,27,27],"damage_taken":[{"damage":4,"enemies":"2 Louse","floor":1,"turns":6},{"damage":10,"enemies":"Jaw Worm","floor":4,"turns":4},{"damage":5,"enemies":"Cultist","floor":5,"turns":4},{"damage":10,"enemies":"Exordium Wildlife","floor":6,"turns":5},{"damage":10,"enemies":"2 Fungi Beasts","floor":8,"turns":3},{"damage":38,"enemies":"Large Slime","floor":12,"turns":6},{"damage":9,"enemies":"Red Slaver","floor":14,"turns":4},{"damage":77,"enemies":"Slime Boss","floor":16,"turns":15},{"damage":47,"enemies":"Chosen","floor":18,"turns":7},{"damage":23,"enemies":"Spheric Guardian","floor":19,"turns":4},{"damage":17,"enemies":"Snecko","floor":20,"turns":4},{"damage":10,"enemies":"Centurion and Healer","floor":24,"turns":9},{"damage":19,"enemies":"Snake Plant","floor":27,"turns":6},{"damage":27,"enemies":"Slaver and Parasite","floor":29,"turns":7},{"damage":0,"enemies":"3 Cultists","floor":30,"turns":3}],"relics_obtained":[{"floor":9,"key":"Molten Egg 2"},{"floor":26,"key":"Whetstone"}],"event_choices":[{"event_name":"World of Goop","player_choice":"Gather Gold","floor":2,"damage_taken":0},{"event_name":"Purifier","player_choice":"One Purge","floor":3,"damage_taken":0},{"event_name":"The Cleric","player_choice":"Healed","floor":11,"damage_taken":0},{"event_name":"Transmorgrifier","player_choice":"Transform","floor":21,"damage_taken":0},{"event_name":"Purifier","player_choice":"One Purge","floor":28,"damage_taken":0}],"boss_relics":[{"not_picked":["Runic Cube","Philosopher\u0027s Stone"],"picked":"Tiny House"}],"items_purged_floors":[],"is_endless":false,"potions_floor_spawned":[4,6,8,14,18,20,27,29],"seed_played":"4631825957543422726","killed_by":"3 Cultists","ascension_level":0,"potions_obtained":[{"floor":4,"key":"FairyPotion"},{"floor":6,"key":"Block Potion"},{"floor":8,"key":"SneckoOil"},{"floor":14,"key":"Fruit Juice"},{"floor":17,"key":"Block Potion"},{"floor":18,"key":"PowerPotion"},{"floor":20,"key":"Swift Potion"},{"floor":27,"key":"Block Potion"},{"floor":29,"key":"Swift Potion"}],"is_trial":false}