{"gold_per_floor":[113,113,113,38,38,67,67,95,122,138,169,181,181,181,181,277,277,292,19,35,0,19,19,33,33],"floor_reached":25,"playtime":822,"items_purged":["Strike_B"],"score":444,"play_id":"0b5d0b19-67e6-4fa5-9b0f-12f8d49fac66","local_time":"20190801195415","is_ascension_mode":true,"campfire_choices":[{"data":"Dualcast","floor":7,"key":"SMITH"},{"data":"Capacitor","floor":13,"key":"SMITH"},{"data":"Consume","floor":15,"key":"SMITH"},{"data":"Recycle","floor":23,"key":"SMITH"}],"neow_cost":"NONE","seed_source_timestamp":969244098065200,"circlet_count":0,"master_deck":["AscendersBane","Strike_B","Strike_B","Defend_B","Defend_B","Defend_B","Defend_B","Zap+1","Dualcast+1","Sunder","Loop","Conserve Battery","Consume+1","Capacitor+1","Echo Form","Cold Snap","Recycle+1","Genetic Algorithm","Meteor Strike","Self Repair"],"relics":["Cracked Core","NeowsBlessing","Mercury Hourglass","Blood Vial","Centennial Puzzle","The Courier","Golden Idol","Nuclear Battery","Thread and Needle"],"potions_floor_usage":[16,18,24,25],"damage_taken":[{"damage":0,"enemies":"Jaw Worm","floor":1,"turns":1},{"damage":0,"enemies":"3 Sentries","floor":6,"turns":1},{"damage":0,"enemies":"Lagavulin","floor":8,"turns":1},{"damage":7,"enemies":"Small Slimes","floor":10,"turns":2},{"damage":3,"enemies":"Gremlin Nob","floor":11,"turns":3},{"damage":0,"enemies":"2 Louse","floor":12,"turns":2},{"damage":29,"enemies":"Hexaghost","floor":16,"turns":9},{"damage":13,"enemies":"3 Byrds","floor":18,"turns":4},{"damage":16,"enemies":"2 Thieves","floor":20,"turns":4},{"damage":13,"enemies":"3 Cultists","floor":22,"turns":5},{"damage":16,"enemies":"Sentry and Sphere","floor":24,"turns":6},{"damage":16,"enemies":"Slavers","floor":25,"turns":2}],"seed_played":"-4133489500639704393","potions_obtained":[{"floor":1,"key":"SmokeBomb"},{"floor":6,"key":"Regen Potion"},{"floor":8,"key":"Fire Potion"},{"floor":16,"key":"PowerPotion"},{"floor":20,"key":"FearPotion"},{"floor":22,"key":"Weak Potion"}],"is_trial":false,"path_per_floor":["M","?","?","$","?","E","R","E","T","M","E","M","R","?","R","B",null,"M","$","M","?","M","R","M","E"],"character_chosen":"DEFECT","items_purchased":["Recycle","Thread and Needle"],"campfire_rested":0,"item_purchase_floors":[19,19],"current_hp_per_floor":[68,68,61,61,61,61,61,61,61,56,55,57,57,57,57,45,63,52,52,38,38,27,27,13,0],"gold":33,"neow_bonus":"THREE_ENEMY_KILL","is_prod":false,"is_daily":false,"chose_seed":false,"campfire_upgraded":4,"win_rate":0,"timestamp":1564703655,"path_taken":["M","?","?","?","?","E","R","E","T","M","E","M","R","?","R","BOSS","M","$","M","?","M","R","M","E"],"build_version":"2019-07-17","purchased_purges":1,"victory":false,"max_hp_per_floor":[75,75,75,75,75,75,75,75,75,75,75,75,75,69,69,69,69,69,69,69,69,69,69,69,69],"card_choices":[{"not_picked":["Hello World","Coolheaded"],"picked":"Sunder","floor":1},{"not_picked":["Redo","Hologram","Blizzard"],"picked":"SKIP","floor":6},{"not_picked":["Redo","Rebound"],"picked":"Loop","floor":8},{"not_picked":["Static Discharge","Stack"],"picked":"Conserve Battery","floor":10},{"not_picked":["Leap","All For One"],"picked":"Consume","floor":11},{"not_picked":["Redo","Streamline"],"picked":"Capacitor","floor":12},{"not_picked":["All For One","Amplify"],"picked":"Echo Form","floor":16},{"not_picked":["Compile Driver","Defragment"],"picked":"Cold Snap","floor":18},{"not_picked":["Gash","Barrage"],"picked":"Genetic Algorithm","floor":20},{"not_picked":["Cold Snap","Go for the Eyes"],"picked":"Meteor Strike","floor":22},{"not_picked":["Redo","Stack"],"picked":"Self Repair","floor":24}],"player_experience":616434,"relics_obtained":[{"floor":6,"key":"Mercury Hourglass"},{"floor":8,"key":"Blood Vial"},{"floor":9,"key":"Centennial Puzzle"},{"floor":11,"key":"The Courier"}],"event_choices":[{"damage_healed":0,"gold_gain":0,"player_choice":"Ignored","damage_taken":0,"max_hp_gain":0,"max_hp_loss":0,"event_name":"Liars Game","floor":2,"gold_loss":0},{"cards_removed":["Strike_B"],"damage_healed":0,"gold_gain":0,"player_choice":"Card Removal","damage_taken":7,"max_hp_gain":0,"max_hp_loss":0,"event_name":"Golden Wing","floor":3,"gold_loss":0},{"damage_healed":0,"gold_gain":0,"player_choice":"Grow","damage_taken":0,"max_hp_gain":0,"max_hp_loss":0,"event_name":"Living Wall","floor":5,"gold_loss":0,"cards_upgraded":["Zap"]},{"damage_healed":0,"gold_gain":0,"player_choice":"Lose Max HP","damage_taken":0,"relics_obtained":["Golden Idol"],"max_hp_gain":0,"max_hp_loss":6,"event_name":"Golden Idol","floor":14,"gold_loss":0},{"damage_healed":0,"gold_gain":0,"player_choice":"Paid Fearfully","damage_taken":0,"max_hp_gain":0,"max_hp_loss":0,"event_name":"Masked Bandits","floor":21,"gold_loss":35}],"is_beta":false,"boss_relics":[{"not_picked":["Eternal Feather","Coffee Dripper"],"picked":"Nuclear Battery"}],"items_purged_floors":[4],"is_endless":false,"potions_floor_spawned":[1,6,8,16,20,22],"killed_by":"Slavers","ascension_level":13}