{"gold_per_floor":[119,84,84,99,118,118,148,49,74,85,97,97,97,97,97,194,194,211,230,130,144,144,176,176,196,275,294,325,337,111,210,210,310,310,326,338,349,152,152,179,179,0,23,34,34,34],"floor_reached":46,"playtime":2656,"items_purged":["Strike_R","Strike_R"],"score":669,"play_id":"228225c0-fe1e-42ec-b665-9511252886eb","local_time":"20190718131403","is_ascension_mode":true,"campfire_choices":[{"data":"Combust","floor":6,"key":"SMITH"},{"data":"Rupture","floor":12,"key":"SMITH"},{"data":"Infernal Blade","floor":15,"key":"SMITH"},{"data":"Dual Wield","floor":24,"key":"SMITH"},{"floor":32,"key":"REST"},{"data":"Barricade","floor":41,"key":"SMITH"}],"neow_cost":"NONE","seed_source_timestamp":145086700978200,"circlet_count":0,"master_deck":["Bash+1","Shrug It Off","Combust+1","Infernal Blade+1","Rupture+1","Heavy Blade+1","Shrug It Off","Twin Strike","Offering","Pommel Strike","Ghostly Armor","Shrug It Off+1","Dual Wield+1","Body Slam+1","Shrug It Off","Entrench","Clothesline","Corruption","Double Tap","Bloodletting","Demon Form","Hemokinesis","Rage","Hemokinesis","Bludgeon","Seeing Red","Anger+1","Flame Barrier+1","Barricade+1","Flex","True Grit","Armaments+1"],"relics":["Burning Blood","Red Skull","Orichalcum","Philosopher\u0027s Stone","Juzu Bracelet","Question Card","Art of War","Oddly Smooth Stone","Pandora\u0027s Box","Paper Frog","Red Mask","Vajra"],"potions_floor_usage":[16,21,23,23,29,33,46],"damage_taken":[{"damage":11,"enemies":"Cultist","floor":1,"turns":4},{"damage":7,"enemies":"Small Slimes","floor":4,"turns":4},{"damage":2,"enemies":"2 Louse","floor":5,"turns":3},{"damage":34,"enemies":"Gremlin Nob","floor":7,"turns":4},{"damage":8,"enemies":"Exordium Thugs","floor":10,"turns":4},{"damage":3,"enemies":"Blue Slaver","floor":11,"turns":4},{"damage":11,"enemies":"The Guardian","floor":16,"turns":9},{"damage":22,"enemies":"Shell Parasite","floor":18,"turns":4},{"damage":7,"enemies":"Spheric Guardian","floor":19,"turns":3},{"damage":16,"enemies":"3 Cultists","floor":21,"turns":5},{"damage":22,"enemies":"Slavers","floor":23,"turns":4},{"damage":6,"enemies":"Snecko","floor":25,"turns":2},{"damage":6,"enemies":"Centurion and Healer","floor":27,"turns":4},{"damage":8,"enemies":"Gremlin Leader","floor":28,"turns":4},{"damage":6,"enemies":"Snake Plant","floor":29,"turns":2},{"damage":35,"enemies":"Champ","floor":33,"turns":8},{"damage":15,"enemies":"3 Shapes","floor":35,"turns":4},{"damage":12,"enemies":"Orb Walker","floor":36,"turns":2},{"damage":40,"enemies":"Maw","floor":37,"turns":5},{"damage":45,"enemies":"Reptomancer","floor":40,"turns":6},{"damage":29,"enemies":"3 Darklings","floor":44,"turns":5},{"damage":51,"enemies":"Spire Growth","floor":46,"turns":3}],"seed_played":"-3656844166248861941","potions_obtained":[{"floor":5,"key":"Regen Potion"},{"floor":7,"key":"Block Potion"},{"floor":10,"key":"FearPotion"},{"floor":19,"key":"Block Potion"},{"floor":21,"key":"Weak Potion"},{"floor":25,"key":"Fire Potion"},{"floor":27,"key":"LiquidBronze"},{"floor":36,"key":"Ancient Potion"},{"floor":45,"key":"Regen Potion"},{"floor":45,"key":"FairyPotion"},{"floor":45,"key":"Strength Potion"}],"is_trial":false,"path_per_floor":["M","$","?","M","M","R","E","$","T","M","M","R","?","?","R","B",null,"M","M","$","M","?","E","R","M","T","M","E","M","$","?","R","B",null,"M","M","M","$","?","E","R","?","T","M","?","M"],"character_chosen":"IRONCLAD","items_purchased":["Combust","Shrug It Off","Oddly Smooth Stone","Corruption","Barricade","Flex"],"campfire_rested":1,"item_purchase_floors":[2,8,30,30,38,38],"current_hp_per_floor":[75,75,59,58,62,62,34,34,34,32,35,35,35,35,35,42,71,55,54,54,44,44,28,28,28,28,28,26,26,26,26,50,21,65,56,50,16,16,70,31,31,31,31,8,8,0],"gold":34,"neow_bonus":"UPGRADE_CARD","is_prod":false,"is_daily":false,"chose_seed":false,"campfire_upgraded":5,"win_rate":0,"timestamp":1563470043,"path_taken":["M","?","?","M","M","R","E","$","T","M","M","R","?","?","R","BOSS","M","M","$","M","?","E","R","M","T","M","E","M","$","?","R","BOSS","M","M","M","$","?","E","R","?","T","M","?","M"],"build_version":"2019-07-17","purchased_purges":2,"victory":false,"max_hp_per_floor":[80,80,80,80,80,80,80,80,80,80,80,80,80,80,80,80,80,80,80,80,80,80,80,80,80,80,80,80,80,80,80,80,80,80,80,80,80,80,70,70,70,70,70,70,70,70],"card_choices":[{"not_picked":["Perfected Strike","Iron Wave"],"picked":"Shrug It Off","floor":1},{"not_picked":["Burning Pact","Clothesline"],"picked":"Infernal Blade","floor":4},{"not_picked":["Combust","Clash"],"picked":"Rupture","floor":5},{"not_picked":["Thunderclap","Sword Boomerang"],"picked":"Heavy Blade","floor":7},{"not_picked":["Impervious","Iron Wave"],"picked":"Twin Strike","floor":10},{"not_picked":["Clash","Uppercut","Wild Strike"],"picked":"SKIP","floor":11},{"not_picked":["Juggernaut","Brutality"],"picked":"Offering","floor":16},{"not_picked":["Evolve","Intimidate"],"picked":"Pommel Strike","floor":18},{"not_picked":["Armaments","Thunderclap"],"picked":"Ghostly Armor","floor":19},{"not_picked":["Sword Boomerang","Wild Strike"],"picked":"Shrug It Off+1","floor":21},{"not_picked":["Berserk","Perfected Strike"],"picked":"Dual Wield","floor":23},{"not_picked":["Inflame","Thunderclap"],"picked":"Body Slam+1","floor":25},{"not_picked":["Clash","Iron Wave","Intimidate"],"picked":"Shrug It Off","floor":27},{"not_picked":["Sword Boomerang+1","Evolve","True Grit"],"picked":"Entrench","floor":28},{"not_picked":["Heavy Blade","Body Slam+1","True Grit"],"picked":"Clothesline","floor":29},{"not_picked":["Demon Form","Feed","Brutality"],"picked":"Double Tap","floor":33},{"not_picked":["Havoc","Sword Boomerang","Flex+1"],"picked":"Anger+1","floor":35},{"not_picked":["Sever Soul","Wild Strike","Disarm+1"],"picked":"Flame Barrier+1","floor":36},{"not_picked":["Armaments","Body Slam","Clothesline","Hemokinesis"],"picked":"SKIP","floor":37},{"not_picked":["Power Through+1","Perfected Strike","Demon Form"],"picked":"True Grit","floor":40},{"not_picked":["Hemokinesis+1","Ghostly Armor","Dropkick+1"],"picked":"Armaments+1","floor":44}],"player_experience":399050,"relics_obtained":[{"floor":7,"key":"Red Skull"},{"floor":9,"key":"Orichalcum"},{"floor":23,"key":"Juzu Bracelet"},{"floor":26,"key":"Question Card"},{"floor":28,"key":"Art of War"},{"floor":40,"key":"Paper Frog"},{"floor":43,"key":"Vajra"}],"event_choices":[{"damage_healed":0,"gold_gain":0,"player_choice":"Entered Light","damage_taken":16,"max_hp_gain":0,"max_hp_loss":0,"event_name":"Shining Light","floor":3,"gold_loss":0,"cards_upgraded":["Defend_R","Strike_R"]},{"damage_healed":0,"gold_gain":0,"player_choice":"Grow","damage_taken":0,"max_hp_gain":0,"max_hp_loss":0,"event_name":"Living Wall","floor":13,"gold_loss":0,"cards_upgraded":["Heavy Blade"]},{"damage_healed":0,"gold_gain":0,"player_choice":"Bought 0 Potions","damage_taken":0,"max_hp_gain":0,"max_hp_loss":0,"event_name":"The Woman in Blue","floor":14,"gold_loss":0},{"damage_healed":0,"gold_gain":0,"player_choice":"Simplicity","damage_taken":0,"max_hp_gain":0,"max_hp_loss":0,"event_name":"Back to Basics","floor":22,"gold_loss":0,"cards_upgraded":["Strike_R","Strike_R","Defend_R","Defend_R","Defend_R"]},{"damage_healed":0,"gold_gain":99,"player_choice":"Stole From Cult","damage_taken":0,"max_hp_gain":0,"max_hp_loss":0,"event_name":"Nest","floor":31,"gold_loss":0},{"damage_healed":70,"gold_gain":0,"player_choice":"Heal","damage_taken":0,"max_hp_gain":0,"max_hp_loss":10,"event_name":"The Moai Head","floor":39,"gold_loss":0},{"damage_healed":0,"gold_gain":0,"player_choice":"Paid","damage_taken":0,"relics_obtained":["Red Mask"],"max_hp_gain":0,"max_hp_loss":0,"event_name":"Tomb of Lord Red Mask","floor":42,"gold_loss":179},{"damage_healed":0,"gold_gain":0,"player_choice":"Got Potions","damage_taken":0,"max_hp_gain":0,"max_hp_loss":0,"event_name":"Lab","floor":45,"gold_loss":0}],"is_beta":false,"boss_relics":[{"not_picked":["Empty Cage","Calling Bell"],"picked":"Philosopher\u0027s Stone"},{"not_picked":["Runic Dome","Velvet Choker"],"picked":"Pandora\u0027s Box"}],"items_purged_floors":[8,20],"is_endless":false,"potions_floor_spawned":[5,7,10,11,19,21,25,27,36],"killed_by":"Spire Growth","ascension_level":5}