{"gold_per_floor":[114,114,39,57,68,68,101,101,101,101,129,145,145,170,170,266,266,279,194,218,233,251,251,251,251,251,285,29,46,46,66,66,66],"floor_reached":33,"playtime":3420,"items_purged":["Decay","Strike_R"],"score":354,"play_id":"9b37be4c-a19a-4e6f-8734-ce08d9965089","local_time":"20190812112003","is_ascension_mode":true,"campfire_choices":[{"data":"Cleave","floor":6,"key":"SMITH"},{"data":"Bash","floor":8,"key":"SMITH"},{"data":"Shrug It Off","floor":10,"key":"SMITH"},{"data":"Spot Weakness","floor":15,"key":"SMITH"},{"data":"True Grit","floor":23,"key":"SMITH"},{"data":"Reaper","floor":25,"key":"SMITH"},{"data":"Clothesline","floor":32,"key":"SMITH"}],"neow_cost":"NONE","seed_source_timestamp":489347337971073,"circlet_count":0,"master_deck":["Strike_R","Strike_R","Strike_R","Strike_R","Defend_R","Defend_R","Defend_R","Defend_R","Bash+1","Cleave+1","Iron Wave","Clothesline+1","Shrug It Off+1","Spot Weakness+1","Reaper+1","Battle Trance+1","True Grit+1","Twin Strike+1","Whirlwind+1"],"relics":["Burning Blood","Red Skull","Singing Bowl","Boot","Bottled Lightning","Paper Frog","Ginger","Coffee Dripper","Ancient Tea Set","Centennial Puzzle","Molten Egg 2","Sundial","Blood Vial","Darkstone Periapt"],"potions_floor_usage":[7,14,22,27,31],"damage_taken":[{"damage":1,"enemies":"Cultist","floor":1,"turns":3},{"damage":9,"enemies":"Jaw Worm","floor":4,"turns":4},{"damage":0,"enemies":"2 Louse","floor":5,"turns":2},{"damage":7,"enemies":"Gremlin Nob","floor":7,"turns":3},{"damage":20,"enemies":"3 Sentries","floor":11,"turns":6},{"damage":0,"enemies":"Blue Slaver","floor":12,"turns":4},{"damage":30,"enemies":"Lagavulin","floor":14,"turns":5},{"damage":4,"enemies":"Slime Boss","floor":16,"turns":9},{"damage":24,"enemies":"3 Byrds","floor":18,"turns":6},{"damage":25,"enemies":"2 Thieves","floor":21,"turns":4},{"damage":28,"enemies":"Centurion and Healer","floor":22,"turns":6},{"damage":44,"enemies":"Slavers","floor":27,"turns":7},{"damage":16,"enemies":"Snecko","floor":29,"turns":6},{"damage":29,"enemies":"Sentry and Sphere","floor":31,"turns":5},{"damage":82,"enemies":"Champ","floor":33,"turns":8}],"seed_played":"-9037934396725117895","potions_obtained":[{"floor":4,"key":"Fire Potion"},{"floor":7,"key":"Strength Potion"},{"floor":18,"key":"PowerPotion"},{"floor":21,"key":"Fire Potion"},{"floor":22,"key":"Dexterity Potion"}],"is_trial":false,"path_per_floor":["M","?","$","M","M","R","E","R","T","R","E","M","T","E","R","B",null,"M","?","T","M","M","R","?","R","T","E","$","M","?","M","R","B"],"character_chosen":"IRONCLAD","items_purchased":["Blood Vial"],"campfire_rested":0,"item_purchase_floors":[28],"current_hp_per_floor":[80,80,80,77,80,80,79,79,79,79,67,75,75,51,51,53,76,63,63,63,66,58,58,58,58,58,68,68,75,75,56,56,0],"gold":66,"neow_bonus":"RANDOM_COMMON_RELIC","is_prod":false,"is_daily":false,"chose_seed":false,"campfire_upgraded":7,"win_rate":0,"timestamp":1565626803,"path_taken":["M","?","$","M","M","R","E","R","T","R","E","?","?","E","R","BOSS","M","?","?","M","?","R","?","R","T","E","$","M","?","M","R","BOSS"],"build_version":"2019-07-17","purchased_purges":2,"victory":false,"max_hp_per_floor":[80,80,80,80,80,80,80,80,80,80,82,84,84,84,84,84,84,84,84,84,84,86,86,86,86,86,86,86,86,86,88,88,88],"card_choices":[{"not_picked":["Feel No Pain","Sentinel"],"picked":"Cleave","floor":1},{"not_picked":["Cleave","Corruption"],"picked":"Iron Wave","floor":4},{"not_picked":["Fiend Fire","Cleave"],"picked":"Clothesline","floor":5},{"not_picked":["Blood for Blood","Anger"],"picked":"Shrug It Off","floor":7},{"not_picked":["Rage","Warcry","Fire Breathing"],"picked":"Singing Bowl","floor":11},{"not_picked":["Warcry","Twin Strike","Heavy Blade"],"picked":"Singing Bowl","floor":12},{"not_picked":["Reckless Charge","Hemokinesis"],"picked":"Spot Weakness","floor":14},{"not_picked":["Bludgeon","Double Tap"],"picked":"Reaper","floor":16},{"not_picked":["Second Wind","Carnage"],"picked":"Battle Trance+1","floor":18},{"not_picked":["Cleave","Headbutt+1"],"picked":"True Grit","floor":21},{"not_picked":["Havoc","Dual Wield","Perfected Strike"],"picked":"Singing Bowl","floor":22},{"not_picked":["Pommel Strike+1","Clash+1"],"picked":"Twin Strike+1","floor":27},{"not_picked":["Warcry","Seeing Red"],"picked":"Whirlwind+1","floor":29},{"not_picked":["Entrench","Body Slam+1","Combust"],"picked":"Singing Bowl","floor":31}],"player_experience":378473,"relics_obtained":[{"floor":7,"key":"Singing Bowl"},{"floor":9,"key":"Boot"},{"floor":11,"key":"Bottled Lightning"},{"floor":13,"key":"Paper Frog"},{"floor":14,"key":"Ginger"},{"floor":20,"key":"Centennial Puzzle"},{"floor":26,"key":"Molten Egg 2"},{"floor":27,"key":"Sundial"}],"event_choices":[{"damage_healed":0,"gold_gain":0,"player_choice":"Cursed","damage_taken":0,"max_hp_gain":0,"max_hp_loss":0,"event_name":"Wheel of Change","floor":2,"gold_loss":0,"cards_obtained":["Decay"]},{"damage_healed":0,"gold_gain":0,"player_choice":"Obtained Relic","damage_taken":0,"relics_obtained":["Ancient Tea Set"],"max_hp_gain":0,"max_hp_loss":0,"event_name":"Addict","floor":19,"gold_loss":85},{"damage_healed":0,"gold_gain":0,"player_choice":"Ignored","damage_taken":0,"max_hp_gain":0,"max_hp_loss":0,"event_name":"Cursed Tome","floor":24,"gold_loss":0},{"damage_healed":0,"gold_gain":0,"player_choice":"Opened","damage_taken":0,"relics_obtained":["Darkstone Periapt"],"max_hp_gain":0,"max_hp_loss":0,"event_name":"The Mausoleum","floor":30,"gold_loss":0}],"is_beta":false,"boss_relics":[{"not_picked":["Lizard Tail","Runic Pyramid"],"picked":"Coffee Dripper"}],"items_purged_floors":[3,28],"is_endless":false,"potions_floor_spawned":[4,7,18,21,22],"killed_by":"Champ","ascension_level":5}