{"gold_per_floor":[114,114,127,127,30,30,60,60,60,75,100,100,116,22,22,122,122,106,106,21,40,40,40,50,50,50,84,84,84,97,108,108,209,209,229,229,229,240,240,240],"floor_reached":40,"playtime":2480,"items_purged":["Strike_R"],"score":458,"play_id":"904fd4f5-9ba2-48fb-b03a-c949e8f645ee","local_time":"20190810213801","is_ascension_mode":true,"campfire_choices":[{"data":"Armaments","floor":6,"key":"SMITH"},{"data":"Discovery","floor":15,"key":"SMITH"},{"data":"Seeing Red","floor":23,"key":"SMITH"},{"data":"Shrug It Off","floor":25,"key":"SMITH"},{"data":"Clothesline","floor":32,"key":"SMITH"}],"neow_cost":"NONE","seed_source_timestamp":528614329736360,"circlet_count":0,"master_deck":["Strike_R","Strike_R","Strike_R","Defend_R","Defend_R","Defend_R","Defend_R","Bash","Finesse+1","Shrug It Off+1","Pommel Strike","Armaments+1","Heavy Blade","Flame Barrier+1","Inflame","Finesse","Clumsy","Clothesline+1","Discovery+1","Impervious","Entrench+1","Seeing Red+1","Cleave","Flame Barrier+1","Impervious","Carnage+1","Madness","Madness","Uppercut"],"relics":["Burning Blood","Vajra","Magic Flower","Happy Flower","War Paint","Mark of Pain","StoneCalendar","Dodecahedron","Anchor","Cursed Key"],"potions_floor_usage":[16,27,33,33],"damage_taken":[{"damage":15,"enemies":"Jaw Worm","floor":1,"turns":5},{"damage":3,"enemies":"2 Louse","floor":3,"turns":3},{"damage":17,"enemies":"3 Sentries","floor":7,"turns":11},{"damage":0,"enemies":"Cultist","floor":10,"turns":3},{"damage":16,"enemies":"Gremlin Nob","floor":11,"turns":4},{"damage":0,"enemies":"Looter","floor":13,"turns":4},{"damage":41,"enemies":"Slime Boss","floor":16,"turns":15},{"damage":1,"enemies":"2 Thieves","floor":18,"turns":4},{"damage":1,"enemies":"Spheric Guardian","floor":21,"turns":4},{"damage":9,"enemies":"Shelled Parasite and Fungi","floor":24,"turns":6},{"damage":4,"enemies":"Book of Stabbing","floor":27,"turns":6},{"damage":21,"enemies":"Snake Plant","floor":30,"turns":4},{"damage":12,"enemies":"Centurion and Healer","floor":31,"turns":7},{"damage":46,"enemies":"Champ","floor":33,"turns":13},{"damage":1,"enemies":"3 Shapes","floor":35,"turns":4},{"damage":23,"enemies":"3 Darklings","floor":38,"turns":7},{"damage":63,"enemies":"Giant Head","floor":40,"turns":10}],"seed_played":"-5341319874468750741","potions_obtained":[{"floor":10,"key":"LiquidBronze"},{"floor":13,"key":"Strength Potion"},{"floor":18,"key":"Fire Potion"},{"floor":31,"key":"Regen Potion"},{"floor":38,"key":"Block Potion"},{"floor":39,"key":"Strength Potion"},{"floor":39,"key":"Ancient Potion"}],"is_trial":false,"path_per_floor":["M","?","M","?","$","R","E","?","T","M","E","?","M","$","R","B",null,"M","?","?","M","?","R","M","R","T","E","?","$","M","M","R","B",null,"M","?","?","M","?","E"],"character_chosen":"IRONCLAD","items_purchased":["Armaments","Discovery"],"campfire_rested":0,"item_purchase_floors":[5,14],"current_hp_per_floor":[71,71,74,74,74,74,63,63,63,72,65,65,74,74,74,42,80,80,80,80,80,80,80,80,80,80,80,80,80,68,65,65,50,80,80,70,70,56,56,0],"gold":240,"neow_bonus":"RANDOM_COLORLESS","is_prod":false,"is_daily":false,"chose_seed":false,"campfire_upgraded":5,"win_rate":0,"timestamp":1565465881,"path_taken":["M","?","M","?","$","R","E","?","T","?","E","?","?","?","R","BOSS","M","?","?","M","?","R","M","R","T","E","?","?","M","M","R","BOSS","M","?","?","M","?","E"],"build_version":"2019-07-17","purchased_purges":1,"victory":false,"max_hp_per_floor":[80,80,80,80,80,80,80,80,80,80,80,80,80,80,80,80,80,80,80,80,80,80,80,80,80,80,80,80,80,80,80,80,80,80,80,80,80,80,80,80],"card_choices":[{"not_picked":["Body Slam","Reckless Charge"],"picked":"Shrug It Off","floor":1},{"not_picked":["Body Slam","True Grit"],"picked":"Pommel Strike","floor":3},{"not_picked":["Clothesline","Anger"],"picked":"Heavy Blade","floor":7},{"not_picked":["Metallicize","Armaments"],"picked":"Flame Barrier","floor":10},{"not_picked":["Sentinel","Flex"],"picked":"Feel No Pain","floor":11},{"not_picked":["Rupture","Sword Boomerang"],"picked":"Clothesline","floor":13},{"not_picked":["Immolate","Berserk"],"picked":"Impervious","floor":16},{"not_picked":["Ghostly Armor","Flex"],"picked":"Entrench+1","floor":18},{"not_picked":["Clash+1","Headbutt","Havoc"],"picked":"SKIP","floor":21},{"not_picked":["Flex","Intimidate"],"picked":"Cleave","floor":24},{"not_picked":["Rage+1","Feel No Pain","Flex"],"picked":"SKIP","floor":27},{"not_picked":["Rage+1","Feel No Pain","Flex"],"picked":"SKIP","floor":27},{"not_picked":["Clothesline","Flex"],"picked":"Flame Barrier+1","floor":30},{"not_picked":["Iron Wave","Cleave+1","Sword Boomerang"],"picked":"SKIP","floor":31},{"not_picked":["Dark Embrace","Double Tap"],"picked":"Impervious","floor":33},{"not_picked":["Clash+1","Flex"],"picked":"Carnage+1","floor":35},{"not_picked":["Armaments","Cleave+1"],"picked":"Uppercut","floor":38}],"player_experience":75526,"relics_obtained":[{"floor":7,"key":"Magic Flower"},{"floor":9,"key":"Happy Flower"},{"floor":11,"key":"War Paint"},{"floor":26,"key":"Dodecahedron"},{"floor":27,"key":"Anchor"}],"event_choices":[{"damage_healed":0,"gold_gain":0,"player_choice":"Box","damage_taken":0,"relics_obtained":["Vajra"],"max_hp_gain":0,"max_hp_loss":0,"event_name":"Big Fish","floor":2,"gold_loss":0,"cards_obtained":["Regret"]},{"cards_removed":["Regret"],"damage_healed":0,"gold_gain":0,"player_choice":"Forget","damage_taken":0,"max_hp_gain":0,"max_hp_loss":0,"event_name":"Living Wall","floor":4,"gold_loss":0},{"cards_removed":["Strike_R"],"damage_healed":0,"gold_gain":0,"player_choice":"Card Removal","damage_taken":0,"max_hp_gain":0,"max_hp_loss":0,"event_name":"Wheel of Change","floor":8,"gold_loss":0},{"damage_healed":0,"gold_gain":0,"player_choice":"3 cards matched","damage_taken":0,"max_hp_gain":0,"max_hp_loss":0,"event_name":"Match and Keep!","floor":12,"gold_loss":0,"cards_obtained":["Inflame","Finesse","Clumsy"]},{"damage_healed":0,"gold_gain":0,"player_choice":"3 cards matched","damage_taken":0,"max_hp_gain":0,"max_hp_loss":0,"event_name":"Match and Keep!","floor":12,"gold_loss":0,"cards_obtained":["Inflame","Finesse","Clumsy"]},{"damage_healed":0,"gold_gain":0,"player_choice":"3 cards matched","damage_taken":0,"max_hp_gain":0,"max_hp_loss":0,"event_name":"Match and Keep!","floor":12,"gold_loss":0,"cards_obtained":["Inflame","Finesse","Clumsy"]},{"damage_healed":0,"gold_gain":0,"player_choice":"Ignored","damage_taken":0,"max_hp_gain":0,"max_hp_loss":0,"event_name":"Ghosts","floor":19,"gold_loss":0},{"damage_healed":0,"gold_gain":0,"player_choice":"Obtained Relic","damage_taken":0,"relics_obtained":["StoneCalendar"],"max_hp_gain":0,"max_hp_loss":0,"event_name":"Addict","floor":20,"gold_loss":85},{"damage_healed":0,"gold_gain":0,"player_choice":"Read","damage_taken":0,"max_hp_gain":0,"max_hp_loss":0,"event_name":"The Library","floor":22,"gold_loss":0,"cards_obtained":["Seeing Red"]},{"damage_healed":0,"gold_gain":0,"player_choice":"Ignored","damage_taken":0,"max_hp_gain":0,"max_hp_loss":0,"event_name":"Vampires","floor":28,"gold_loss":0},{"damage_healed":0,"gold_gain":0,"player_choice":"Embrace Madness","damage_taken":10,"max_hp_gain":0,"max_hp_loss":0,"event_name":"Winding Halls","floor":36,"gold_loss":0,"cards_obtained":["Madness","Madness"]},{"cards_removed":["Feel No Pain"],"damage_healed":0,"gold_gain":0,"player_choice":"Removed Power","damage_taken":0,"max_hp_gain":0,"max_hp_loss":0,"event_name":"Falling","floor":37,"gold_loss":0},{"damage_healed":0,"gold_gain":0,"player_choice":"Got Potions","damage_taken":0,"max_hp_gain":0,"max_hp_loss":0,"event_name":"Lab","floor":39,"gold_loss":0}],"is_beta":false,"boss_relics":[{"not_picked":["Black Blood","Philosopher\u0027s Stone"],"picked":"Mark of Pain"},{"not_picked":["Sozu","Coffee Dripper"],"picked":"Cursed Key"}],"items_purged_floors":[5],"is_endless":false,"potions_floor_spawned":[10,13,18,31,38],"killed_by":"Giant Head","ascension_level":1}