{"gold_per_floor":[119,119,119,142,165,165,209,222,247,23,42,42,7,87,87,177,177,193,107,121,34,34,34,69,89,113,148,178,190,217,243,255,362,374,407,442,308,333,758,793,793,829,829,844,859,859,910,910],"floor_reached":48,"playtime":1862,"items_purged":["Strike_R"],"score":924,"play_id":"ecb63f8c-3bf0-4331-8f4b-b2ad38827383","local_time":"20190814011243","is_ascension_mode":true,"campfire_choices":[{"data":"Hemokinesis","floor":6,"key":"SMITH"},{"floor":12,"key":"REST"},{"data":"Disarm","floor":15,"key":"SMITH"},{"data":"Armaments","floor":23,"key":"SMITH"},{"floor":29,"key":"REST"},{"data":"Whirlwind","floor":32,"key":"SMITH"},{"floor":41,"key":"REST"}],"neow_cost":"PERCENT_DAMAGE","seed_source_timestamp":141572145637900,"circlet_count":0,"master_deck":["AscendersBane","Defend_R","Defend_R","Defend_R","Bash","Hemokinesis+1","Disarm+1","Iron Wave","Thunderclap","Uppercut","Brutality","Twin Strike","Offering","Power Through+1","Immolate+1","Second Wind+1","Ghostly Armor","Shockwave","Armaments+1","Feel No Pain","Pommel Strike","Necronomicurse","Infernal Blade","Whirlwind+1","Warcry","Berserk","Carnage","Bludgeon","Burning Pact","True Grit","Spot Weakness","Corruption+1","True Grit+1","Shockwave","Armaments+1"],"relics":["Burning Blood","Art of War","Golden Idol","Strawberry","Bronze Scales","Mummified Hand","Astrolabe","Necronomicon","Mercury Hourglass","MawBank","Fusion Hammer","Happy Flower","Old Coin","Orichalcum","Charon\u0027s Ashes","Self Forming Clay","Boot"],"potions_floor_usage":[4,7,24,30,31,36,45],"damage_taken":[{"damage":7,"enemies":"Small Slimes","floor":1,"turns":5},{"damage":5,"enemies":"2 Louse","floor":4,"turns":2},{"damage":8,"enemies":"Jaw Worm","floor":5,"turns":3},{"damage":24,"enemies":"Lagavulin","floor":7,"turns":6},{"damage":7,"enemies":"Looter","floor":8,"turns":4},{"damage":11,"enemies":"Blue Slaver","floor":11,"turns":4},{"damage":35,"enemies":"Hexaghost","floor":16,"turns":9},{"damage":11,"enemies":"2 Thieves","floor":18,"turns":3},{"damage":16,"enemies":"Shell Parasite","floor":20,"turns":6},{"damage":22,"enemies":"Gremlin Leader","floor":24,"turns":4},{"damage":7,"enemies":"Chosen and Byrds","floor":25,"turns":3},{"damage":0,"enemies":"3 Cultists","floor":27,"turns":1},{"damage":8,"enemies":"Snake Plant","floor":28,"turns":2},{"damage":9,"enemies":"Centurion and Healer","floor":30,"turns":2},{"damage":12,"enemies":"Shelled Parasite and Fungi","floor":31,"turns":4},{"damage":21,"enemies":"Automaton","floor":33,"turns":9},{"damage":0,"enemies":"3 Shapes","floor":35,"turns":3},{"damage":1,"enemies":"3 Darklings","floor":36,"turns":2},{"damage":31,"enemies":"Sphere and 2 Shapes","floor":38,"turns":7},{"damage":11,"enemies":"Mind Bloom Boss Battle","floor":39,"turns":5},{"damage":21,"enemies":"Nemesis","floor":40,"turns":7},{"damage":28,"enemies":"Reptomancer","floor":42,"turns":4},{"damage":18,"enemies":"Spire Growth","floor":44,"turns":3},{"damage":9,"enemies":"Writhing Mass","floor":45,"turns":3},{"damage":17,"enemies":"Maw","floor":48,"turns":4}],"seed_played":"6718938542219033271","potions_obtained":[{"floor":1,"key":"Fire Potion"},{"floor":5,"key":"Energy Potion"},{"floor":11,"key":"Poison Potion"},{"floor":18,"key":"Fire Potion"},{"floor":28,"key":"Weak Potion"},{"floor":31,"key":"Poison Potion"},{"floor":33,"key":"Block Potion"},{"floor":38,"key":"FearPotion"},{"floor":42,"key":"SkillPotion"}],"is_trial":false,"path_per_floor":["M","?","?","M","M","R","E","M","T","$","M","R","?","T","R","B",null,"M","$","M","$","?","R","E","M","T","M","M","R","M","M","R","B",null,"M","M","$","M","?","E","R","E","T","M","M","?","T","M"],"character_chosen":"IRONCLAD","items_purchased":["Uppercut","Brutality","Shockwave","Armaments","Feel No Pain","Pommel Strike","Happy Flower"],"campfire_rested":3,"item_purchase_floors":[10,10,19,19,21,21,37],"current_hp_per_floor":[49,37,37,38,36,36,25,24,24,24,19,41,60,60,60,31,65,60,60,50,50,34,34,18,17,17,23,21,43,40,34,34,19,62,68,73,73,48,43,28,50,28,28,16,13,13,13,0],"gold":910,"neow_bonus":"REMOVE_TWO","is_prod":false,"is_daily":false,"chose_seed":false,"campfire_upgraded":4,"win_rate":0,"timestamp":1565759563,"path_taken":["M","?","?","M","M","R","E","M","T","$","M","R","?","?","R","BOSS","M","$","M","$","?","R","E","M","T","M","M","R","M","M","R","BOSS","M","M","$","M","?","E","R","E","T","M","M","?","?","M"],"build_version":"2019-07-17","purchased_purges":1,"victory":false,"max_hp_per_floor":[75,75,69,69,69,69,76,76,76,76,76,76,76,76,76,76,76,76,76,76,76,76,76,76,76,76,76,76,76,76,76,76,76,76,76,76,76,76,76,76,76,76,76,76,76,76,76,76],"card_choices":[{"not_picked":["Warcry","Rupture"],"picked":"Hemokinesis","floor":1},{"not_picked":["Havoc","Seeing Red","Fire Breathing"],"picked":"SKIP","floor":4},{"not_picked":["Thunderclap","Flex"],"picked":"Disarm","floor":5},{"not_picked":["Twin Strike","Thunderclap"],"picked":"Iron Wave","floor":7},{"not_picked":["Headbutt","Iron Wave"],"picked":"Thunderclap","floor":8},{"not_picked":["Fiend Fire","Headbutt"],"picked":"Twin Strike","floor":11},{"not_picked":["Fiend Fire","Brutality"],"picked":"Offering","floor":16},{"not_picked":["Perfected Strike","Sword Boomerang"],"picked":"Ghostly Armor","floor":18},{"not_picked":["Twin Strike+1","Havoc","Anger"],"picked":"SKIP","floor":20},{"not_picked":["Dual Wield","Flex"],"picked":"Infernal Blade","floor":24},{"not_picked":["Heavy Blade","Flex"],"picked":"Whirlwind","floor":25},{"not_picked":["Fire Breathing","Pummel"],"picked":"Warcry","floor":27},{"not_picked":["Perfected Strike","Iron Wave"],"picked":"Berserk","floor":28},{"not_picked":["Flex","Infernal Blade","Body Slam"],"picked":"SKIP","floor":30},{"not_picked":["Rampage","Reckless Charge"],"picked":"Carnage","floor":31},{"not_picked":["Dark Embrace","Limit Break"],"picked":"Bludgeon","floor":33},{"not_picked":["True Grit","Sever Soul+1"],"picked":"Burning Pact","floor":35},{"not_picked":["Body Slam","Ghostly Armor"],"picked":"True Grit","floor":36},{"not_picked":["Pommel Strike","Feel No Pain"],"picked":"Spot Weakness","floor":38},{"not_picked":["Pommel Strike","Searing Blow+1"],"picked":"Corruption+1","floor":39},{"not_picked":["Flex","Perfected Strike"],"picked":"True Grit+1","floor":40},{"not_picked":["Perfected Strike+1","Havoc"],"picked":"Shockwave","floor":42},{"not_picked":["Hemokinesis","Wild Strike+1","Pommel Strike+1"],"picked":"SKIP","floor":44},{"not_picked":["Sentinel","Battle Trance"],"picked":"Armaments+1","floor":45}],"player_experience":742452,"relics_obtained":[{"floor":7,"key":"Strawberry"},{"floor":9,"key":"Bronze Scales"},{"floor":14,"key":"Mummified Hand"},{"floor":22,"key":"Necronomicon"},{"floor":24,"key":"Mercury Hourglass"},{"floor":26,"key":"MawBank"},{"floor":39,"key":"Old Coin"},{"floor":40,"key":"Orichalcum"},{"floor":42,"key":"Charon\u0027s Ashes"},{"floor":43,"key":"Self Forming Clay"},{"floor":47,"key":"Boot"}],"event_choices":[{"damage_healed":0,"gold_gain":0,"player_choice":"Success","damage_taken":12,"relics_obtained":["Art of War"],"max_hp_gain":0,"max_hp_loss":0,"event_name":"Scrap Ooze","floor":2,"gold_loss":0},{"damage_healed":0,"gold_gain":0,"player_choice":"Lose Max HP","damage_taken":0,"relics_obtained":["Golden Idol"],"max_hp_gain":0,"max_hp_loss":6,"event_name":"Golden Idol","floor":3,"gold_loss":0},{"damage_healed":19,"gold_gain":0,"player_choice":"Healed","damage_taken":0,"max_hp_gain":0,"max_hp_loss":0,"event_name":"The Cleric","floor":13,"gold_loss":35},{"damage_healed":0,"gold_gain":0,"player_choice":"Obtained Book","damage_taken":16,"max_hp_gain":0,"max_hp_loss":0,"event_name":"Cursed Tome","floor":22,"gold_loss":0},{"damage_healed":0,"gold_gain":0,"player_choice":"Fight","damage_taken":0,"max_hp_gain":0,"max_hp_loss":0,"event_name":"MindBloom","floor":39,"gold_loss":0},{"damage_healed":0,"gold_gain":0,"player_choice":"Ignored","damage_taken":0,"max_hp_gain":0,"max_hp_loss":0,"event_name":"Mysterious Sphere","floor":46,"gold_loss":0}],"is_beta":false,"boss_relics":[{"not_picked":["White Beast Statue","Busted Crown"],"picked":"Astrolabe"},{"not_picked":["Black Star","Runic Pyramid"],"picked":"Fusion Hammer"}],"items_purged_floors":[10],"is_endless":false,"potions_floor_spawned":[1,5,11,18,28,31,33,38,40,42,44],"killed_by":"Maw","ascension_level":14}