{"gold_per_floor":[116,116,131,11,86,86,113,113,113,143,143,163,183,38,38,116,116,126,138,62,77,77,77,92,92,118,118,133,152,152,181,181,255,255,275,375,92,92,0,0,0,28,55,68,68,68,32,32,32,32],"floor_reached":51,"playtime":2382,"items_purged":["Strike_G"],"score":1230,"play_id":"5cb34a26-5730-4622-9e8f-c77374c68a81","local_time":"20190803143430","is_ascension_mode":true,"campfire_choices":[{"data":"Noxious Fumes","floor":6,"key":"SMITH"},{"data":"Neutralize","floor":8,"key":"SMITH"},{"data":"Flechettes","floor":11,"key":"SMITH"},{"data":"Caltrops","floor":15,"key":"SMITH"},{"data":"After Image","floor":23,"key":"SMITH"},{"data":"Noxious Fumes","floor":25,"key":"SMITH"},{"data":"Malaise","floor":27,"key":"SMITH"},{"data":"Cloak And Dagger","floor":30,"key":"SMITH"},{"data":"Leg Sweep","floor":32,"key":"SMITH"},{"data":"Well Laid Plans","floor":40,"key":"SMITH"},{"data":"Burst","floor":41,"key":"SMITH"},{"data":"Sucker Punch","floor":45,"key":"SMITH"},{"data":"Deflect","floor":46,"key":"SMITH"},{"data":"Predator","floor":49,"key":"SMITH"}],"neow_cost":"NONE","seed_source_timestamp":46676213383100,"circlet_count":0,"master_deck":["AscendersBane","Strike_G","Defend_G","Defend_G","Defend_G","Defend_G","Defend_G","Survivor","Neutralize+1","Backflip","Flechettes+1","Noxious Fumes+1","Cloak And Dagger+1","Sucker Punch+1","Dagger Spray","Caltrops+1","Leg Sweep+1","Malaise+1","PiercingWail+1","Noxious Fumes+1","After Image+1","Prepared+1","Burst+1","PiercingWail+1","Well Laid Plans+1","Flechettes+1","Deflect+1","Predator+1","Panacea"],"relics":["Ring of the Snake","NeowsBlessing","Mango","Bottled Flame","Bottled Tornado","Coffee Dripper","Bag of Marbles","Blood Vial","Sozu","WingedGreaves","Pantograph","Red Mask","Kunai","Juzu Bracelet"],"potions_floor_usage":[10,19,19,24,31,31],"damage_taken":[{"damage":0,"enemies":"Jaw Worm","floor":1,"turns":1},{"damage":0,"enemies":"Small Slimes","floor":3,"turns":1},{"damage":0,"enemies":"Lagavulin","floor":7,"turns":1},{"damage":6,"enemies":"3 Sentries","floor":10,"turns":8},{"damage":0,"enemies":"2 Louse","floor":12,"turns":3},{"damage":5,"enemies":"Red Slaver","floor":13,"turns":3},{"damage":14,"enemies":"Hexaghost","floor":16,"turns":10},{"damage":0,"enemies":"3 Byrds","floor":18,"turns":4},{"damage":9,"enemies":"2 Thieves","floor":19,"turns":3},{"damage":3,"enemies":"Snake Plant","floor":21,"turns":5},{"damage":6,"enemies":"3 Cultists","floor":24,"turns":5},{"damage":0,"enemies":"Centurion and Healer","floor":28,"turns":7},{"damage":0,"enemies":"Snake Plant","floor":29,"turns":4},{"damage":19,"enemies":"Slavers","floor":31,"turns":6},{"damage":26,"enemies":"Collector","floor":33,"turns":10},{"damage":0,"enemies":"3 Shapes","floor":35,"turns":5},{"damage":6,"enemies":"Mind Bloom Boss Battle","floor":36,"turns":8},{"damage":16,"enemies":"Reptomancer","floor":42,"turns":8},{"damage":0,"enemies":"3 Darklings","floor":44,"turns":5},{"damage":45,"enemies":"Donu and Deca","floor":50,"turns":10}],"seed_played":"5312080571601479133","potions_obtained":[{"floor":7,"key":"SpeedPotion"},{"floor":12,"key":"AttackPotion"},{"floor":16,"key":"AttackPotion"},{"floor":21,"key":"Poison Potion"},{"floor":24,"key":"PowerPotion"},{"floor":28,"key":"GamblersBrew"}],"is_trial":false,"path_per_floor":["M","?","M","$","?","R","E","R","T","E","R","M","M","$","R","B",null,"M","M","$","M","?","R","M","R","T","R","M","M","R","E","R","B",null,"M","?","$","?","?","R","R","E","T","M","R","R","$","?","R","B",null],"character_chosen":"THE_SILENT","items_purchased":["Noxious Fumes","Cloak And Dagger","Leg Sweep","Noxious Fumes","Pantograph","Well Laid Plans","Predator"],"campfire_rested":0,"item_purchase_floors":[4,4,14,20,37,37,47],"current_hp_per_floor":[59,52,52,52,41,41,55,55,55,49,49,49,44,44,44,30,68,68,59,59,56,56,56,50,50,50,50,50,50,50,31,31,7,62,64,60,60,60,60,60,60,46,46,48,48,48,48,48,48,30],"gold":32,"neow_bonus":"THREE_ENEMY_KILL","is_prod":false,"is_daily":false,"chose_seed":false,"campfire_upgraded":14,"win_rate":0,"timestamp":1564857270,"path_taken":["M","?","M","$","?","R","E","R","T","E","R","?","M","$","R","BOSS","M","M","$","M","?","R","M","R","T","R","?","M","R","E","R","BOSS","M","?","$","?","?","R","R","E","T","M","R","R","$","?","R","BOSS"],"build_version":"2019-07-17","purchased_purges":1,"victory":true,"max_hp_per_floor":[66,66,66,66,66,66,80,80,80,80,80,80,80,80,80,80,80,80,80,80,80,80,80,80,80,80,80,80,80,80,80,80,80,80,80,80,80,80,80,80,80,80,80,80,80,80,80,80,80,80],"card_choices":[{"not_picked":["Dagger Throw","Reflex"],"picked":"Backflip","floor":1},{"not_picked":["Terror","Outmaneuver"],"picked":"Flechettes","floor":3},{"not_picked":["Outmaneuver","Dash"],"picked":"Sucker Punch","floor":7},{"not_picked":["Quick Slash","Slice","Venomology"],"picked":"SKIP","floor":10},{"not_picked":["Deadly Poison","Slice"],"picked":"Dagger Spray","floor":12},{"not_picked":["Dagger Spray","Acrobatics"],"picked":"Caltrops","floor":13},{"not_picked":["Envenom","Tools of the Trade"],"picked":"Malaise","floor":16},{"not_picked":["Slice+1","Dagger Spray","Quick Slash"],"picked":"SKIP","floor":18},{"not_picked":["Masterful Stab","Acrobatics+1"],"picked":"PiercingWail+1","floor":19},{"not_picked":["Escape Plan","Dash","Outmaneuver"],"picked":"SKIP","floor":21},{"not_picked":["Outmaneuver","Flying Knee"],"picked":"Prepared+1","floor":24},{"not_picked":["Quick Slash","Sucker Punch","Underhanded Strike"],"picked":"SKIP","floor":28},{"not_picked":["Deadly Poison","Prepared","Skewer"],"picked":"SKIP","floor":29},{"not_picked":["Phantasmal Killer","Flying Knee+1","Terror"],"picked":"SKIP","floor":31},{"not_picked":["Glass Knife","Malaise"],"picked":"Burst","floor":33},{"not_picked":["Escape Plan+1","Cloak And Dagger+1"],"picked":"PiercingWail+1","floor":35},{"not_picked":["Quick Slash","Backflip"],"picked":"Flechettes+1","floor":42},{"not_picked":["Deadly Poison","Dash"],"picked":"Deflect","floor":44},{"not_picked":["Mind Blast","Madness"],"picked":"Panacea","floor":48}],"player_experience":646390,"relics_obtained":[{"floor":7,"key":"Mango"},{"floor":9,"key":"Bottled Flame"},{"floor":10,"key":"Bottled Tornado"},{"floor":26,"key":"Bag of Marbles"},{"floor":31,"key":"Blood Vial"},{"floor":36,"key":"WingedGreaves"},{"floor":42,"key":"Kunai"},{"floor":43,"key":"Juzu Bracelet"}],"event_choices":[{"cards_removed":["Strike_G"],"damage_healed":0,"gold_gain":0,"player_choice":"Card Removal","damage_taken":7,"max_hp_gain":0,"max_hp_loss":0,"event_name":"Golden Wing","floor":2,"gold_loss":0},{"damage_healed":0,"gold_gain":75,"player_choice":"Gather Gold","damage_taken":11,"max_hp_gain":0,"max_hp_loss":0,"event_name":"World of Goop","floor":5,"gold_loss":0},{"damage_healed":0,"gold_gain":0,"cards_transformed":["Strike_G"],"player_choice":"Transformed","damage_taken":0,"max_hp_gain":0,"max_hp_loss":0,"event_name":"Transmorgrifier","floor":22,"gold_loss":0,"cards_obtained":["After Image"]},{"damage_healed":0,"gold_gain":0,"player_choice":"Fight","damage_taken":0,"max_hp_gain":0,"max_hp_loss":0,"event_name":"MindBloom","floor":36,"gold_loss":0},{"cards_removed":["Strike_G"],"damage_healed":0,"gold_gain":0,"player_choice":"Removed Attack","damage_taken":0,"max_hp_gain":0,"max_hp_loss":0,"event_name":"Falling","floor":38,"gold_loss":0},{"damage_healed":0,"gold_gain":0,"player_choice":"Paid","damage_taken":0,"relics_obtained":["Red Mask"],"max_hp_gain":0,"max_hp_loss":0,"event_name":"Tomb of Lord Red Mask","floor":39,"gold_loss":92},{"damage_healed":0,"gold_gain":0,"player_choice":"Memory 1","damage_taken":0,"max_hp_gain":0,"max_hp_loss":0,"event_name":"SensoryStone","floor":48,"gold_loss":0}],"is_beta":false,"boss_relics":[{"not_picked":["WristBlade","Runic Pyramid"],"picked":"Coffee Dripper"},{"not_picked":["Cursed Key","Tiny House"],"picked":"Sozu"}],"items_purged_floors":[14],"is_endless":false,"potions_floor_spawned":[7,12,16,21,24,28,44],"ascension_level":15}