{"gold_per_floor":[110,110,35,45,45,45,75,87,87,116,116,129,149,63,63,63],"floor_reached":16,"playtime":434,"items_purged":["Strike_G"],"score":257,"play_id":"ca326cab-2341-419c-88b4-4a4116d063cf","local_time":"20190810105933","is_ascension_mode":true,"campfire_choices":[{"data":"Neutralize","floor":6,"key":"SMITH"},{"data":"Noxious Fumes","floor":11,"key":"SMITH"},{"data":"Sucker Punch","floor":15,"key":"SMITH"}],"neow_cost":"NONE","seed_source_timestamp":472183211180600,"circlet_count":0,"master_deck":["AscendersBane","Strike_G","Strike_G","Defend_G","Defend_G","Defend_G","Defend_G","Defend_G","Survivor","Neutralize+1","Cloak And Dagger","Dagger Spray","Noxious Fumes+1","PiercingWail","Finisher","Deflect","Sucker Punch+1","Caltrops"],"relics":["Ring of the Snake","NeowsBlessing","Shuriken","Incense Burner","Pear"],"potions_floor_usage":[10,12,16],"damage_taken":[{"damage":0,"enemies":"Small Slimes","floor":1,"turns":1},{"damage":0,"enemies":"Jaw Worm","floor":4,"turns":1},{"damage":0,"enemies":"Gremlin Nob","floor":7,"turns":1},{"damage":4,"enemies":"Cultist","floor":8,"turns":4},{"damage":19,"enemies":"3 Sentries","floor":10,"turns":6},{"damage":4,"enemies":"Gremlin Gang","floor":12,"turns":3},{"damage":1,"enemies":"Looter","floor":13,"turns":4},{"damage":43,"enemies":"Slime Boss","floor":16,"turns":8}],"seed_played":"-2063240629664895317","potions_obtained":[{"floor":7,"key":"GamblersBrew"},{"floor":8,"key":"Explosive Potion"},{"floor":10,"key":"Ancient Potion"},{"floor":13,"key":"LiquidBronze"}],"is_trial":false,"path_per_floor":["M","?","$","M","?","R","E","M","T","E","R","M","M","$","R","B"],"character_chosen":"THE_SILENT","items_purchased":["Caltrops"],"campfire_rested":0,"item_purchase_floors":[14],"current_hp_per_floor":[59,52,52,52,52,52,52,48,48,39,39,35,34,34,34,0],"gold":63,"neow_bonus":"THREE_ENEMY_KILL","is_prod":false,"is_daily":false,"chose_seed":false,"campfire_upgraded":3,"win_rate":0,"timestamp":1565449173,"path_taken":["M","?","$","M","?","R","E","M","T","E","R","?","?","$","R","BOSS"],"build_version":"2019-07-17","purchased_purges":1,"victory":false,"max_hp_per_floor":[66,66,66,66,66,66,66,66,66,76,76,76,76,76,76,76],"card_choices":[{"not_picked":["Bane","Bouncing Flask","Acrobatics"],"picked":"SKIP","floor":1},{"not_picked":["Dodge and Roll","Blade Dance"],"picked":"Cloak And Dagger","floor":4},{"not_picked":["Infinite Blades","Dagger Throw"],"picked":"Noxious Fumes","floor":7},{"not_picked":["Infinite Blades","Dagger Spray"],"picked":"PiercingWail","floor":8},{"not_picked":["Dagger Throw","Dodge and Roll"],"picked":"Finisher","floor":10},{"not_picked":["Reflex","PiercingWail"],"picked":"Deflect","floor":12},{"not_picked":["Deadly Poison","Bane"],"picked":"Sucker Punch","floor":13}],"player_experience":681957,"relics_obtained":[{"floor":7,"key":"Shuriken"},{"floor":9,"key":"Incense Burner"},{"floor":10,"key":"Pear"}],"event_choices":[{"cards_removed":["Strike_G"],"damage_healed":0,"gold_gain":0,"player_choice":"Card Removal","damage_taken":7,"max_hp_gain":0,"max_hp_loss":0,"event_name":"Golden Wing","floor":2,"gold_loss":0},{"damage_healed":0,"gold_gain":0,"cards_transformed":["Strike_G"],"player_choice":"Transformed","damage_taken":0,"max_hp_gain":0,"max_hp_loss":0,"event_name":"Transmorgrifier","floor":5,"gold_loss":0,"cards_obtained":["Dagger Spray"]}],"is_beta":false,"boss_relics":[],"items_purged_floors":[3],"is_endless":false,"potions_floor_spawned":[7,8,10,13],"killed_by":"Slime Boss","ascension_level":18}