{"gold_per_floor":[112,132,132,149,169,203,203,232,284,296,328,340,371,395,407,517,529,561,559,34,51,51,51],"floor_reached":23,"playtime":3113,"items_purged":["Strike_G"],"score":226,"play_id":"12881ab0-545b-48b6-af84-932d8edf5b8e","local_time":"20190731112507","is_ascension_mode":true,"campfire_choices":[{"data":"Die Die Die","floor":7,"key":"SMITH"},{"floor":10,"key":"REST"},{"data":"Riddle With Holes","floor":12,"key":"SMITH"},{"floor":15,"key":"REST"}],"neow_cost":"NONE","seed_source_timestamp":0,"circlet_count":0,"master_deck":["Strike_G","Strike_G","Strike_G","Defend_G","Defend_G","Defend_G","Defend_G","Defend_G","Survivor","Neutralize","Masterful Stab","Riddle With Holes+1","Dagger Spray","Dagger Throw","Die Die Die+1","Dash","Backflip","Dodge and Roll","Unload","PiercingWail","Deadly Poison","Dodge and Roll+1"],"special_seed":0,"relics":["Ring of the Snake","Tingsha","Pantograph","MawBank","White Beast Statue","Question Card","ClockworkSouvenir"],"potions_floor_usage":[6,8,16,16,16,19,23,23,23],"damage_taken":[{"damage":0,"enemies":"2 Louse","floor":1,"turns":2},{"damage":0,"enemies":"Small Slimes","floor":2,"turns":4},{"damage":0,"enemies":"Jaw Worm","floor":4,"turns":3},{"damage":5,"enemies":"Exordium Thugs","floor":5,"turns":6},{"damage":14,"enemies":"Gremlin Nob","floor":6,"turns":3},{"damage":24,"enemies":"Lagavulin","floor":8,"turns":8},{"damage":0,"enemies":"Gremlin Gang","floor":11,"turns":1},{"damage":0,"enemies":"3 Louse","floor":13,"turns":2},{"damage":11,"enemies":"Lots of Slimes","floor":14,"turns":3},{"damage":23,"enemies":"Hexaghost","floor":16,"turns":9},{"damage":26,"enemies":"Shell Parasite","floor":18,"turns":7},{"damage":7,"enemies":"2 Thieves","floor":19,"turns":4},{"damage":31,"enemies":"Snecko","floor":21,"turns":7},{"damage":28,"enemies":"Gremlin Leader","floor":23,"turns":6}],"seed_played":"-730251427443148676","potions_obtained":[{"floor":4,"key":"Poison Potion"},{"floor":6,"key":"Dexterity Potion"},{"floor":8,"key":"Ancient Potion"},{"floor":13,"key":"LiquidBronze"},{"floor":14,"key":"Strength Potion"},{"floor":16,"key":"PowerPotion"},{"floor":18,"key":"Poison Potion"},{"floor":19,"key":"Regen Potion"},{"floor":21,"key":"SpeedPotion"}],"is_trial":false,"path_per_floor":["M","M","?","M","M","E","R","E","T","R","M","R","M","M","R","B",null,"M","M","$","M","?","E"],"character_chosen":"THE_SILENT","items_purchased":["Question Card","ClockworkSouvenir","Deadly Poison"],"campfire_rested":2,"item_purchase_floors":[20,20,20],"current_hp_per_floor":[70,70,67,67,62,48,48,24,24,45,45,45,45,34,55,47,70,44,37,37,6,6,0],"gold":51,"neow_bonus":"TRANSFORM_CARD","is_prod":false,"is_daily":false,"chose_seed":false,"campfire_upgraded":2,"win_rate":0,"timestamp":1564590307,"path_taken":["M","M","?","M","M","E","R","E","T","R","M","R","M","M","R","BOSS","M","M","$","M","?","E"],"build_version":"2019-07-17","purchased_purges":1,"victory":false,"max_hp_per_floor":[70,70,70,70,70,70,70,70,70,70,70,70,70,70,70,70,70,70,70,70,70,70,70],"card_choices":[{"not_picked":["Cloak And Dagger","Flying Knee"],"picked":"Riddle With Holes","floor":1},{"not_picked":["Endless Agony","Noxious Fumes"],"picked":"Dagger Spray","floor":2},{"not_picked":["Terror","Expertise"],"picked":"Dagger Throw","floor":4},{"not_picked":["Escape Plan","Blade Dance","Quick Slash"],"picked":"SKIP","floor":5},{"not_picked":["Sucker Punch","Blur"],"picked":"Die Die Die","floor":6},{"not_picked":["Sucker Punch","Predator"],"picked":"Dash","floor":8},{"not_picked":["Poisoned Stab","Calculated Gamble"],"picked":"Backflip","floor":11},{"not_picked":["Crippling Poison","Cloak And Dagger"],"picked":"Dodge and Roll","floor":13},{"not_picked":["Underhanded Strike","Quick Slash","Blade Dance"],"picked":"SKIP","floor":14},{"not_picked":["Malaise","Bullet Time"],"picked":"Unload","floor":16},{"not_picked":["Tactician","Dash"],"picked":"PiercingWail","floor":18},{"not_picked":["Quick Slash","PiercingWail","All Out Attack+1"],"picked":"SKIP","floor":19},{"not_picked":["Sucker Punch","Crippling Poison","Infinite Blades"],"picked":"Dodge and Roll+1","floor":21}],"player_experience":325012,"relics_obtained":[{"floor":6,"key":"Tingsha"},{"floor":8,"key":"Pantograph"},{"floor":9,"key":"MawBank"}],"event_choices":[{"damage_healed":0,"gold_gain":0,"player_choice":"Fled","damage_taken":3,"max_hp_gain":0,"max_hp_loss":0,"event_name":"Scrap Ooze","floor":3,"gold_loss":0},{"damage_healed":0,"gold_gain":0,"player_choice":"Ignored","damage_taken":0,"max_hp_gain":0,"max_hp_loss":0,"event_name":"Vampires","floor":22,"gold_loss":0}],"is_beta":false,"boss_relics":[{"not_picked":["Eternal Feather","Snecko Eye"],"picked":"White Beast Statue"}],"items_purged_floors":[20],"is_endless":false,"potions_floor_spawned":[4,6,8,13,14,16,18,19,21],"killed_by":"Gremlin Leader","ascension_level":2}