{"gold_per_floor":[115,115,130,12,12,12,26,26,80,92,92,109,109,134,134,237,237,254,281,297,315,240,240,253,253],"floor_reached":25,"playtime":2780,"items_purged":["Strike_R"],"score":203,"play_id":"33606f3d-49a5-4877-91c9-4e0caed70149","local_time":"20180625011757","is_ascension_mode":false,"campfire_choices":[{"data":"Whirlwind","floor":6,"key":"SMITH"},{"data":"Pommel Strike","floor":8,"key":"SMITH"},{"data":"Bash","floor":11,"key":"SMITH"},{"floor":15,"key":"REST"},{"floor":23,"key":"REST"}],"neow_cost":"NONE","seed_source_timestamp":512728796718997,"circlet_count":0,"master_deck":["Strike_R+1","Strike_R+1","Strike_R+1","Defend_R","Defend_R","Defend_R","Defend_R","Bash+1","Pommel Strike+1","Whirlwind+1","Disarm+1","Heavy Blade","Barricade","Evolve"],"relics":["Burning Blood","Tiny Chest","Whetstone","Velvet Choker","Bag of Marbles"],"potions_floor_usage":[],"damage_taken":[{"damage":8,"enemies":"Jaw Worm","floor":1,"turns":7},{"damage":0,"enemies":"Small Slimes","floor":3,"turns":5},{"damage":0,"enemies":"2 Louse","floor":7,"turns":2},{"damage":15,"enemies":"Exordium Wildlife","floor":10,"turns":6},{"damage":5,"enemies":"Exordium Thugs","floor":12,"turns":4},{"damage":16,"enemies":"3 Sentries","floor":14,"turns":5},{"damage":75,"enemies":"The Guardian","floor":16,"turns":14},{"damage":37,"enemies":"Spheric Guardian","floor":18,"turns":6},{"damage":0,"enemies":"Chosen","floor":20,"turns":5},{"damage":56,"enemies":"Slaver and Parasite","floor":21,"turns":8},{"damage":30,"enemies":"Cultist and Chosen","floor":24,"turns":7},{"damage":3,"enemies":"Gremlin Leader","floor":25,"turns":4}],"seed_played":"-5923131800553523681","potions_obtained":[{"floor":1,"key":"LiquidBronze"},{"floor":7,"key":"AttackPotion"},{"floor":14,"key":"Swift Potion"},{"floor":21,"key":"Fruit Juice"}],"is_trial":false,"path_per_floor":["M","?","M","$","?","R","M","R","T","M","R","M","$","E","R","B",null,"M","T","M","M","$","R","M"],"character_chosen":"IRONCLAD","items_purchased":["Whirlwind","Disarm"],"campfire_rested":2,"item_purchase_floors":[4,4],"current_hp_per_floor":[78,83,85,85,68,68,74,74,74,65,65,66,66,56,81,12,85,54,54,60,10,10,35,11,8],"gold":253,"neow_bonus":"REMOVE_CARD","is_prod":false,"is_daily":false,"chose_seed":false,"campfire_upgraded":3,"win_rate":0.0,"timestamp":1529885877,"path_taken":["M","?","M","$","?","R","M","R","T","M","R","M","$","E","R","BOSS","M","?","?","M","?","R","?","E"],"build_version":"2018-06-21v2","purchased_purges":1,"victory":false,"max_hp_per_floor":[80,85,85,85,85,85,85,85,85,85,85,85,85,85,85,85,85,85,85,85,85,85,85,85,85],"card_choices":[{"not_picked":["Seeing Red","Sword Boomerang","Dual Wield"],"picked":"SKIP","floor":1},{"not_picked":["Clash","Corruption"],"picked":"Pommel Strike","floor":3},{"not_picked":["Twin Strike","Evolve"],"picked":"Heavy Blade","floor":7},{"not_picked":["Cleave","Body Slam","Warcry"],"picked":"SKIP","floor":10},{"not_picked":["Armaments","Entrench","Heavy Blade"],"picked":"SKIP","floor":12},{"not_picked":["Bludgeon","Disarm","Dropkick"],"picked":"SKIP","floor":14},{"not_picked":["Immolate","Demon Form"],"picked":"Barricade","floor":16},{"not_picked":["Carnage","Iron Wave","Sever Soul+1"],"picked":"SKIP","floor":18},{"not_picked":["Perfected Strike","Headbutt","Havoc"],"picked":"SKIP","floor":20},{"not_picked":["Searing Blow+1","Perfected Strike","Clothesline"],"picked":"SKIP","floor":21},{"not_picked":["Cleave","Wild Strike+1"],"picked":"Evolve","floor":24}],"player_experience":115434,"relics_obtained":[{"floor":9,"key":"Tiny Chest"},{"floor":14,"key":"Whetstone"},{"floor":19,"key":"Bag of Marbles"}],"event_choices":[{"event_name":"Big Fish","player_choice":"Donut","floor":2,"damage_taken":0},{"event_name":"Shining Light","player_choice":"Entered Light","floor":5,"damage_taken":0}],"boss_relics":[{"not_picked":["Black Blood","Runic Cube"],"picked":"Velvet Choker"}],"items_purged_floors":[22],"is_endless":false,"potions_floor_spawned":[1,7,14,21],"killed_by":"Gremlin Leader","ascension_level":0}