{"path_per_floor":["M","?","?","?","?","R","M","R","T","M","M","M","R","?","R","B",null,"M","$","?","?","$","R","M","M","T","R","M","M","R","M","R"],"character_chosen":"IRONCLAD","items_purchased":["Perfected Strike","True Grit"],"gold_per_floor":[115,75,75,40,40,40,57,57,57,77,89,103,103,103,103,200,200,213,115,115,115,115,115,125,137,209,209,226,243,243,255,255,255],"floor_reached":33,"campfire_rested":5,"playtime":1571,"item_purchase_floors":[19,19],"current_hp_per_floor":[78,78,78,80,80,80,80,80,80,80,74,74,80,80,80,7,80,63,63,63,63,63,80,59,45,45,69,57,47,71,62,80,10],"items_purged":[],"gold":255,"score":237,"play_id":"c9c266d6-8f98-4d34-ac6c-fda52d7e209d","local_time":"20180617221314","is_prod":false,"is_daily":false,"chose_seed":false,"is_ascension_mode":false,"campfire_upgraded":3,"win_rate":0.0,"timestamp":1529269994,"campfire_choices":[{"data":"Strike_R","floor":6,"key":"SMITH"},{"data":"Perfected Strike","floor":8,"key":"SMITH"},{"floor":13,"key":"REST"},{"data":"Juggernaut","floor":15,"key":"SMITH"},{"floor":23,"key":"REST"},{"floor":27,"key":"REST"},{"floor":30,"key":"REST"},{"floor":32,"key":"REST"}],"path_taken":["M","?","?","?","?","R","?","R","T","M","M","M","R","?","R","BOSS","M","$","?","?","$","R","M","M","T","R","M","M","R","?","R","BOSS"],"build_version":"2018-06-14v2","seed_source_timestamp":269772860758186,"purchased_purges":0,"victory":false,"master_deck":["Strike_R","Strike_R+1","Strike_R+1","Strike_R","Strike_R","Defend_R","Defend_R","Defend_R","Defend_R","Bash","Headbutt+1","Perfected Strike+1","Clothesline+1","Anger","Juggernaut+1","Limit Break","Flame Barrier+1","Perfected Strike","True Grit","Injury","Cleave+1","Power Through","Bludgeon","Carnage","Sword Boomerang"],"max_hp_per_floor":[80,80,80,80,80,80,80,80,80,80,80,80,80,80,80,80,80,80,80,80,80,80,80,80,80,80,80,80,80,80,80,80,80],"relics":["Sozu","Pantograph","Velvet Choker","Mummified Hand"],"card_choices":[{"not_picked":["Thunderclap","Disarm"],"picked":"Headbutt","floor":1},{"not_picked":["Twin Strike","Headbutt"],"picked":"Perfected Strike","floor":7},{"not_picked":["Sword Boomerang","Shockwave"],"picked":"Clothesline","floor":10},{"not_picked":["Clash","Perfected Strike"],"picked":"Anger","floor":11},{"not_picked":["Dual Wield","Shrug It Off"],"picked":"Juggernaut","floor":12},{"not_picked":["Fiend Fire","Reaper"],"picked":"Limit Break","floor":16},{"not_picked":["Sword Boomerang+1","Disarm"],"picked":"Flame Barrier","floor":18},{"not_picked":["Twin Strike","Armaments"],"picked":"Cleave+1","floor":24},{"not_picked":["Warcry","Flex"],"picked":"Power Through","floor":25},{"not_picked":["Body Slam","Iron Wave+1"],"picked":"Bludgeon","floor":28},{"not_picked":["Burning Pact","Inflame"],"picked":"Carnage","floor":29},{"not_picked":["Flex","Combust"],"picked":"Sword Boomerang","floor":31}],"player_experience":38262,"potions_floor_usage":[],"damage_taken":[{"damage":2,"enemies":"Jaw Worm","floor":1,"turns":5},{"damage":0,"enemies":"Cultist","floor":7,"turns":2},{"damage":0,"enemies":"Small Slimes","floor":10,"turns":2},{"damage":6,"enemies":"Red Slaver","floor":11,"turns":3},{"damage":0,"enemies":"Large Slime","floor":12,"turns":4},{"damage":73,"enemies":"The Guardian","floor":16,"turns":9},{"damage":17,"enemies":"2 Thieves","floor":18,"turns":4},{"damage":21,"enemies":"Chosen","floor":24,"turns":4},{"damage":14,"enemies":"Snake Plant","floor":25,"turns":3},{"damage":12,"enemies":"Chosen and Byrds","floor":28,"turns":7},{"damage":10,"enemies":"Snecko","floor":29,"turns":4},{"damage":9,"enemies":"Centurion and Healer","floor":31,"turns":3},{"damage":70,"enemies":"Collector","floor":33,"turns":9}],"relics_obtained":[{"floor":9,"key":"Pantograph"},{"floor":26,"key":"Mummified Hand"}],"event_choices":[{"event_name":"The Woman in Blue","player_choice":"Bought 3 Potions","floor":2,"damage_taken":0},{"event_name":"Upgrade Shrine","player_choice":"Upgraded","floor":3,"damage_taken":0},{"event_name":"The Cleric","player_choice":"Healed","floor":4,"damage_taken":0},{"event_name":"Living Wall","player_choice":"Grow","floor":5,"damage_taken":0},{"event_name":"Scrap Ooze","player_choice":"unsuccessful","floor":14,"damage_taken":0},{"event_name":"Upgrade Shrine","player_choice":"Upgraded","floor":20,"damage_taken":0},{"event_name":"Accursed Blacksmith","player_choice":"Forge","floor":21,"damage_taken":0}],"boss_relics":[{"not_picked":["Orrery","Philosopher\u0027s Stone"],"picked":"Velvet Choker"}],"items_purged_floors":[],"is_endless":false,"potions_floor_spawned":[7,16,25,29],"seed_played":"8419960609734915073","killed_by":"Collector","ascension_level":0,"potions_obtained":[],"is_trial":false}