{"gold_per_floor":[119,99,114,39,49,77,77,0,26,45,58,58,58,73,73,169,169,183,183,197,209,141,151,151],"floor_reached":24,"playtime":1513,"items_purged":["Strike_G"],"score":260,"play_id":"bb98c396-662a-441f-a24f-1ea2c9706ffb","local_time":"20181214201914","is_ascension_mode":true,"campfire_choices":[{"data":"Footwork","floor":7,"key":"SMITH"},{"floor":15,"key":"REST"}],"neow_cost":"NONE","seed_source_timestamp":5030310752190,"circlet_count":0,"master_deck":["Defend_G","Defend_G","Defend_G","Defend_G","Defend_G","Strike_G","Strike_G","Survivor","Neutralize","Quick Slash","Predator","Deflect","Footwork+1","Footwork","Backflip","Die Die Die","Blade Dance+1","Caltrops","Cloak And Dagger+1"],"relics":["Ring of the Snake","Ancient Tea Set","Orichalcum","Empty Cage","Ornamental Fan"],"potions_floor_usage":[2,6,16,16,18,21],"damage_taken":[{"damage":5,"enemies":"Small Slimes","floor":1,"turns":5},{"damage":0,"enemies":"Cultist","floor":3,"turns":4},{"damage":0,"enemies":"Jaw Worm","floor":5,"turns":4},{"damage":15,"enemies":"3 Sentries","floor":6,"turns":11},{"damage":2,"enemies":"Lots of Slimes","floor":10,"turns":5},{"damage":2,"enemies":"3 Louse","floor":11,"turns":4},{"damage":0,"enemies":"Blue Slaver","floor":14,"turns":6},{"damage":12,"enemies":"The Guardian","floor":16,"turns":23},{"damage":24,"enemies":"Chosen","floor":18,"turns":12},{"damage":0,"enemies":"Shell Parasite","floor":20,"turns":9},{"damage":9,"enemies":"Centurion and Healer","floor":21,"turns":14},{"damage":22,"enemies":"Snecko","floor":23,"turns":9},{"damage":16,"enemies":"Snake Plant","floor":24,"turns":3}],"seed_played":"-8618553582204088946","potions_obtained":[{"floor":0,"key":"Energy Potion"},{"floor":0,"key":"Weak Potion"},{"floor":0,"key":"Fruit Juice"},{"floor":2,"key":"FairyPotion"},{"floor":5,"key":"Fire Potion"},{"floor":10,"key":"EssenceOfSteel"},{"floor":16,"key":"LiquidBronze"},{"floor":20,"key":"Explosive Potion"},{"floor":23,"key":"Fire Potion"}],"is_trial":false,"path_per_floor":["M","?","M","$","M","E","R","$","T","M","M","$","$","M","R","B",null,"M","?","M","M","$","M","M"],"character_chosen":"THE_SILENT","items_purchased":["Footwork","Caltrops"],"campfire_rested":1,"item_purchase_floors":[8,22],"current_hp_per_floor":[58,63,63,63,63,48,48,48,48,46,44,44,44,44,66,54,70,46,46,46,37,37,15,0],"gold":151,"neow_bonus":"THREE_SMALL_POTIONS","is_prod":false,"is_daily":false,"chose_seed":false,"campfire_upgraded":1,"win_rate":0,"timestamp":1544818754,"path_taken":["M","?","M","$","?","E","R","$","T","?","M","?","$","M","R","BOSS","M","?","M","M","$","?","M"],"build_version":"2018-12-13","purchased_purges":1,"victory":false,"max_hp_per_floor":[70,75,75,75,75,75,75,75,75,75,75,75,75,75,75,75,75,75,75,75,75,75,75,75],"card_choices":[{"not_picked":["Bouncing Flask","Dodge and Roll"],"picked":"Quick Slash","floor":1},{"not_picked":["Dodge and Roll","Flechettes"],"picked":"Predator","floor":3},{"not_picked":["Dodge and Roll","Bullet Time"],"picked":"Deflect","floor":5},{"not_picked":["PiercingWail","Prepared"],"picked":"Footwork","floor":6},{"not_picked":["Slice","Dagger Throw"],"picked":"Backflip","floor":10},{"not_picked":["Underhanded Strike","Acrobatics","Blade Dance"],"picked":"SKIP","floor":11},{"not_picked":["Outmaneuver","Heel Hook","Blade Dance"],"picked":"SKIP","floor":14},{"not_picked":["Burst","Unload"],"picked":"Die Die Die","floor":16},{"not_picked":["Dodge and Roll","Heel Hook"],"picked":"Blade Dance+1","floor":18},{"not_picked":["Deadly Poison","Bane+1","Prepared"],"picked":"SKIP","floor":20},{"not_picked":["Concentrate","Dagger Throw","Outmaneuver"],"picked":"SKIP","floor":21},{"not_picked":["Blur","Setup"],"picked":"Cloak And Dagger+1","floor":23}],"player_experience":297900,"relics_obtained":[{"floor":6,"key":"Ancient Tea Set"},{"floor":9,"key":"Orichalcum"}],"event_choices":[{"damage_healed":0,"gold_gain":0,"player_choice":"Bought 1 Potion","damage_taken":0,"max_hp_gain":0,"max_hp_loss":0,"event_name":"The Woman in Blue","floor":2,"gold_loss":0},{"damage_healed":0,"gold_gain":0,"player_choice":"Gave Potion","damage_taken":0,"relics_obtained":["Ornamental Fan"],"max_hp_gain":0,"max_hp_loss":0,"event_name":"WeMeetAgain","floor":19,"gold_loss":0}],"is_beta":false,"boss_relics":[{"not_picked":["Fusion Hammer","Ring of the Serpent"],"picked":"Empty Cage"}],"items_purged_floors":[4],"is_endless":false,"potions_floor_spawned":[3,5,10,16,20,23],"killed_by":"Snake Plant","ascension_level":6}