{"gold_per_floor":[10,23,23,33,53,53,85,102,157,157,157,192,192,209,209,307,357,370,469,51,51,63,63,83,83,83,83,102,120,146,158,158,254,254,272,172,172,190,112,112],"floor_reached":40,"playtime":1797,"items_purged":["Strike_R","Strike_R"],"score":598,"play_id":"20edfa77-00bb-4212-a0c3-10ba47a1a57f","local_time":"20190721221102","is_ascension_mode":true,"campfire_choices":[{"data":"Flame Barrier","floor":6,"key":"SMITH"},{"data":"Immolate","floor":11,"key":"SMITH"},{"data":"Shockwave","floor":13,"key":"SMITH"},{"data":"Spot Weakness","floor":15,"key":"SMITH"},{"data":"True Grit","floor":23,"key":"SMITH"},{"data":"Limit Break","floor":25,"key":"SMITH"},{"data":"Flame Barrier","floor":27,"key":"SMITH"},{"floor":32,"key":"REST"}],"neow_cost":"NO_GOLD","seed_source_timestamp":26035252797900,"circlet_count":0,"master_deck":["Strike_R","Defend_R","Defend_R+1","Defend_R","Bash","Cleave","Spot Weakness+1","Flame Barrier+1","Immolate+1","Shockwave+1","Shrug It Off","Limit Break+1","Flame Barrier+1","True Grit+1","Offering","Uppercut","Ghostly Armor","Reaper","Warcry+1","Thinking Ahead","Seeing Red+1","Impervious"],"relics":["Burning Blood","Bottled Lightning","Juzu Bracelet","Question Card","Red Skull","Tiny House","Magic Flower","Self Forming Clay","Girya","Mark of Pain"],"potions_floor_usage":[7,16,16,28,30,31,33],"damage_taken":[{"damage":1,"enemies":"2 Louse","floor":1,"turns":3},{"damage":14,"enemies":"Jaw Worm","floor":2,"turns":3},{"damage":0,"enemies":"Small Slimes","floor":4,"turns":2},{"damage":1,"enemies":"Looter","floor":5,"turns":4},{"damage":35,"enemies":"Lagavulin","floor":7,"turns":7},{"damage":0,"enemies":"Large Slime","floor":8,"turns":4},{"damage":32,"enemies":"Gremlin Nob","floor":12,"turns":4},{"damage":0,"enemies":"2 Fungi Beasts","floor":14,"turns":1},{"damage":21,"enemies":"The Guardian","floor":16,"turns":10},{"damage":0,"enemies":"Chosen","floor":18,"turns":6},{"damage":43,"enemies":"Shell Parasite","floor":22,"turns":7},{"damage":5,"enemies":"Snecko","floor":24,"turns":5},{"damage":6,"enemies":"3 Cultists","floor":28,"turns":2},{"damage":15,"enemies":"Snake Plant","floor":29,"turns":4},{"damage":9,"enemies":"Slavers","floor":30,"turns":3},{"damage":17,"enemies":"Centurion and Healer","floor":31,"turns":4},{"damage":45,"enemies":"Champ","floor":33,"turns":15},{"damage":53,"enemies":"3 Shapes","floor":35,"turns":3},{"damage":12,"enemies":"Orb Walker","floor":38,"turns":4},{"damage":84,"enemies":"Nemesis","floor":40,"turns":12}],"seed_played":"8366666288905949359","potions_obtained":[{"floor":2,"key":"Poison Potion"},{"floor":5,"key":"GamblersBrew"},{"floor":7,"key":"SpeedPotion"},{"floor":17,"key":"Regen Potion"},{"floor":18,"key":"SpeedPotion"},{"floor":29,"key":"Strength Potion"},{"floor":31,"key":"SpeedPotion"},{"floor":38,"key":"Ancient Potion"}],"is_trial":false,"path_per_floor":["M","M","?","M","M","R","E","M","T","?","R","E","R","M","R","B",null,"M","?","$","?","M","R","M","R","T","R","M","M","E","M","R","B",null,"M","$","?","M","$","E"],"character_chosen":"IRONCLAD","items_purchased":["True Grit","Magic Flower","Impervious"],"campfire_rested":1,"item_purchase_floors":[20,20,39],"current_hp_per_floor":[77,69,69,75,80,80,51,57,57,54,54,28,28,34,34,19,70,76,76,76,76,42,42,46,46,46,46,57,51,51,43,68,32,72,66,66,66,81,81,0],"gold":112,"neow_bonus":"REMOVE_TWO","is_prod":false,"is_daily":false,"chose_seed":false,"campfire_upgraded":7,"win_rate":0,"timestamp":1563761462,"path_taken":["M","M","?","M","M","R","E","M","T","?","R","E","R","M","R","BOSS","M","?","$","?","M","R","M","R","T","R","M","M","E","M","R","BOSS","M","$","?","M","$","E"],"build_version":"2019-07-17","purchased_purges":2,"victory":false,"max_hp_per_floor":[80,80,80,80,80,80,80,80,80,80,80,80,80,80,80,80,85,85,85,85,85,85,85,85,85,85,85,85,85,85,85,85,85,85,85,85,85,85,85,85],"card_choices":[{"not_picked":["Iron Wave","Clash"],"picked":"Cleave","floor":1},{"not_picked":["Shrug It Off","Cleave"],"picked":"Spot Weakness","floor":2},{"not_picked":["Twin Strike","Second Wind"],"picked":"Flame Barrier","floor":4},{"not_picked":["Warcry","Reckless Charge","Body Slam"],"picked":"SKIP","floor":5},{"not_picked":["Pummel","Cleave"],"picked":"Immolate","floor":7},{"not_picked":["Havoc","Pummel","Corruption"],"picked":"SKIP","floor":8},{"not_picked":["Second Wind","Armaments","Hemokinesis"],"picked":"Shockwave","floor":12},{"not_picked":["Corruption","Combust","Armaments"],"picked":"Shrug It Off","floor":14},{"not_picked":["Feed","Juggernaut","Fiend Fire"],"picked":"Limit Break","floor":16},{"not_picked":["Iron Wave","Burning Pact","Wild Strike"],"picked":"Flame Barrier","floor":17},{"not_picked":["Havoc","Rage+1","Dual Wield","Perfected Strike+1"],"picked":"SKIP","floor":18},{"not_picked":["Pommel Strike","Flex","Armaments"],"picked":"Offering","floor":22},{"not_picked":["Anger","Body Slam","Headbutt","Perfected Strike+1"],"picked":"SKIP","floor":24},{"not_picked":["Wild Strike","Body Slam","Thunderclap+1","Iron Wave"],"picked":"SKIP","floor":28},{"not_picked":["Inflame","Entrench","Dropkick","Carnage"],"picked":"SKIP","floor":29},{"not_picked":["Headbutt","Demon Form","True Grit"],"picked":"Uppercut","floor":30},{"not_picked":["Power Through","Warcry","Burning Pact+1"],"picked":"Ghostly Armor","floor":31},{"not_picked":["Feed","Dark Embrace","Fiend Fire"],"picked":"Reaper","floor":33},{"not_picked":["Disarm","Perfected Strike+1","Blood for Blood"],"picked":"Warcry+1","floor":35},{"not_picked":["Sadistic Nature","Panache","Purity"],"picked":"Thinking Ahead","floor":37},{"not_picked":["Anger+1","Cleave","Wild Strike+1"],"picked":"Seeing Red+1","floor":38}],"player_experience":472028,"relics_obtained":[{"floor":7,"key":"Bottled Lightning"},{"floor":9,"key":"Juzu Bracelet"},{"floor":12,"key":"Red Skull"},{"floor":26,"key":"Self Forming Clay"},{"floor":30,"key":"Girya"}],"event_choices":[{"cards_removed":["Strike_R"],"damage_healed":0,"gold_gain":0,"player_choice":"Forget","damage_taken":0,"max_hp_gain":0,"max_hp_loss":0,"event_name":"Living Wall","floor":3,"gold_loss":0},{"damage_healed":0,"gold_gain":0,"player_choice":"Success","damage_taken":3,"relics_obtained":["Question Card"],"max_hp_gain":0,"max_hp_loss":0,"event_name":"Scrap Ooze","floor":10,"gold_loss":0},{"damage_healed":0,"gold_gain":99,"player_choice":"Stole From Cult","damage_taken":0,"max_hp_gain":0,"max_hp_loss":0,"event_name":"Nest","floor":19,"gold_loss":0},{"damage_healed":0,"gold_gain":0,"player_choice":"Ignored","damage_taken":0,"max_hp_gain":0,"max_hp_loss":0,"event_name":"The Mausoleum","floor":21,"gold_loss":0},{"damage_healed":0,"gold_gain":0,"player_choice":"Memory 1","damage_taken":0,"max_hp_gain":0,"max_hp_loss":0,"event_name":"SensoryStone","floor":37,"gold_loss":0}],"is_beta":false,"boss_relics":[{"not_picked":["Runic Pyramid","Snecko Eye"],"picked":"Tiny House"},{"not_picked":["Astrolabe","Cursed Key"],"picked":"Mark of Pain"}],"items_purged_floors":[20,36],"is_endless":false,"potions_floor_spawned":[2,5,7,18,29,31,38],"killed_by":"Nemesis","ascension_level":7}