{"path_per_floor":["M","?","$","?","M","E","M","T","T","M","?","R","M"],"character_chosen":"IRONCLAD","items_purchased":["Pantograph"],"gold_per_floor":[215,290,33,33,49,84,101,124,148,159,159,159,173,173],"floor_reached":14,"campfire_rested":1,"playtime":739,"item_purchase_floors":[3],"current_hp_per_floor":[80,69,69,57,57,23,22,22,22,24,24,48,42,1],"items_purged":[],"gold":173,"score":90,"play_id":"5d5cd4b6-47dd-46bd-a3c1-ab2243613fd6","local_time":"20180621220941","is_prod":false,"is_daily":false,"chose_seed":false,"is_ascension_mode":false,"campfire_upgraded":0,"win_rate":0.0,"timestamp":1529615381,"campfire_choices":[{"floor":12,"key":"REST"}],"path_taken":["M","?","$","?","?","E","M","?","T","M","?","R","M","M"],"build_version":"2018-06-14v2","seed_source_timestamp":244277547318065,"purchased_purges":0,"victory":false,"master_deck":["Strike_R","Strike_R","Strike_R","Strike_R","Strike_R","Defend_R","Defend_R","Defend_R","Bash","Clothesline","Inflame","Iron Wave","Twin Strike","Inflame","Intimidate","Pommel Strike"],"max_hp_per_floor":[80,80,80,80,80,80,80,80,80,80,80,80,80,80],"relics":["Burning Blood","Pantograph","Pen Nib","Potion Belt","Oddly Smooth Stone","Ancient Tea Set"],"card_choices":[{"not_picked":["Heavy Blade","Metallicize"],"picked":"Clothesline","floor":1},{"not_picked":["Infernal Blade","Heavy Blade"],"picked":"Inflame","floor":5},{"not_picked":["Headbutt","Second Wind"],"picked":"Iron Wave","floor":6},{"not_picked":["Body Slam","Sword Boomerang"],"picked":"Twin Strike","floor":7},{"not_picked":["Shrug It Off","Whirlwind"],"picked":"Inflame","floor":10},{"not_picked":["Combust","Hemokinesis"],"picked":"Pommel Strike","floor":13}],"player_experience":53766,"potions_floor_usage":[],"damage_taken":[{"damage":6,"enemies":"Jaw Worm","floor":1,"turns":5},{"damage":6,"enemies":"Cultist","floor":5,"turns":5},{"damage":40,"enemies":"Lagavulin","floor":6,"turns":7},{"damage":7,"enemies":"2 Louse","floor":7,"turns":3},{"damage":4,"enemies":"Large Slime","floor":10,"turns":5},{"damage":12,"enemies":"3 Louse","floor":13,"turns":2},{"damage":41,"enemies":"Gremlin Gang","floor":14,"turns":4}],"relics_obtained":[{"floor":6,"key":"Potion Belt"},{"floor":8,"key":"Oddly Smooth Stone"},{"floor":9,"key":"Ancient Tea Set"}],"event_choices":[{"event_name":"World of Goop","player_choice":"Gather Gold","floor":2,"damage_taken":0},{"event_name":"Scrap Ooze","player_choice":"success","floor":4,"damage_taken":12},{"event_name":"Transmorgrifier","player_choice":"Transform","floor":11,"damage_taken":0}],"boss_relics":[],"items_purged_floors":[],"is_endless":false,"potions_floor_spawned":[7],"seed_played":"-3338342004925825939","killed_by":"Gremlin Gang","ascension_level":0,"potions_obtained":[{"floor":7,"key":"Fire Potion"}],"is_trial":false}