{"path_per_floor":["M","M","T","?","M","R","E","R","T","M","?","M","R","$","R","B",null,"M","?","M","M","?","R"],"character_chosen":"IRONCLAD","items_purchased":["Apotheosis","Shrug It Off"],"gold_per_floor":[119,132,185,185,203,203,229,229,229,249,214,233,233,0,0,98,98,113,212,231,241,341,341,341],"floor_reached":24,"campfire_rested":2,"playtime":2912,"item_purchase_floors":[],"current_hp_per_floor":[80,72,72,72,71,71,29,55,55,47,68,60,86,86,86,37,87,78,71,77,67,67,67,19],"items_purged":[],"gold":341,"score":196,"play_id":"1427713c-58da-4a19-bac8-155567a183de","local_time":"20180617214649","is_prod":false,"is_daily":false,"chose_seed":false,"is_ascension_mode":false,"campfire_upgraded":3,"win_rate":0.0,"timestamp":1529268409,"campfire_choices":[{"data":"Cleave","floor":6.0,"key":"SMITH"},{"floor":8.0,"key":"REST"},{"floor":13.0,"key":"REST"},{"data":"Ghostly Armor","floor":15.0,"key":"SMITH"},{"data":"Feed","floor":23,"key":"SMITH"}],"path_taken":["M","M","?","?","M","R","E","R","T","M","?","?","R","?","R","BOSS","M","?","M","M","?","R","M"],"build_version":"2018-06-14v2","seed_source_timestamp":0,"purchased_purges":0,"victory":false,"master_deck":["Strike_R","Strike_R","Strike_R","Strike_R","Strike_R","Defend_R","Defend_R","Defend_R","Bash","Sword Boomerang","Cleave+1","Armaments","Heavy Blade","Ghostly Armor+1","Feel No Pain","Apotheosis","Shrug It Off","Feed+1","Cleave","Ghostly Armor","Shockwave"],"max_hp_per_floor":[80,80,80,80,80,80,87,87,87,87,87,87,87,87,87,87,87,87,90,90,90,90,90,90],"special_seed":0,"relics":["Burning Blood","Potion Belt","Strawberry","Omamori","Philosopher\u0027s Stone"],"card_choices":[{"not_picked":["Battle Trance","Twin Strike"],"picked":"Headbutt","floor":1.0},{"not_picked":["Rage","Twin Strike"],"picked":"Cleave","floor":2.0},{"not_picked":["Anger","Twin Strike"],"picked":"Armaments","floor":5.0},{"not_picked":["Cleave","Thunderclap"],"picked":"Heavy Blade","floor":7.0},{"not_picked":["Perfected Strike","Thunderclap"],"picked":"Ghostly Armor","floor":10.0},{"not_picked":["Rupture","Flex"],"picked":"Feel No Pain","floor":12.0},{"not_picked":["Demon Form","Reaper"],"picked":"Feed","floor":16.0},{"not_picked":["Armaments","Heavy Blade"],"picked":"Cleave","floor":18.0},{"not_picked":["Sword Boomerang","Burning Pact"],"picked":"Ghostly Armor","floor":20},{"not_picked":["Thunderclap","Dropkick"],"picked":"Shockwave","floor":21}],"player_experience":35350,"potions_floor_usage":[20,20,20],"damage_taken":[{"damage":1.0,"enemies":"Cultist","floor":1.0,"turns":3.0},{"damage":14.0,"enemies":"Jaw Worm","floor":2.0,"turns":4.0},{"damage":7.0,"enemies":"2 Louse","floor":5.0,"turns":2.0},{"damage":55.0,"enemies":"Lagavulin","floor":7.0,"turns":9.0},{"damage":14.0,"enemies":"Exordium Wildlife","floor":10.0,"turns":4.0},{"damage":14.0,"enemies":"Red Slaver","floor":12.0,"turns":6.0},{"damage":55.0,"enemies":"Slime Boss","floor":16.0,"turns":17.0},{"damage":15.0,"enemies":"Chosen","floor":18.0,"turns":6.0},{"damage":16.0,"floor":19.0,"turns":4.0},{"damage":0,"enemies":"Shell Parasite","floor":20,"turns":3},{"damage":16,"enemies":"Centurion and Healer","floor":21,"turns":10},{"damage":48,"enemies":"Slaver and Parasite","floor":24,"turns":5}],"relics_obtained":[{"floor":3.0,"key":"Potion Belt"},{"floor":7.0,"key":"Strawberry"},{"floor":9.0,"key":"Omamori"}],"event_choices":[{"event_name":"Purifier","player_choice":"One Purge","floor":4.0,"damage_taken":0.0},{"event_name":"The Cleric","player_choice":"Healed","floor":11.0,"damage_taken":0.0},{"event_name":"Masked Bandits","player_choice":"Fought over 113 gold","floor":19.0,"damage_taken":0.0},{"event_name":"Nest","player_choice":"Stole From Cult","floor":19,"damage_taken":0},{"event_name":"Golden Shrine","player_choice":"Pray","floor":22,"damage_taken":0}],"boss_relics":[{"not_picked":["Calling Bell","Snecko Eye"],"picked":"Philosopher\u0027s Stone"}],"items_purged_floors":[],"is_endless":false,"potions_floor_spawned":[1,7,16,21],"seed_played":"-9111425201982714081","killed_by":"Slaver and Parasite","ascension_level":0,"potions_obtained":[{"floor":1.0,"key":"SteroidPotion"},{"floor":7.0,"key":"Block Potion"},{"floor":16.0,"key":"Swift Potion"},{"floor":21,"key":"SkillPotion"}],"is_trial":false}