{"gold_per_floor":[19,36,36,51,27,56,56,67,67,67,94,94,94,123,123,227,227,241,241,261,275,56,82,97,97],"floor_reached":25,"playtime":918,"items_purged":["Strike_R"],"score":426,"play_id":"61d5331b-c9da-4be2-a9ba-ae72678d7af2","local_time":"20190811170825","is_ascension_mode":true,"campfire_choices":[{"data":"Bludgeon","floor":7,"key":"SMITH"},{"data":"Armaments","floor":12,"key":"SMITH"},{"data":"Shockwave","floor":15,"key":"SMITH"}],"neow_cost":"NO_GOLD","seed_source_timestamp":83720863409500,"circlet_count":0,"master_deck":["AscendersBane","Strike_R","Strike_R","Defend_R","Defend_R","Defend_R","Defend_R","Bash","Immolate+1","Intimidate","Armaments+1","True Grit","Bludgeon+1","Flame Barrier","Infernal Blade","Parasite","Shockwave+1","Demon Form","Sword Boomerang","Feel No Pain","Thunderclap","Evolve","Shrug It Off","Clothesline"],"relics":["Burning Blood","Juzu Bracelet","PreservedInsect","Self Forming Clay","Ice Cream","Philosopher\u0027s Stone","Pen Nib"],"potions_floor_usage":[8,14,23,23,25],"damage_taken":[{"damage":2,"enemies":"Small Slimes","floor":1,"turns":2},{"damage":2,"enemies":"Jaw Worm","floor":2,"turns":4},{"damage":7,"enemies":"2 Louse","floor":4,"turns":3},{"damage":25,"enemies":"3 Sentries","floor":6,"turns":5},{"damage":3,"enemies":"Lots of Slimes","floor":8,"turns":2},{"damage":32,"enemies":"Gremlin Nob","floor":11,"turns":4},{"damage":0,"enemies":"3 Sentries","floor":14,"turns":2},{"damage":11,"enemies":"The Guardian","floor":16,"turns":11},{"damage":7,"enemies":"2 Thieves","floor":18,"turns":5},{"damage":10,"enemies":"Chosen","floor":20,"turns":4},{"damage":21,"enemies":"Sentry and Sphere","floor":21,"turns":5},{"damage":19,"enemies":"Gremlin Leader","floor":23,"turns":6},{"damage":8,"enemies":"Shelled Parasite and Fungi","floor":24,"turns":6},{"damage":63,"enemies":"Slavers","floor":25,"turns":5}],"seed_played":"-8902413778533763649","potions_obtained":[{"floor":2,"key":"Poison Potion"},{"floor":6,"key":"Ancient Potion"},{"floor":11,"key":"Energy Potion"},{"floor":14,"key":"Fire Potion"},{"floor":20,"key":"BloodPotion"},{"floor":24,"key":"Swift Potion"}],"is_trial":false,"path_per_floor":["M","M","?","M","$","E","R","M","T","?","E","R","?","E","R","B",null,"M","?","M","M","$","E","M","E"],"character_chosen":"IRONCLAD","items_purchased":["True Grit","Thunderclap","Evolve","Shrug It Off"],"campfire_rested":0,"item_purchase_floors":[5,22,22,22],"current_hp_per_floor":[76,80,80,79,79,60,60,63,63,63,37,37,57,63,63,58,75,74,74,70,55,55,62,60,0],"gold":97,"neow_bonus":"TRANSFORM_TWO_CARDS","is_prod":false,"is_daily":false,"chose_seed":false,"campfire_upgraded":3,"win_rate":0,"timestamp":1565557705,"path_taken":["M","M","?","M","$","E","R","M","T","?","E","R","?","E","R","BOSS","M","?","M","M","$","E","M","E"],"build_version":"2019-07-17","purchased_purges":1,"victory":false,"max_hp_per_floor":[80,80,80,80,80,80,80,80,80,80,80,80,80,80,80,80,80,80,80,80,80,80,80,80,80],"card_choices":[{"not_picked":["True Grit","Headbutt"],"picked":"Armaments","floor":1},{"not_picked":["Sword Boomerang","Flex","Twin Strike"],"picked":"SKIP","floor":2},{"not_picked":["Clash","Dropkick","Sword Boomerang"],"picked":"SKIP","floor":4},{"not_picked":["Sentinel","Twin Strike"],"picked":"Bludgeon","floor":6},{"not_picked":["Bloodletting","Wild Strike"],"picked":"Flame Barrier","floor":8},{"not_picked":["Intimidate","Corruption"],"picked":"Infernal Blade","floor":11},{"not_picked":["Juggernaut","Shrug It Off"],"picked":"Shockwave","floor":14},{"not_picked":["Fiend Fire","Impervious"],"picked":"Demon Form","floor":16},{"not_picked":["Body Slam","Second Wind"],"picked":"Sword Boomerang","floor":18},{"not_picked":["Wild Strike","Headbutt"],"picked":"Feel No Pain","floor":20},{"not_picked":["Pommel Strike","Sever Soul","Inflame"],"picked":"SKIP","floor":21},{"not_picked":["Hemokinesis","Perfected Strike"],"picked":"Clothesline","floor":23},{"not_picked":["Havoc","Clothesline+1","Combust"],"picked":"SKIP","floor":24}],"player_experience":688816,"relics_obtained":[{"floor":6,"key":"Juzu Bracelet"},{"floor":9,"key":"PreservedInsect"},{"floor":11,"key":"Self Forming Clay"},{"floor":14,"key":"Ice Cream"},{"floor":23,"key":"Pen Nib"}],"event_choices":[{"damage_healed":0,"gold_gain":0,"player_choice":"Leave","damage_taken":0,"max_hp_gain":0,"max_hp_loss":0,"event_name":"The Cleric","floor":3,"gold_loss":0},{"damage_healed":0,"gold_gain":0,"player_choice":"Grow","damage_taken":0,"max_hp_gain":0,"max_hp_loss":0,"event_name":"Living Wall","floor":10,"gold_loss":0,"cards_upgraded":["Immolate"]},{"damage_healed":20,"gold_gain":0,"player_choice":"Healed and dodged fight","damage_taken":0,"max_hp_gain":0,"max_hp_loss":0,"event_name":"Mushrooms","floor":13,"gold_loss":0,"cards_obtained":["Parasite"]},{"damage_healed":0,"gold_gain":0,"player_choice":"Ignored","damage_taken":0,"max_hp_gain":0,"max_hp_loss":0,"event_name":"Vampires","floor":19,"gold_loss":0}],"is_beta":false,"boss_relics":[{"not_picked":["Runic Pyramid","Eternal Feather"],"picked":"Philosopher\u0027s Stone"}],"items_purged_floors":[22],"is_endless":false,"potions_floor_spawned":[2,6,11,14,20,21,24],"killed_by":"Slavers","ascension_level":12}