{"gold_per_floor":[109,109,73,90,42,42,67,85,110,135,135,163,163,163,163,265,265,275,225,235,249,0,0,13,13,13,13,33,33,52,52],"floor_reached":31,"playtime":4042,"items_purged":[],"score":303,"play_id":"d6eaaf03-f5f6-4c4f-8174-5cdab32c9974","local_time":"20180629214850","is_ascension_mode":true,"campfire_choices":[{"data":"Footwork","floor":6,"key":"SMITH"},{"floor":11,"key":"REST"},{"data":"Terror","floor":13,"key":"SMITH"},{"floor":15,"key":"REST"},{"floor":23,"key":"REST"},{"floor":27,"key":"REST"},{"floor":29,"key":"REST"}],"neow_cost":"NONE","seed_source_timestamp":930950518259421,"circlet_count":0,"master_deck":["Defend_G","Defend_G","Defend_G","Defend_G","Defend_G+1","Strike_G","Strike_G","Strike_G","Strike_G","Strike_G","Survivor","Neutralize","Footwork+1","Escape Plan","Backflip","Terror+1","Backflip+1","Dash","Backflip","Backflip","Dodge and Roll","Malaise","Outmaneuver+1"],"relics":["Ring of the Snake","Potion Belt","Vajra","Lantern","Omamori","Frozen Egg 2","Gambling Chip","Snecko Eye","War Paint"],"potions_floor_usage":[12,20,21,24,28,30],"damage_taken":[{"damage":0,"enemies":"Small Slimes","floor":1,"turns":3},{"damage":0,"enemies":"2 Louse","floor":4,"turns":4},{"damage":8,"enemies":"3 Sentries","floor":7,"turns":15},{"damage":0,"enemies":"Cultist","floor":8,"turns":4},{"damage":34,"enemies":"Gremlin Nob","floor":10,"turns":5},{"damage":9,"enemies":"3 Sentries","floor":12,"turns":10},{"damage":16,"enemies":"The Guardian","floor":16,"turns":16},{"damage":0,"enemies":"Spheric Guardian","floor":18,"turns":4},{"damage":9,"enemies":"3 Byrds","floor":20,"turns":10},{"damage":42,"enemies":"Cultist and Chosen","floor":21,"turns":12},{"damage":25,"enemies":"Chosen and Byrds","floor":24,"turns":10},{"damage":0,"enemies":"Snake Plant","floor":28,"turns":5},{"damage":10,"enemies":"Sentry and Sphere","floor":30,"turns":11},{"damage":65,"enemies":"Cultist and Chosen","floor":31,"turns":12}],"seed_played":"-4862501618552785439","potions_obtained":[{"floor":1,"key":"Regen Potion"},{"floor":8,"key":"FairyPotion"},{"floor":12,"key":"SteroidPotion"},{"floor":16,"key":"Ancient Potion"},{"floor":18,"key":"SkillPotion"},{"floor":21,"key":"SpeedPotion"},{"floor":28,"key":"PowerPotion"}],"is_trial":false,"path_per_floor":["M","?","$","M","$","R","E","M","T","E","R","E","R","?","R","B",null,"M","?","M","M","?","R","M","$","T","R","M","R","M"],"character_chosen":"THE_SILENT","items_purchased":["Footwork","Backflip"],"campfire_rested":5,"item_purchase_floors":[3,5],"current_hp_per_floor":[70,70,70,70,70,70,62,62,62,28,49,55,55,55,70,54,70,70,70,61,19,19,40,15,15,15,36,36,57,47,0],"gold":52,"neow_bonus":"RANDOM_COMMON_RELIC","is_prod":false,"is_daily":false,"chose_seed":false,"campfire_upgraded":2,"win_rate":0,"timestamp":1530305330,"path_taken":["M","?","$","M","$","R","E","?","T","E","R","E","R","?","R","BOSS","M","?","M","?","?","R","M","$","T","R","M","R","M","M"],"build_version":"2018-06-28","purchased_purges":0,"victory":false,"max_hp_per_floor":[70,70,70,70,70,70,70,70,70,70,70,70,70,70,70,70,70,70,70,70,70,70,70,70,70,70,70,70,70,70,70],"card_choices":[{"not_picked":["Prepared","Endless Agony","Calculated Gamble"],"picked":"SKIP","floor":1},{"not_picked":["Sucker Punch","Flechettes"],"picked":"Escape Plan","floor":4},{"not_picked":["Backflip","After Image"],"picked":"Terror","floor":7},{"not_picked":["Dodge and Roll","Poisoned Stab"],"picked":"Backflip","floor":8},{"not_picked":["Infinite Blades","Doppelganger"],"picked":"Dash","floor":10},{"not_picked":["Finisher","Quick Slash"],"picked":"Backflip","floor":12},{"not_picked":["Heel Hook","Cloak And Dagger"],"picked":"Backflip","floor":18},{"not_picked":["Flechettes","Poisoned Stab"],"picked":"Dodge and Roll","floor":20},{"not_picked":["Prepared","Distraction","Sucker Punch"],"picked":"SKIP","floor":21},{"not_picked":["Caltrops+1","Deadly Poison","Expertise"],"picked":"SKIP","floor":24},{"not_picked":["Backflip","After Image+1"],"picked":"Malaise","floor":28},{"not_picked":["Flying Knee","Quick Slash"],"picked":"Outmaneuver+1","floor":30}],"player_experience":235736,"relics_obtained":[{"floor":7,"key":"Vajra"},{"floor":9,"key":"Lantern"},{"floor":10,"key":"Omamori"},{"floor":12,"key":"Frozen Egg 2"},{"floor":26,"key":"War Paint"}],"event_choices":[{"event_name":"Liars Game","player_choice":"disagreed","floor":2,"damage_taken":0},{"event_name":"Wheel of Change","player_choice":"Relic","floor":14,"damage_taken":0},{"event_name":"The Joust","player_choice":"Bet on Murderer","floor":19,"damage_taken":0},{"event_name":"Masked Bandits","player_choice":"Paid Bandits 249 gold","floor":22,"damage_taken":0}],"boss_relics":[{"not_picked":["Astrolabe","Fusion Hammer"],"picked":"Snecko Eye"}],"items_purged_floors":[],"is_endless":false,"potions_floor_spawned":[1,8,12,16,18,21,28],"killed_by":"Cultist and Chosen","ascension_level":2}