{"path_per_floor":["M","?","$","?","$","R","M","M","T","?","R","M","M","M","R"],"character_chosen":"IRONCLAD","items_purchased":["Gremlin Horn","Uppercut"],"gold_per_floor":[210,285,6,6,6,6,19,37,37,37,37,57,77,95,95,95],"floor_reached":16,"campfire_rested":2,"playtime":988,"item_purchase_floors":[3,3],"current_hp_per_floor":[77,66,66,80,80,80,80,80,80,64,80,75,39,41,65,3],"items_purged":[],"gold":95,"score":92,"play_id":"daa7119b-9e0b-48ad-a5d1-1232572e0eb4","local_time":"20180622183402","is_prod":false,"is_daily":false,"chose_seed":false,"is_ascension_mode":false,"campfire_upgraded":1,"win_rate":0.0,"timestamp":1529688842,"campfire_choices":[{"data":"Ghostly Armor","floor":6,"key":"SMITH"},{"floor":11,"key":"REST"},{"floor":15,"key":"REST"}],"path_taken":["M","?","$","?","?","R","M","?","T","?","R","M","M","?","R","BOSS"],"build_version":"2018-06-21","seed_source_timestamp":317494178081811,"purchased_purges":0,"circlet_count":0,"victory":false,"master_deck":["Strike_R","Strike_R","Strike_R","Strike_R+1","Strike_R","Defend_R+1","Defend_R","Defend_R","Defend_R","Bash","Ghostly Armor+1","Uppercut","Sword Boomerang","Thunderclap","Shockwave","Twin Strike","Immolate"],"max_hp_per_floor":[80,80,80,80,80,80,80,80,80,80,80,80,80,80,80,80],"relics":["Burning Blood","Gremlin Horn","Ice Cream"],"card_choices":[{"not_picked":["Disarm","Flex"],"picked":"Ghostly Armor","floor":1},{"not_picked":["Fire Breathing","Power Through"],"picked":"Sword Boomerang","floor":7},{"not_picked":["Anger","Pommel Strike"],"picked":"Thunderclap","floor":8},{"not_picked":["Whirlwind","Sword Boomerang"],"picked":"Shockwave","floor":12},{"not_picked":["Iron Wave","Flex"],"picked":"Twin Strike","floor":13},{"not_picked":["Thunderclap","Inflame"],"picked":"Immolate","floor":14}],"player_experience":59797,"potions_floor_usage":[16,16,16],"damage_taken":[{"damage":9,"enemies":"Jaw Worm","floor":1,"turns":6},{"damage":4,"enemies":"Cultist","floor":7,"turns":6},{"damage":0,"enemies":"2 Louse","floor":8,"turns":2},{"damage":11,"enemies":"Large Slime","floor":12,"turns":8},{"damage":42,"enemies":"Gremlin Gang","floor":13,"turns":6},{"damage":4,"enemies":"Exordium Wildlife","floor":14,"turns":3},{"damage":62,"enemies":"The Guardian","floor":16,"turns":10}],"relics_obtained":[{"floor":9,"key":"Ice Cream"}],"event_choices":[{"event_name":"World of Goop","player_choice":"Gather Gold","floor":2,"damage_taken":0},{"event_name":"Big Fish","player_choice":"Banana","floor":4,"damage_taken":0},{"event_name":"Shining Light","player_choice":"Entered Light","floor":10,"damage_taken":0}],"boss_relics":[],"items_purged_floors":[],"is_endless":false,"potions_floor_spawned":[1,8,12,14],"seed_played":"-411807187637781353","killed_by":"The Guardian","ascension_level":0,"potions_obtained":[{"floor":1,"key":"Ancient Potion"},{"floor":8,"key":"SkillPotion"},{"floor":12,"key":"Fire Potion"},{"floor":14,"key":"Explosive Potion"}],"is_trial":false}