{"gold_per_floor":[111,111,125,27,41,41,61,61,61,61,61,77,77,106,106,209,209,222,240,83,97,97],"floor_reached":22,"playtime":1994,"items_purged":[],"score":223,"play_id":"b4feb08a-d832-40d9-8612-e6763bbc4505","local_time":"20180702091623","is_ascension_mode":true,"campfire_choices":[{"data":"Outmaneuver","floor":6.0,"key":"SMITH"},{"data":"Well Laid Plans","floor":8.0,"key":"SMITH"},{"data":"Caltrops","floor":11.0,"key":"SMITH"},{"floor":15.0,"key":"REST"}],"neow_cost":"","seed_source_timestamp":0,"circlet_count":0,"master_deck":["Defend_G","Defend_G","Defend_G","Defend_G","Defend_G","Strike_G","Strike_G","Strike_G","Strike_G","Survivor","Neutralize+1","Bouncing Flask","Caltrops+1","Dagger Spray","Well Laid Plans+1","Outmaneuver+1","Flying Knee","Concentrate","A Thousand Cuts","Cloak And Dagger+1","After Image","Cloak And Dagger+1"],"special_seed":0,"relics":["Ring of the Snake","Blue Candle","Toolbox"],"potions_floor_usage":[],"damage_taken":[{"damage":0.0,"enemies":"Cultist","floor":1.0,"turns":4.0},{"damage":3.0,"enemies":"2 Louse","floor":3.0,"turns":3.0},{"damage":0.0,"enemies":"Jaw Worm","floor":5.0,"turns":4.0},{"damage":0.0,"enemies":"Looter","floor":7.0,"turns":3.0},{"damage":10.0,"enemies":"Exordium Wildlife","floor":12.0,"turns":3.0},{"damage":11.0,"enemies":"3 Sentries","floor":14.0,"turns":7.0},{"damage":37.0,"enemies":"Slime Boss","floor":16.0,"turns":14.0},{"damage":26.0,"enemies":"Chosen","floor":18.0,"turns":5.0},{"damage":30.0,"enemies":"Spheric Guardian","floor":19.0,"turns":6.0},{"damage":3.0,"enemies":"Snecko","floor":21.0,"turns":6.0},{"damage":24,"enemies":"Sentry and Sphere","floor":22,"turns":5}],"seed_played":"-1803415713300090389","potions_obtained":[{"floor":1.0,"key":"Ancient Potion"},{"floor":7.0,"key":"FairyPotion"},{"floor":12.0,"key":"Block Potion"},{"floor":16.0,"key":"Explosive Potion"},{"floor":19.0,"key":"Energy Potion"},{"floor":21,"key":"FairyPotion"}],"is_trial":false,"path_per_floor":["M","?","M","$","M","R","M","R","T","?","R","M","?","E","R","B",null,"M","M","$","M"],"character_chosen":"THE_SILENT","items_purchased":["Dagger Spray","Well Laid Plans","After Image"],"campfire_rested":1,"item_purchase_floors":[],"current_hp_per_floor":[70,63,60,60,60,60,60,60,60,60,60,50,50,39,60,23,70,44,14,14,11,5],"gold":97,"neow_bonus":"","is_prod":false,"is_daily":false,"chose_seed":false,"campfire_upgraded":3,"win_rate":0,"timestamp":1530519383,"path_taken":["M","?","M","$","M","R","M","R","T","?","R","M","?","E","R","BOSS","M","M","$","M","M"],"build_version":"2018-06-28","purchased_purges":0,"victory":false,"max_hp_per_floor":[70,70,70,70,70,70,70,70,70,70,70,70,70,70,70,70,70,70,70,70,70,70],"card_choices":[{"not_picked":["Distraction","Outmaneuver"],"picked":"Bouncing Flask","floor":1.0},{"not_picked":["Dodge and Roll","Cloak And Dagger"],"picked":"Caltrops","floor":3.0},{"not_picked":["Quick Slash","Deflect"],"picked":"Outmaneuver","floor":5.0},{"not_picked":["Sucker Punch","Acrobatics"],"picked":"Flying Knee","floor":7.0},{"not_picked":["Masterful Stab","Acrobatics","Calculated Gamble"],"picked":"SKIP","floor":12.0},{"not_picked":["Distraction","Poisoned Stab"],"picked":"Concentrate","floor":14.0},{"not_picked":["Glass Knife","Unload"],"picked":"A Thousand Cuts","floor":16.0},{"not_picked":["Poisoned Stab+1","Acrobatics","Underhanded Strike"],"picked":"SKIP","floor":18.0},{"not_picked":["Reflex","Bane+1"],"picked":"Cloak And Dagger+1","floor":19.0},{"not_picked":["Backstab","Flechettes"],"picked":"Cloak And Dagger+1","floor":21}],"player_experience":272138,"relics_obtained":[{"floor":9.0,"key":"Blue Candle"},{"floor":14.0,"key":"Toolbox"}],"event_choices":[{"event_name":"Golden Wing","player_choice":"Card Removal","floor":2.0,"damage_taken":0.0},{"event_name":"Accursed Blacksmith","player_choice":"Ignore","floor":10.0,"damage_taken":0.0},{"event_name":"Shining Light","player_choice":"Ignored","floor":13.0,"damage_taken":0.0}],"boss_relics":[{"not_picked":["Runic Pyramid","Calling Bell","Philosopher\u0027s Stone"]}],"items_purged_floors":[],"is_endless":false,"potions_floor_spawned":[1,7,12,16,19,21],"killed_by":"Sentry and Sphere","ascension_level":4}