{"gold_per_floor":[20,34,49,64,74,74,88,163,163,178,53,53,53,73,73,73],"floor_reached":16,"playtime":3037,"items_purged":["Strike_R"],"score":145,"play_id":"d9561579-dd6f-4350-942d-bb30091c0f9a","local_time":"20190729194741","is_ascension_mode":true,"campfire_choices":[{"data":"Feed","floor":6,"key":"SMITH"},{"data":"Bash","floor":13,"key":"SMITH"},{"data":"Thunderclap","floor":15,"key":"SMITH"}],"neow_cost":"NO_GOLD","seed_source_timestamp":720708391537159,"circlet_count":0,"master_deck":["Strike_R","Strike_R","Strike_R","Strike_R","Defend_R","Defend_R","Defend_R","Defend_R","Bash+1","Feed+1","Thunderclap+1","Sword Boomerang","Iron Wave","Battle Trance","Shrug It Off"],"relics":["Burning Blood","Self Forming Clay"],"potions_floor_usage":[10,16,16],"damage_taken":[{"damage":7,"enemies":"2 Louse","floor":1,"turns":4},{"damage":3,"enemies":"Jaw Worm","floor":2,"turns":5},{"damage":1,"enemies":"Cultist","floor":3,"turns":3},{"damage":19,"enemies":"Exordium Thugs","floor":4,"turns":5},{"damage":39,"enemies":"Large Slime","floor":5,"turns":8},{"damage":11,"enemies":"Blue Slaver","floor":7,"turns":3},{"damage":25,"enemies":"Exordium Wildlife","floor":10,"turns":7},{"damage":14,"enemies":"Exordium Thugs","floor":14,"turns":5},{"damage":72,"enemies":"Hexaghost","floor":16,"turns":12}],"seed_played":"5306393484710931596","potions_obtained":[{"floor":3,"key":"BloodPotion"},{"floor":10,"key":"Poison Potion"},{"floor":14,"key":"Explosive Potion"}],"is_trial":false,"path_per_floor":["M","M","M","M","M","R","M","?","T","M","$","?","R","M","R","B"],"character_chosen":"IRONCLAD","items_purchased":["FearPotion"],"campfire_rested":0,"item_purchase_floors":[11],"current_hp_per_floor":[82,86,89,76,46,46,45,34,34,43,43,76,76,72,72,0],"gold":73,"neow_bonus":"THREE_RARE_CARDS","is_prod":false,"is_daily":false,"chose_seed":false,"campfire_upgraded":3,"win_rate":0,"timestamp":1564447661,"path_taken":["M","M","M","M","M","R","M","?","T","M","$","?","R","M","R","BOSS"],"build_version":"2019-07-17","purchased_purges":1,"victory":false,"max_hp_per_floor":[83,86,89,89,92,92,96,96,96,100,100,100,100,104,104,104],"card_choices":[{"not_picked":["Berserk","Reaper"],"picked":"Feed","floor":0},{"not_picked":["Cleave","Blood for Blood"],"picked":"Thunderclap","floor":1},{"not_picked":["Fire Breathing","Havoc"],"picked":"Sword Boomerang","floor":2},{"not_picked":["Flex","Feed"],"picked":"Iron Wave","floor":3},{"not_picked":["Armaments","Clash","Cleave"],"picked":"SKIP","floor":4},{"not_picked":["Body Slam","Sword Boomerang","Blood for Blood"],"picked":"SKIP","floor":5},{"not_picked":["Rampage","Thunderclap"],"picked":"Battle Trance","floor":7},{"not_picked":["Havoc","Warcry"],"picked":"Shrug It Off","floor":10},{"not_picked":["Iron Wave","Searing Blow","Shrug It Off"],"picked":"SKIP","floor":14}],"player_experience":308775,"relics_obtained":[{"floor":9,"key":"Self Forming Clay"}],"event_choices":[{"damage_healed":0,"gold_gain":75,"player_choice":"Gather Gold","damage_taken":11,"max_hp_gain":0,"max_hp_loss":0,"event_name":"World of Goop","floor":8,"gold_loss":0},{"damage_healed":33,"gold_gain":0,"player_choice":"Banana","damage_taken":0,"max_hp_gain":0,"max_hp_loss":0,"event_name":"Big Fish","floor":12,"gold_loss":0}],"is_beta":false,"boss_relics":[],"items_purged_floors":[11],"is_endless":false,"potions_floor_spawned":[3,10,14],"killed_by":"Hexaghost","ascension_level":5}