{"gold_per_floor":[363,363,378,378,39,39,56,84,84,113,125,125,125,136,136,239,239,256,107,107,107,123,123,139,186,213,231,231,265,265,295,295,391,391,403,403,52,63,140,140,172,172,196,209,209,7,7,34,34,34],"floor_reached":51,"playtime":3161,"items_purged":["Decay","Strike_R","Strike_R"],"score":861,"play_id":"0e8ac1f9-b53b-418c-956b-039a399d5993","local_time":"20190811192537","is_ascension_mode":true,"campfire_choices":[{"data":"Bash","floor":6,"key":"SMITH"},{"data":"Infernal Blade","floor":12,"key":"SMITH"},{"data":"Flame Barrier","floor":15,"key":"SMITH"},{"floor":23,"key":"REST"},{"floor":28,"key":"REST"},{"data":"Shrug It Off","floor":30,"key":"SMITH"},{"floor":32,"key":"REST"},{"data":"Finesse","floor":40,"key":"SMITH"},{"data":"Demon Form","floor":42,"key":"SMITH"},{"data":"Madness","floor":45,"key":"SMITH"},{"data":"Heavy Blade","floor":49,"key":"SMITH"}],"neow_cost":"CURSE","seed_source_timestamp":561191800541035,"circlet_count":0,"master_deck":["Defend_R","Defend_R","Defend_R","Defend_R","Bash+1","Havoc","Infernal Blade+1","Flame Barrier+1","Pommel Strike","True Grit","Shrug It Off+1","Corruption","Demon Form+1","Infernal Blade","Feel No Pain","Limit Break","Necronomicurse","Madness+1","Pommel Strike","Heavy Blade+1","Shrug It Off","Cleave","Impervious","Finesse+1","Battle Trance","Heavy Blade+1"],"relics":["Burning Blood","Darkstone Periapt","Pear","Sling","Orichalcum","Regal Pillow","Shuriken","Empty Cage","Necronomicon","Blood Vial","PreservedInsect","Vajra","Mummified Hand","Snecko Eye","Oddly Smooth Stone","Bag of Preparation","Letter Opener","Dream Catcher","Bag of Marbles","Bottled Lightning"],"potions_floor_usage":[14,16,24,24,29,50,50],"damage_taken":[{"damage":3,"enemies":"2 Louse","floor":1,"turns":3},{"damage":1,"enemies":"Cultist","floor":3,"turns":3},{"damage":11,"enemies":"Jaw Worm","floor":7,"turns":3},{"damage":17,"enemies":"3 Sentries","floor":8,"turns":8},{"damage":1,"enemies":"Gremlin Nob","floor":10,"turns":3},{"damage":6,"enemies":"Looter","floor":11,"turns":3},{"damage":4,"enemies":"Gremlin Gang","floor":14,"turns":3},{"damage":67,"enemies":"The Guardian","floor":16,"turns":15},{"damage":21,"enemies":"Chosen","floor":18,"turns":7},{"damage":11,"enemies":"3 Byrds","floor":22,"turns":5},{"damage":64,"enemies":"3 Cultists","floor":24,"turns":7},{"damage":8,"enemies":"Centurion and Healer","floor":27,"turns":6},{"damage":17,"enemies":"Book of Stabbing","floor":29,"turns":4},{"damage":13,"enemies":"Slavers","floor":31,"turns":3},{"damage":48,"enemies":"Champ","floor":33,"turns":10},{"damage":24,"enemies":"3 Darklings","floor":35,"turns":5},{"damage":0,"enemies":"3 Shapes","floor":38,"turns":4},{"damage":18,"enemies":"Nemesis","floor":41,"turns":5},{"damage":1,"enemies":"Transient","floor":44,"turns":5},{"damage":0,"enemies":"Reptomancer","floor":48,"turns":2},{"damage":24,"enemies":"Donu and Deca","floor":50,"turns":5}],"seed_played":"-3995551707990163183","potions_obtained":[{"floor":1,"key":"LiquidBronze"},{"floor":7,"key":"Energy Potion"},{"floor":10,"key":"Explosive Potion"},{"floor":18,"key":"Explosive Potion"},{"floor":22,"key":"SkillPotion"},{"floor":29,"key":"Fire Potion"},{"floor":33,"key":"FearPotion"},{"floor":38,"key":"GamblersBrew"},{"floor":48,"key":"FearPotion"}],"is_trial":false,"path_per_floor":["M","?","M","T","$","R","M","E","T","E","M","R","?","M","R","B",null,"M","$","?","?","M","R","M","T","T","M","R","E","R","E","R","B",null,"M","?","$","M","T","R","E","R","T","M","R","$","?","E","R","B",null],"character_chosen":"IRONCLAD","items_purchased":["Sling","Flame Barrier","Feel No Pain","Limit Break","Finesse","Bag of Preparation","Battle Trance"],"campfire_rested":3,"item_purchase_floors":[5,5,19,19,37,37,46],"current_hp_per_floor":[80,80,80,90,90,90,85,74,74,79,79,79,79,81,81,20,90,75,75,65,47,42,85,27,27,27,27,70,61,61,56,96,54,96,78,78,78,86,86,86,76,76,76,83,83,83,74,82,82,66],"gold":34,"neow_bonus":"TWO_FIFTY_GOLD","is_prod":false,"is_daily":false,"chose_seed":false,"campfire_upgraded":8,"win_rate":0,"timestamp":1565544337,"path_taken":["M","?","?","?","$","R","M","E","T","E","M","R","?","?","R","BOSS","M","$","?","?","?","R","M","?","T","M","R","E","R","E","R","BOSS","M","?","?","?","?","R","E","R","T","M","R","$","?","E","R","BOSS"],"build_version":"2019-07-17","purchased_purges":3,"victory":true,"max_hp_per_floor":[80,80,80,90,90,90,90,90,90,90,90,90,90,90,90,90,90,90,90,96,96,96,96,96,96,96,96,96,96,96,96,96,96,96,96,96,96,96,96,96,96,96,96,96,96,96,96,96,96,96],"card_choices":[{"not_picked":["Perfected Strike","Sword Boomerang"],"picked":"Havoc","floor":1},{"not_picked":["Flex","Body Slam"],"picked":"Infernal Blade","floor":3},{"not_picked":["Heavy Blade","Wild Strike"],"picked":"Pommel Strike","floor":7},{"not_picked":["Iron Wave","Combust"],"picked":"True Grit","floor":8},{"not_picked":["Burning Pact","Whirlwind"],"picked":"Shrug It Off","floor":10},{"not_picked":["Evolve","Havoc"],"picked":"Corruption","floor":11},{"not_picked":["Havoc","Anger","Brutality"],"picked":"SKIP","floor":14},{"not_picked":["Juggernaut","Impervious"],"picked":"Demon Form","floor":16},{"not_picked":["Wild Strike","Hemokinesis+1"],"picked":"Infernal Blade","floor":18},{"not_picked":["Clothesline","Flex"],"picked":"Pommel Strike","floor":22},{"not_picked":["Flex","Sword Boomerang"],"picked":"Heavy Blade+1","floor":24},{"not_picked":["Heavy Blade","Inflame"],"picked":"Shrug It Off","floor":27},{"not_picked":["Anger","Brutality","Flex"],"picked":"SKIP","floor":29},{"not_picked":["Burning Pact+1","Carnage"],"picked":"Cleave","floor":31},{"not_picked":["Limit Break","Juggernaut"],"picked":"Impervious","floor":33},{"not_picked":["Inflame+1","Second Wind+1","Rage+1"],"picked":"SKIP","floor":35},{"not_picked":["Clash","Sentinel+1","Second Wind+1"],"picked":"SKIP","floor":38},{"not_picked":["Sword Boomerang","Warcry","Sentinel"],"picked":"SKIP","floor":41},{"not_picked":["Sword Boomerang","Havoc+1","Perfected Strike+1"],"picked":"SKIP","floor":44},{"not_picked":["Sever Soul","Flex+1"],"picked":"Heavy Blade","floor":48}],"player_experience":82916,"relics_obtained":[{"floor":2,"key":"Darkstone Periapt"},{"floor":4,"key":"Pear"},{"floor":8,"key":"Orichalcum"},{"floor":9,"key":"Regal Pillow"},{"floor":10,"key":"Shuriken"},{"floor":20,"key":"Necronomicon"},{"floor":25,"key":"Blood Vial"},{"floor":26,"key":"PreservedInsect"},{"floor":29,"key":"Vajra"},{"floor":31,"key":"Mummified Hand"},{"floor":39,"key":"Letter Opener"},{"floor":41,"key":"Dream Catcher"},{"floor":43,"key":"Bag of Marbles"},{"floor":48,"key":"Bottled Lightning"}],"event_choices":[{"damage_healed":0,"gold_gain":0,"player_choice":"Relic","damage_taken":0,"max_hp_gain":0,"max_hp_loss":0,"event_name":"Wheel of Change","floor":2,"gold_loss":0},{"cards_removed":["Strike_R"],"damage_healed":0,"gold_gain":0,"player_choice":"Purged","damage_taken":0,"max_hp_gain":0,"max_hp_loss":0,"event_name":"Purifier","floor":13,"gold_loss":0},{"damage_healed":0,"gold_gain":0,"player_choice":"Obtained Book","damage_taken":16,"max_hp_gain":0,"max_hp_loss":0,"event_name":"Cursed Tome","floor":20,"gold_loss":0},{"damage_healed":0,"gold_gain":0,"player_choice":"CARD ","damage_taken":18,"max_hp_gain":0,"max_hp_loss":0,"event_name":"Knowing Skull","floor":21,"potions_obtained":[],"gold_loss":0,"cards_obtained":["Madness"]},{"damage_healed":0,"gold_gain":0,"player_choice":"Gave Potion","damage_taken":0,"relics_obtained":["Oddly Smooth Stone"],"max_hp_gain":0,"max_hp_loss":0,"event_name":"WeMeetAgain","floor":36,"gold_loss":0},{"damage_healed":0,"gold_gain":0,"player_choice":"Damaged","damage_taken":9,"max_hp_gain":0,"max_hp_loss":0,"event_name":"Wheel of Change","floor":47,"gold_loss":0}],"is_beta":false,"boss_relics":[{"not_picked":["Velvet Choker","Eternal Feather"],"picked":"Empty Cage"},{"not_picked":["Fusion Hammer","White Beast Statue"],"picked":"Snecko Eye"}],"items_purged_floors":[5,37,46],"is_endless":false,"potions_floor_spawned":[1,7,10,11,18,22,29,33,38,48],"ascension_level":1}