{"gold_per_floor":[112,112,112,112,187,187,187,205,277,30,30,30,46,62,62,191,191,207,226,245,259,174,174,194,194,194,218,218,234,234,250,250,250],"floor_reached":33,"playtime":2300,"items_purged":[],"score":264,"play_id":"b2d5b6df-4254-4cc6-b576-1b52e76dc556","local_time":"20180624095401","is_ascension_mode":false,"campfire_choices":[{"floor":6.0,"key":"REST"},{"data":"Heavy Blade","floor":11.0,"key":"SMITH"},{"data":"Immolate","floor":15.0,"key":"SMITH"},{"floor":23.0,"key":"REST"},{"floor":25.0,"key":"REST"},{"floor":28.0,"key":"REST"},{"floor":32,"key":"REST"}],"neow_cost":"","seed_source_timestamp":0,"circlet_count":0,"master_deck":["Strike_R","Strike_R+1","Strike_R+1","Strike_R","Strike_R","Defend_R","Defend_R","Defend_R","Defend_R","Bash","Injury","Spot Weakness","Injury","Heavy Blade+1","Twin Strike","Immolate+1","Bludgeon","Anger","Wild Strike","Twin Strike+1","Metallicize","Wild Strike","Blood for Blood+1","Wild Strike","Writhe","Heavy Blade"],"special_seed":0,"relics":["Black Blood","Mango","Golden Idol","Toolbox","Pantograph","Anchor","Shuriken","Pen Nib"],"potions_floor_usage":[29,29,31],"damage_taken":[{"damage":0.0,"enemies":"2 Louse","floor":1.0,"turns":3.0},{"damage":7.0,"enemies":"Jaw Worm","floor":8.0,"turns":3.0},{"damage":0.0,"enemies":"Small Slimes","floor":13.0,"turns":3.0},{"damage":5.0,"enemies":"Looter","floor":14.0,"turns":2.0},{"damage":53.0,"enemies":"Slime Boss","floor":16.0,"turns":11.0},{"damage":0.0,"enemies":"Chosen","floor":18.0,"turns":3.0},{"damage":35.0,"enemies":"3 Byrds","floor":19.0,"turns":5.0},{"damage":27.0,"enemies":"Snake Plant","floor":20.0,"turns":3.0},{"damage":28.0,"enemies":"Centurion and Healer","floor":21.0,"turns":6.0},{"damage":53.0,"enemies":"3 Cultists","floor":24.0,"turns":5.0},{"damage":10.0,"enemies":"Snecko","floor":27.0,"turns":3.0},{"damage":27,"enemies":"Slaver and Parasite","floor":29,"turns":4},{"damage":20,"enemies":"Sentry and Sphere","floor":31,"turns":5},{"damage":90,"enemies":"Champ","floor":33,"turns":13}],"seed_played":"4630118483366913310","potions_obtained":[{"floor":1.0,"key":"SkillPotion"},{"floor":7.0,"key":"Explosive Potion"},{"floor":7.0,"key":"SteroidPotion"},{"floor":16.0,"key":"EssenceOfSteel"},{"floor":19.0,"key":"Poison Potion"},{"floor":24.0,"key":"FearPotion"},{"floor":27.0,"key":"PowerPotion"},{"floor":29,"key":"PowerPotion"}],"is_trial":false,"path_per_floor":["M","?","?","?","?","R","?","M","T","$","R","$","M","M","R","B",null,"M","M","M","M","?","R","M","R","T","M","R","M","?","M","R"],"character_chosen":"IRONCLAD","items_purchased":["Pantograph"],"campfire_rested":5,"item_purchase_floors":[],"current_hp_per_floor":[94,94,75,80,69,98,98,97,97,97,97,97,99,99,99,52,99,99,74,57,39,39,68,25,54,54,54,83,66,66,56,85,9],"gold":250,"neow_bonus":"","is_prod":false,"is_daily":false,"chose_seed":false,"campfire_upgraded":2,"win_rate":0.0,"timestamp":1529830441,"path_taken":["M","?","?","?","?","R","?","?","T","$","R","?","M","M","R","BOSS","M","M","?","?","?","R","M","R","T","M","R","M","?","M","R","BOSS"],"build_version":"2018-06-21v2","purchased_purges":0,"victory":false,"max_hp_per_floor":[94,94,94,99,99,99,99,99,99,99,99,99,99,99,99,99,99,99,99,99,99,99,99,99,99,99,99,99,99,99,99,99,99],"card_choices":[{"not_picked":["Body Slam","Burning Pact"],"picked":"Spot Weakness","floor":1.0},{"not_picked":["Inflame","Battle Trance"],"picked":"Heavy Blade","floor":8.0},{"not_picked":["Headbutt","Infernal Blade"],"picked":"Twin Strike","floor":13.0},{"not_picked":["Pommel Strike","Headbutt"],"picked":"Immolate","floor":14.0},{"not_picked":["Fiend Fire","Impervious"],"picked":"Bludgeon","floor":16.0},{"not_picked":["True Grit+1","Headbutt"],"picked":"Anger","floor":18.0},{"not_picked":["Shrug It Off","Twin Strike"],"picked":"Wild Strike","floor":19.0},{"not_picked":["Dual Wield","Anger+1"],"picked":"Twin Strike+1","floor":20.0},{"not_picked":["Hemokinesis+1","Armaments"],"picked":"Metallicize","floor":21.0},{"not_picked":["Battle Trance","Blood for Blood"],"picked":"Wild Strike","floor":24.0},{"not_picked":["Armaments+1","Cleave"],"picked":"Blood for Blood+1","floor":27.0},{"not_picked":["Sword Boomerang","Demon Form"],"picked":"Wild Strike","floor":29},{"not_picked":["Infernal Blade","Body Slam"],"picked":"Heavy Blade","floor":31}],"player_experience":96218,"relics_obtained":[{"floor":9.0,"key":"Toolbox"},{"floor":26.0,"key":"Shuriken"}],"event_choices":[{"event_name":"Golden Idol","player_choice":"Take Wound","floor":2.0,"damage_taken":0.0},{"event_name":"Shining Light","player_choice":"Entered Light","floor":3.0,"damage_taken":0.0},{"event_name":"Big Fish","player_choice":"Donut","floor":4.0,"damage_taken":0.0},{"event_name":"World of Goop","player_choice":"Gather Gold","floor":5.0,"damage_taken":0.0},{"event_name":"The Lab","player_choice":"Got Potions","floor":7.0,"damage_taken":0.0},{"event_name":"Addict","player_choice":"Obtained Relic","floor":22.0,"damage_taken":0.0},{"event_name":"The Mausoleum","player_choice":"Yes","floor":30,"damage_taken":0}],"boss_relics":[{"not_picked":["Fusion Hammer","Runic Pyramid"],"picked":"Black Blood"}],"items_purged_floors":[],"is_endless":false,"potions_floor_spawned":[1,8,16,19,24,27,29],"killed_by":"Champ","ascension_level":0}