{"gold_per_floor":[110,110,110,32,32,32,52,52,52,52,117,117,148,158,158,259,259,276,263,274,293,311,311,311,311,381,395,495,514,514,370,370,467,467,480,494,504,504,521,521,548,561,587,587,598,630,1,17,17,17],"floor_reached":51,"playtime":5037,"items_purged":["Strike_G+1"],"score":834,"play_id":"a16fa480-f8b3-4820-a905-6eed9272c3f6","local_time":"20180629174222","is_ascension_mode":true,"campfire_choices":[{"data":"Blur","floor":6,"key":"SMITH"},{"data":"Caltrops","floor":8,"key":"SMITH"},{"data":"Blur","floor":15,"key":"SMITH"},{"data":"Noxious Fumes","floor":23,"key":"SMITH"},{"data":"Caltrops","floor":25,"key":"SMITH"},{"floor":30,"key":"REST"},{"data":"Bane","floor":32,"key":"SMITH"},{"floor":40,"key":"REST"},{"floor":44,"key":"REST"},{"floor":49,"key":"REST"}],"neow_cost":"NONE","seed_source_timestamp":915115133515926,"circlet_count":0,"master_deck":["Defend_G+1","Defend_G+1","Defend_G+1","Defend_G+1","Defend_G+1","Strike_G+1","Strike_G+1","Strike_G+1","Survivor","Neutralize","Dagger Throw","Blur+1","Caltrops+1","Blur+1","Dagger Throw","Tools of the Trade","Noxious Fumes+1","Dash+1","Caltrops+1","Bane+1","Leg Sweep+1","Glass Knife","Backflip+1","Terror","Madness","Madness","Burst","Mind Blast"],"relics":["Ring of the Snake","NeowsBlessing","Tough Bandages","Tiny Chest","Torii","Sozu","Dodecahedron","Omamori","Runic Pyramid","Matryoshka","Happy Flower","Pen Nib","The Specimen","Vajra","Incense Burner"],"potions_floor_usage":[13,16,21],"damage_taken":[{"damage":0,"enemies":"2 Louse","floor":1,"turns":1},{"damage":0,"enemies":"Cultist","floor":7,"turns":1},{"damage":0,"enemies":"3 Sentries","floor":11,"turns":1},{"damage":6,"enemies":"Lagavulin","floor":13,"turns":10},{"damage":0,"enemies":"Small Slimes","floor":14,"turns":5},{"damage":1,"enemies":"The Guardian","floor":16,"turns":15},{"damage":2,"enemies":"3 Byrds","floor":18,"turns":4},{"damage":9,"enemies":"2 Thieves","floor":19,"turns":4},{"damage":1,"enemies":"Slaver and Parasite","floor":20,"turns":7},{"damage":8,"enemies":"Snake Plant","floor":21,"turns":6},{"damage":0,"enemies":"Snecko","floor":22,"turns":6},{"damage":0,"enemies":"Sentry and Sphere","floor":27,"turns":5},{"damage":0,"enemies":"Centurion and Healer","floor":29,"turns":6},{"damage":9,"enemies":"Champ","floor":33,"turns":13},{"damage":0,"enemies":"3 Shapes","floor":35,"turns":3},{"damage":2,"enemies":"Orb Walker","floor":36,"turns":4},{"damage":0,"enemies":"Maw","floor":37,"turns":8},{"damage":23,"enemies":"4 Shapes","floor":39,"turns":6},{"damage":0,"enemies":"Giant Head","floor":41,"turns":9},{"damage":17,"enemies":"3 Darklings","floor":42,"turns":5},{"damage":1,"enemies":"Sphere and 2 Shapes","floor":45,"turns":7},{"damage":0,"enemies":"Nemesis","floor":46,"turns":7},{"damage":0,"enemies":"Maw","floor":48,"turns":7},{"damage":0,"enemies":"Awakened One","floor":50,"turns":12}],"seed_played":"-8393064882540610925","potions_obtained":[{"floor":11,"key":"AttackPotion"},{"floor":13,"key":"Weak Potion"},{"floor":16,"key":"Energy Potion"}],"is_trial":false,"path_per_floor":["M","?","?","$","?","R","M","R","T","$","E","?","E","M","R","B",null,"M","M","M","M","M","R","?","R","T","M","?","M","R","$","R","B",null,"M","M","M","?","M","R","E","M","T","R","M","E","$","M","R","B"],"character_chosen":"THE_SILENT","items_purchased":["Blur","Omamori","Vajra","Incense Burner","Mind Blast"],"campfire_rested":4,"item_purchase_floors":[4,31,47,47,47],"current_hp_per_floor":[70,70,70,70,70,70,70,70,70,70,70,70,64,64,64,63,70,68,59,58,50,50,50,50,50,50,50,50,50,70,70,70,61,70,70,68,68,59,36,57,57,40,40,61,60,60,60,60,70,70],"gold":17,"neow_bonus":"THREE_ENEMY_KILL","is_prod":false,"is_daily":false,"chose_seed":false,"campfire_upgraded":6,"win_rate":0,"timestamp":1530290542,"path_taken":["M","?","?","$","?","R","M","R","T","$","E","?","E","M","R","BOSS","M","M","M","M","M","R","?","R","T","M","?","M","R","$","R","BOSS","M","M","M","?","M","R","E","?","T","R","M","E","$","M","R","BOSS"],"build_version":"2018-06-28","purchased_purges":1,"victory":true,"max_hp_per_floor":[70,70,70,70,70,70,70,70,70,70,70,70,70,70,70,70,70,70,70,70,70,70,70,70,70,70,70,70,70,70,70,70,70,70,70,70,70,70,70,70,70,70,70,70,70,70,70,70,70,70],"card_choices":[{"not_picked":["Poisoned Stab","PiercingWail"],"picked":"Dagger Throw","floor":1},{"not_picked":["Bane","Endless Agony"],"picked":"Caltrops","floor":7},{"not_picked":["PiercingWail","Distraction"],"picked":"Blur","floor":11},{"not_picked":["Accuracy","Cloak And Dagger","Expertise"],"picked":"SKIP","floor":13},{"not_picked":["PiercingWail","Slice"],"picked":"Dagger Throw","floor":14},{"not_picked":["Night Terror","A Thousand Cuts"],"picked":"Tools of the Trade","floor":16},{"not_picked":["Outmaneuver","Deadly Poison"],"picked":"Noxious Fumes","floor":18},{"not_picked":["PiercingWail","Dodge and Roll"],"picked":"Dash+1","floor":19},{"not_picked":["Concentrate","Accuracy","Finisher"],"picked":"SKIP","floor":20},{"not_picked":["Bouncing Flask","Choke"],"picked":"Caltrops","floor":21},{"not_picked":["PiercingWail+1","Deadly Poison+1","Cloak And Dagger"],"picked":"SKIP","floor":22},{"not_picked":["PiercingWail","After Image"],"picked":"Bane","floor":27},{"not_picked":["Dodge and Roll","Bouncing Flask+1"],"picked":"Leg Sweep+1","floor":29},{"not_picked":["Unload","Doppelganger"],"picked":"Glass Knife","floor":33},{"not_picked":["Masterful Stab+1","Sucker Punch+1"],"picked":"Backflip+1","floor":35},{"not_picked":["Slice+1","PiercingWail"],"picked":"Terror","floor":36},{"not_picked":["Underhanded Strike+1","Crippling Poison","Sucker Punch+1"],"picked":"SKIP","floor":37},{"not_picked":["Crippling Poison","Acrobatics+1","Dagger Spray+1"],"picked":"SKIP","floor":39},{"not_picked":["Terror+1","Masterful Stab+1","Corpse Explosion"],"picked":"SKIP","floor":41},{"not_picked":["Deadly Poison","Cloak And Dagger","Outmaneuver"],"picked":"SKIP","floor":42},{"not_picked":["Heel Hook","Prepared","Quick Slash+1"],"picked":"SKIP","floor":45},{"not_picked":["Blur","Glass Knife"],"picked":"Burst","floor":46},{"not_picked":["Flying Knee","Skewer","Flechettes+1"],"picked":"SKIP","floor":48}],"player_experience":222771,"relics_obtained":[{"floor":9,"key":"Tough Bandages"},{"floor":11,"key":"Tiny Chest"},{"floor":13,"key":"Torii"},{"floor":26,"key":"Dodecahedron"},{"floor":41,"key":"Matryoshka"},{"floor":43,"key":"Happy Flower"},{"floor":43,"key":"Pen Nib"},{"floor":46,"key":"The Specimen"}],"event_choices":[{"event_name":"Wheel of Change","player_choice":"Full Heal","floor":2,"damage_taken":0},{"event_name":"Liars Game","player_choice":"disagreed","floor":3,"damage_taken":0},{"event_name":"Golden Idol","player_choice":"Ignored","floor":5,"damage_taken":0},{"event_name":"Purifier","player_choice":"One Purge","floor":12,"damage_taken":0},{"event_name":"Back to Basics","player_choice":"Simplicity","floor":24,"damage_taken":0},{"event_name":"Golden Shrine","player_choice":"Pray","floor":28,"damage_taken":0},{"event_name":"Winding Halls","player_choice":"Embrace Madness","floor":38,"damage_taken":0}],"boss_relics":[{"not_picked":["Fusion Hammer","White Beast Statue"],"picked":"Sozu"},{"not_picked":["Pandora\u0027s Box","Runic Dome"],"picked":"Runic Pyramid"}],"items_purged_floors":[47],"is_endless":false,"potions_floor_spawned":[11,13,16,19,20,27,29,35,37,42,45],"ascension_level":1}