{"gold_per_floor":[14,30,41,54,54,87,6,32,32,32,32,32,32,97,97,200,200,212,10,10,10,23,23,43,43,343,118,118,118,137,170,170,269,269,286,303,48,0,0,0,32,32,32,32,52,79,94,109,109,109],"floor_reached":51,"playtime":2333,"items_purged":["Strike_R","Strike_R+1"],"score":1041,"play_id":"723dd3a9-6a55-4f66-a23f-b27627e03046","local_time":"20190730001647","is_ascension_mode":true,"campfire_choices":[{"floor":10,"key":"REST"},{"data":"Bash","floor":13,"key":"SMITH"},{"data":"Uppercut","floor":15,"key":"SMITH"},{"data":"Flame Barrier","floor":23,"key":"SMITH"},{"data":"Pommel Strike","floor":25,"key":"SMITH"},{"data":"Demon Form","floor":29,"key":"SMITH"},{"data":"Uppercut","floor":32,"key":"SMITH"},{"data":"Limit Break","floor":40,"key":"SMITH"},{"data":"Heavy Blade","floor":42,"key":"SMITH"},{"data":"Clothesline","floor":44,"key":"SMITH"},{"data":"Shrug It Off","floor":49,"key":"SMITH"}],"neow_cost":"NO_GOLD","seed_source_timestamp":724261096829600,"circlet_count":0,"master_deck":["Defend_R+1","Defend_R+1","Defend_R+1","Defend_R+1","Bash+1","Armaments+1","Hemokinesis+1","Pommel Strike+1","Flame Barrier+1","Headbutt","Uppercut+1","Reaper","Shrug It Off+1","Dropkick","Sword Boomerang+1","Shrug It Off","Demon Form+1","Blood for Blood","Heavy Blade+1","Uppercut+1","Limit Break+1","Clothesline+1"],"relics":["Burning Blood","StoneCalendar","War Paint","Smiling Mask","Champion Belt","Snecko Eye","Bag of Preparation","Old Coin","Pantograph","Busted Crown","Medical Kit","Red Mask","Turnip","Gambling Chip","Toxic Egg 2","Self Forming Clay"],"potions_floor_usage":[6,6,16,28,33,50,50],"damage_taken":[{"damage":3,"enemies":"Cultist","floor":1,"turns":4},{"damage":13,"enemies":"Jaw Worm","floor":2,"turns":3},{"damage":3,"enemies":"2 Louse","floor":3,"turns":3},{"damage":21,"enemies":"Exordium Wildlife","floor":4,"turns":8},{"damage":20,"enemies":"Gremlin Nob","floor":6,"turns":4},{"damage":34,"enemies":"3 Sentries","floor":8,"turns":7},{"damage":28,"enemies":"Slime Boss","floor":16,"turns":8},{"damage":6,"enemies":"Chosen","floor":18,"turns":6},{"damage":2,"enemies":"Spheric Guardian","floor":22,"turns":3},{"damage":13,"enemies":"Shelled Parasite and Fungi","floor":24,"turns":6},{"damage":0,"enemies":"Snake Plant","floor":28,"turns":2},{"damage":2,"enemies":"Cultist and Chosen","floor":30,"turns":3},{"damage":6,"enemies":"Gremlin Leader","floor":31,"turns":8},{"damage":30,"enemies":"Champ","floor":33,"turns":5},{"damage":13,"enemies":"3 Darklings","floor":35,"turns":4},{"damage":9,"enemies":"3 Shapes","floor":36,"turns":4},{"damage":12,"enemies":"Reptomancer","floor":41,"turns":5},{"damage":0,"enemies":"Jaw Worm Horde","floor":45,"turns":3},{"damage":23,"enemies":"Nemesis","floor":46,"turns":5},{"damage":1,"enemies":"4 Shapes","floor":47,"turns":6},{"damage":8,"enemies":"Sphere and 2 Shapes","floor":48,"turns":5},{"damage":19,"enemies":"Time Eater","floor":50,"turns":6}],"seed_played":"3699570641987851870","potions_obtained":[{"floor":2,"key":"Fire Potion"},{"floor":4,"key":"EssenceOfSteel"},{"floor":6,"key":"PowerPotion"},{"floor":16,"key":"SmokeBomb"},{"floor":24,"key":"PowerPotion"},{"floor":33,"key":"Fire Potion"},{"floor":35,"key":"SkillPotion"},{"floor":41,"key":"Dexterity Potion"},{"floor":46,"key":"SpeedPotion"}],"is_trial":false,"path_per_floor":["M","M","M","M","$","E","$","E","T","R","T","?","R","?","R","B",null,"M","$","?","?","M","R","M","R","T","$","M","R","M","E","R","B",null,"M","M","$","?","?","R","E","R","T","R","M","E","M","M","R","B",null],"character_chosen":"IRONCLAD","items_purchased":["Uppercut","Bag of Preparation","Demon Form","Blood for Blood","Medical Kit","Clothesline"],"campfire_rested":1,"item_purchase_floors":[7,19,27,27,37,37],"current_hp_per_floor":[75,68,71,56,56,42,42,14,14,38,38,38,38,38,38,16,64,71,71,71,71,75,75,68,68,68,68,74,74,78,78,78,74,79,72,69,69,69,69,69,80,80,80,80,80,63,80,78,78,67],"gold":109,"neow_bonus":"TRANSFORM_TWO_CARDS","is_prod":false,"is_daily":false,"chose_seed":false,"campfire_upgraded":10,"win_rate":0,"timestamp":1564460207,"path_taken":["M","M","M","M","$","E","$","E","T","R","?","?","R","?","R","BOSS","M","$","?","?","M","R","M","R","T","$","M","R","M","E","R","BOSS","M","M","$","?","?","R","E","R","T","R","?","E","M","M","R","BOSS"],"build_version":"2019-07-17","purchased_purges":2,"victory":true,"max_hp_per_floor":[80,80,80,80,80,80,80,80,80,80,80,80,80,80,80,80,80,80,80,80,80,80,80,80,80,80,80,80,80,80,80,80,80,80,80,80,80,80,80,80,80,80,80,80,80,80,80,80,80,80],"card_choices":[{"not_picked":["Wild Strike","Shockwave"],"picked":"Pommel Strike","floor":1},{"not_picked":["Havoc","Heavy Blade"],"picked":"Flame Barrier","floor":2},{"not_picked":["Second Wind","Body Slam","Thunderclap"],"picked":"SKIP","floor":3},{"not_picked":["Havoc","Thunderclap","Armaments"],"picked":"SKIP","floor":4},{"not_picked":["Pommel Strike","Intimidate"],"picked":"Headbutt","floor":6},{"not_picked":["Fiend Fire","Pommel Strike","Dark Embrace"],"picked":"SKIP","floor":8},{"not_picked":["Brutality","Feed"],"picked":"Reaper","floor":16},{"not_picked":["Dual Wield","Heavy Blade"],"picked":"Shrug It Off","floor":18},{"not_picked":["Second Wind","Twin Strike"],"picked":"Sword Boomerang+1","floor":22},{"not_picked":["Thunderclap","Iron Wave"],"picked":"Shrug It Off","floor":24},{"not_picked":["Sword Boomerang","Anger"],"picked":"Heavy Blade","floor":30},{"not_picked":["Headbutt","Dark Embrace"],"picked":"Uppercut","floor":31},{"not_picked":["Juggernaut","Exhume"],"picked":"Limit Break","floor":33},{"not_picked":["Combust+1"],"picked":"SKIP","floor":35},{"not_picked":["Intimidate+1"],"picked":"SKIP","floor":36},{"not_picked":["Havoc+1"],"picked":"SKIP","floor":41},{"not_picked":["Clash+1"],"picked":"SKIP","floor":45},{"not_picked":["Warcry+1"],"picked":"SKIP","floor":46},{"not_picked":["Havoc+1"],"picked":"SKIP","floor":47},{"not_picked":["Flex+1"],"picked":"SKIP","floor":48}],"player_experience":591851,"relics_obtained":[{"floor":6,"key":"StoneCalendar"},{"floor":8,"key":"War Paint"},{"floor":9,"key":"Smiling Mask"},{"floor":11,"key":"Champion Belt"},{"floor":26,"key":"Old Coin"},{"floor":31,"key":"Pantograph"},{"floor":41,"key":"Gambling Chip"},{"floor":43,"key":"Toxic Egg 2"},{"floor":46,"key":"Self Forming Clay"}],"event_choices":[{"damage_healed":0,"gold_gain":0,"player_choice":"Grow","damage_taken":0,"max_hp_gain":0,"max_hp_loss":0,"event_name":"Living Wall","floor":12,"gold_loss":0,"cards_upgraded":["Hemokinesis"]},{"damage_healed":0,"gold_gain":65,"player_choice":"Gained Gold","damage_taken":0,"max_hp_gain":0,"max_hp_loss":0,"event_name":"Golden Wing","floor":14,"gold_loss":0},{"damage_healed":0,"gold_gain":0,"player_choice":"Simplicity","damage_taken":0,"max_hp_gain":0,"max_hp_loss":0,"event_name":"Back to Basics","floor":20,"gold_loss":0,"cards_upgraded":["Strike_R","Strike_R","Defend_R","Defend_R","Defend_R"]},{"damage_healed":0,"gold_gain":0,"cards_transformed":["Strike_R"],"player_choice":"Transformed","damage_taken":0,"max_hp_gain":0,"max_hp_loss":0,"event_name":"Transmorgrifier","floor":21,"gold_loss":0,"cards_obtained":["Dropkick"]},{"damage_healed":0,"gold_gain":0,"player_choice":"Paid","damage_taken":0,"relics_obtained":["Red Mask"],"max_hp_gain":0,"max_hp_loss":0,"event_name":"Tomb of Lord Red Mask","floor":38,"gold_loss":48},{"damage_healed":0,"gold_gain":0,"player_choice":"Gave Potion","damage_taken":0,"relics_obtained":["Turnip"],"max_hp_gain":0,"max_hp_loss":0,"event_name":"WeMeetAgain","floor":39,"gold_loss":0}],"is_beta":false,"boss_relics":[{"not_picked":["Astrolabe","Tiny House"],"picked":"Snecko Eye"},{"not_picked":["Empty Cage","Eternal Feather"],"picked":"Busted Crown"}],"items_purged_floors":[19,27],"is_endless":false,"potions_floor_spawned":[2,4,6,16,24,28,33,35,41,46],"ascension_level":8}