{"gold_per_floor":[114,214,231,242,252,28,28,56,56,74,92,69,88,88,88,88],"floor_reached":16,"playtime":1555,"items_purged":["Strike_G"],"score":156,"play_id":"dc7ca7ed-fd44-494f-bee1-3b9b6785163b","local_time":"20180706171605","is_ascension_mode":true,"campfire_choices":[{"data":"Footwork","floor":7,"key":"SMITH"},{"floor":15,"key":"REST"}],"neow_cost":"NONE","seed_source_timestamp":1521894490504871,"circlet_count":0,"master_deck":["Defend_G","Defend_G","Defend_G","Defend_G","Defend_G","Strike_G","Strike_G","Strike_G","Survivor","Neutralize","AscendersBane","Dagger Spray","Flying Knee","Footwork+1","Predator","Backflip","Deflect","Backflip","Deflect","Dagger Throw"],"relics":["Ring of the Snake","Potion Belt","Letter Opener"],"potions_floor_usage":[5,10,13,16],"damage_taken":[{"damage":0,"enemies":"Small Slimes","floor":1,"turns":5},{"damage":0,"enemies":"Cultist","floor":3,"turns":4},{"damage":0,"enemies":"Jaw Worm","floor":4,"turns":6},{"damage":15,"enemies":"Exordium Wildlife","floor":5,"turns":7},{"damage":32,"enemies":"Gremlin Nob","floor":8,"turns":5},{"damage":2,"enemies":"Lots of Slimes","floor":10,"turns":3},{"damage":0,"enemies":"Blue Slaver","floor":11,"turns":5},{"damage":0,"enemies":"Large Slime","floor":13,"turns":4},{"damage":27,"enemies":"The Guardian","floor":16,"turns":13}],"seed_played":"7051784711962212625","potions_obtained":[{"floor":1,"key":"SkillPotion"},{"floor":5,"key":"Ancient Potion"},{"floor":8,"key":"SkillPotion"},{"floor":10,"key":"Fire Potion"}],"is_trial":false,"path_per_floor":["M","?","M","M","M","$","R","E","T","M","M","$","M","?","R"],"character_chosen":"THE_SILENT","items_purchased":["Footwork","Predator","Backflip","Deflect"],"campfire_rested":1,"item_purchase_floors":[6,6,6,12],"current_hp_per_floor":[63,63,63,63,48,48,48,16,16,14,14,14,14,14,35,8],"gold":88,"neow_bonus":"TRANSFORM_CARD","is_prod":false,"is_daily":false,"chose_seed":false,"campfire_upgraded":1,"win_rate":0,"timestamp":1530893765,"path_taken":["M","?","M","M","?","?","R","E","T","M","?","$","M","?","R","BOSS"],"build_version":"2018-07-05","purchased_purges":1,"victory":false,"max_hp_per_floor":[70,70,70,70,70,70,70,70,70,70,70,70,70,70,70,70],"card_choices":[{"not_picked":["Expertise","Poisoned Stab","Deflect"],"picked":"SKIP","floor":1},{"not_picked":["Expertise","Slice","Flechettes"],"picked":"SKIP","floor":3},{"not_picked":["Backstab","Crippling Poison"],"picked":"Flying Knee","floor":4},{"not_picked":["Eviscerate","Flechettes","Deadly Poison"],"picked":"SKIP","floor":5},{"not_picked":["Night Terror","Prepared"],"picked":"Deflect","floor":8},{"not_picked":["Cloak And Dagger","Eviscerate"],"picked":"Backflip","floor":10},{"not_picked":["Poisoned Stab","Phantasmal Killer","Masterful Stab"],"picked":"SKIP","floor":11},{"not_picked":["Reflex","Riddle With Holes"],"picked":"Dagger Throw","floor":13}],"player_experience":387555,"relics_obtained":[{"floor":8,"key":"Potion Belt"},{"floor":9,"key":"Letter Opener"}],"event_choices":[{"event_name":"Golden Shrine","player_choice":"Pray","floor":2,"damage_taken":0},{"event_name":"Accursed Blacksmith","player_choice":"Ignore","floor":14,"damage_taken":0}],"boss_relics":[],"items_purged_floors":[6],"is_endless":false,"potions_floor_spawned":[1,5,8,10],"killed_by":"The Guardian","ascension_level":10}