{"gold_per_floor":[365,203,203,203,218,218,231,250,250,4,28,28,53,89,89,220,220,233,148,148,148,71,71,92,92,119,119,157,157,200,43,43,43],"floor_reached":33,"playtime":1248,"items_purged":["Clumsy","Strike_R"],"score":459,"play_id":"a08665d7-b4e8-4573-9eb3-46b68e8f51f0","local_time":"20190803234641","is_ascension_mode":true,"campfire_choices":[{"data":"Bash","floor":6.0,"key":"SMITH"},{"data":"True Grit","floor":12,"key":"SMITH"},{"data":"Armaments","floor":15,"key":"SMITH"},{"data":"Anger","floor":23,"key":"SMITH"},{"data":"Whirlwind","floor":25,"key":"SMITH"},{"data":"Clothesline","floor":27,"key":"SMITH"},{"floor":32,"key":"REST"}],"neow_cost":"CURSE","seed_source_timestamp":0,"circlet_count":0,"master_deck":["AscendersBane","Strike_R","Strike_R","Strike_R","Defend_R","Defend_R","Defend_R","Defend_R","Bash+1","Disarm","Iron Wave","Armaments+1","Clothesline+1","Whirlwind+1","True Grit+1","Thunderclap","Demon Form","Anger+1","Ghostly Armor","Shockwave+1","Dropkick","Metamorphosis"],"special_seed":0,"relics":["Black Blood","Golden Idol","Pear","Membership Card","Gremlin Horn","The Courier","Brimstone","Bag of Preparation","Pen Nib","Kunai"],"potions_floor_usage":[16,16,28,30,33],"damage_taken":[{"damage":8.0,"enemies":"Jaw Worm","floor":1.0,"turns":4.0},{"damage":7.0,"enemies":"Small Slimes","floor":5.0,"turns":4.0},{"damage":1.0,"enemies":"Cultist","floor":7.0,"turns":3.0},{"damage":9.0,"enemies":"3 Louse","floor":8.0,"turns":4.0},{"damage":0,"enemies":"2 Fungi Beasts","floor":11,"turns":4},{"damage":15,"enemies":"Large Slime","floor":13,"turns":9},{"damage":24,"enemies":"Lagavulin","floor":14,"turns":8},{"damage":56,"enemies":"The Guardian","floor":16,"turns":14},{"damage":32,"enemies":"Chosen","floor":18,"turns":8},{"damage":35,"enemies":"2 Thieves","floor":24,"turns":4},{"damage":51,"enemies":"Book of Stabbing","floor":28,"turns":6},{"damage":0,"enemies":"Gremlin Leader","floor":30,"turns":4},{"damage":55,"enemies":"Collector","floor":33,"turns":6}],"seed_played":"-2930621427354227927","potions_obtained":[{"floor":11,"key":"SkillPotion"},{"floor":13,"key":"PowerPotion"},{"floor":16,"key":"Regen Potion"},{"floor":18,"key":"SteroidPotion"},{"floor":28,"key":"Weak Potion"}],"is_trial":false,"path_per_floor":["M","$","?","?","M","R","M","M","T","$","M","R","M","E","R","B",null,"M","?","?","?","$","R","M","R","T","R","E","?","E","$","R","B"],"character_chosen":"IRONCLAD","items_purchased":["Disarm","Iron Wave","Membership Card","Whirlwind","Brimstone","Dropkick","Metamorphosis"],"campfire_rested":1,"item_purchase_floors":[2,2,10,10,22,31,31],"current_hp_per_floor":[70,70,70,70,69,69,74,71,81,81,84,84,75,57,57,7,65,43,43,71,71,71,71,46,46,46,46,20,20,30,30,55,0],"gold":43,"neow_bonus":"TWO_FIFTY_GOLD","is_prod":false,"is_daily":false,"chose_seed":false,"campfire_upgraded":6,"win_rate":0,"timestamp":1564890401,"path_taken":["M","$","?","?","M","R","M","M","T","$","M","R","M","E","R","BOSS","M","?","?","?","$","R","M","R","T","R","E","?","E","$","R","BOSS"],"build_version":"2019-07-17","purchased_purges":2,"victory":false,"max_hp_per_floor":[80,80,74,74,74,74,74,74,84,84,84,84,84,84,84,84,84,84,84,84,84,84,84,84,84,84,84,84,84,84,84,84,84],"card_choices":[{"not_picked":["Power Through","Anger","Body Slam"],"picked":"SKIP","floor":1.0},{"not_picked":["Entrench","Wild Strike","Reckless Charge"],"picked":"SKIP","floor":5.0},{"not_picked":["True Grit","Rupture"],"picked":"Armaments","floor":7.0},{"not_picked":["Twin Strike","Seeing Red"],"picked":"Clothesline","floor":8.0},{"not_picked":["Clash","Cleave"],"picked":"True Grit","floor":11},{"not_picked":["Sever Soul","Barricade"],"picked":"Thunderclap","floor":13},{"not_picked":["Perfected Strike","Sword Boomerang","Disarm"],"picked":"SKIP","floor":14},{"not_picked":["Double Tap","Dark Embrace"],"picked":"Demon Form","floor":16},{"not_picked":["Wild Strike","Iron Wave+1"],"picked":"Anger","floor":18},{"not_picked":["Heavy Blade+1","Thunderclap"],"picked":"Ghostly Armor","floor":24},{"not_picked":["Fiend Fire","Fire Breathing","Wild Strike+1"],"picked":"SKIP","floor":28},{"not_picked":["Havoc","Hemokinesis"],"picked":"Shockwave+1","floor":30}],"player_experience":653578,"relics_obtained":[{"floor":9.0,"key":"Pear"},{"floor":14,"key":"Gremlin Horn"},{"floor":26,"key":"Bag of Preparation"},{"floor":28,"key":"Pen Nib"},{"floor":30,"key":"Kunai"}],"event_choices":[{"damage_healed":0.0,"max_hp_gain":0.0,"max_hp_loss":6.0,"gold_gain":0.0,"event_name":"Golden Idol","player_choice":"Lose Max HP","floor":3.0,"gold_loss":0.0,"damage_taken":0.0,"relics_obtained":["Golden Idol"]},{"cards_removed":["Strike_R"],"damage_healed":0.0,"max_hp_gain":0.0,"max_hp_loss":0.0,"gold_gain":0.0,"event_name":"Purifier","player_choice":"Purged","floor":4.0,"gold_loss":0.0,"damage_taken":0.0},{"damage_healed":0,"gold_gain":0,"player_choice":"Obtained Relic","damage_taken":0,"relics_obtained":["The Courier"],"max_hp_gain":0,"max_hp_loss":0,"event_name":"Addict","floor":19,"gold_loss":85},{"damage_healed":28,"gold_gain":0,"player_choice":"Heal","damage_taken":0,"max_hp_gain":0,"max_hp_loss":0,"event_name":"The Library","floor":20,"gold_loss":0},{"damage_healed":0,"gold_gain":0,"player_choice":"Ignored","damage_taken":0,"max_hp_gain":0,"max_hp_loss":0,"event_name":"Ghosts","floor":21,"gold_loss":0},{"damage_healed":0,"gold_gain":0,"player_choice":"Ignored","damage_taken":0,"max_hp_gain":0,"max_hp_loss":0,"event_name":"Cursed Tome","floor":29,"gold_loss":0}],"is_beta":false,"boss_relics":[{"not_picked":["Runic Dome","Pandora\u0027s Box"],"picked":"Black Blood"}],"items_purged_floors":[2,31],"is_endless":false,"potions_floor_spawned":[11,13,16,18,28],"killed_by":"Collector","ascension_level":10}