{"gold_per_floor":[110,124,74,85,63,63,94,94,94,169,169,169,184,202,202,202],"floor_reached":16,"playtime":1566,"items_purged":[],"score":100,"play_id":"c23eeab5-4c67-4e66-8a56-4e9edc3840a9","local_time":"20180625001220","is_ascension_mode":false,"campfire_choices":[{"data":"Whirlwind","floor":6,"key":"SMITH"},{"floor":8,"key":"REST"},{"data":"True Grit","floor":12,"key":"SMITH"},{"floor":15,"key":"REST"}],"neow_cost":"NONE","seed_source_timestamp":509938245633249,"circlet_count":0,"master_deck":["Strike_R","Strike_R","Strike_R","Strike_R","Defend_R","Defend_R","Defend_R","Defend_R","Bash","Fiend Fire","Iron Wave","Whirlwind+1","True Grit+1","Clash","Disarm"],"relics":["Burning Blood","Boot","Bottled Lightning"],"potions_floor_usage":[],"damage_taken":[{"damage":1,"enemies":"Cultist","floor":1,"turns":3},{"damage":5,"enemies":"2 Louse","floor":2,"turns":2},{"damage":6,"enemies":"Jaw Worm","floor":4,"turns":2},{"damage":46,"enemies":"Gremlin Nob","floor":7,"turns":6},{"damage":10,"enemies":"Exordium Thugs","floor":13,"turns":6},{"damage":2,"enemies":"3 Louse","floor":14,"turns":3},{"damage":76,"enemies":"Slime Boss","floor":16,"turns":10}],"seed_played":"1348866875503998990","potions_obtained":[{"floor":1,"key":"LiquidBronze"},{"floor":13,"key":"SkillPotion"}],"is_trial":false,"path_per_floor":["M","M","?","M","$","R","E","R","T","?","?","R","M","M","R"],"character_chosen":"IRONCLAD","items_purchased":["Clash"],"campfire_rested":2,"item_purchase_floors":[5],"current_hp_per_floor":[80,80,80,80,80,80,40,64,64,53,53,53,49,53,77,1],"gold":202,"neow_bonus":"ONE_RANDOM_RARE_CARD","is_prod":false,"is_daily":false,"chose_seed":false,"campfire_upgraded":2,"win_rate":0.0,"timestamp":1529881940,"path_taken":["M","?","?","M","$","R","E","R","T","?","?","R","?","M","R","BOSS"],"build_version":"2018-06-21v2","purchased_purges":0,"victory":false,"max_hp_per_floor":[80,80,80,80,80,80,80,80,80,80,80,80,80,80,80,80],"card_choices":[{"not_picked":["Warcry","Pummel"],"picked":"Iron Wave","floor":1},{"not_picked":["Power Through","Pummel"],"picked":"Whirlwind","floor":2},{"not_picked":["Flex","Havoc"],"picked":"True Grit","floor":4},{"not_picked":["Immolate","Headbutt","Metallicize"],"picked":"SKIP","floor":7},{"not_picked":["Uppercut","Flex","Whirlwind"],"picked":"SKIP","floor":13},{"not_picked":["Heavy Blade","Sword Boomerang"],"picked":"Disarm","floor":14}],"player_experience":112797,"relics_obtained":[{"floor":7,"key":"Boot"},{"floor":9,"key":"Bottled Lightning"}],"event_choices":[{"event_name":"The Cleric","player_choice":"Card Removal","floor":3,"damage_taken":0},{"event_name":"World of Goop","player_choice":"Gather Gold","floor":10,"damage_taken":0},{"event_name":"Dead Adventurer","player_choice":"Searched \u00271\u0027 times","floor":11,"damage_taken":0}],"boss_relics":[],"items_purged_floors":[],"is_endless":false,"potions_floor_spawned":[1,13],"killed_by":"Slime Boss","ascension_level":0}