{"gold_per_floor":[115,126,136,151,0,0,35,35,35,35,51,25,25,43,43,117,117,127,147,47,47,59,59,59],"floor_reached":24,"playtime":1097,"items_purged":["Strike_G","Strike_G"],"score":366,"play_id":"77ac26ec-3eda-4966-8b98-9ce92e2136c8","local_time":"20190807005806","is_ascension_mode":true,"campfire_choices":[{"data":"Neutralize","floor":6,"key":"SMITH"},{"data":"Noxious Fumes","floor":10,"key":"SMITH"},{"data":"Footwork","floor":13,"key":"SMITH"},{"data":"Sucker Punch","floor":15,"key":"SMITH"},{"floor":23,"key":"REST"}],"neow_cost":"PERCENT_DAMAGE","seed_source_timestamp":176219350526500,"circlet_count":0,"master_deck":["AscendersBane","Strike_G","Defend_G","Defend_G","Defend_G","Defend_G","Defend_G","Survivor","Neutralize+1","Leg Sweep","Dagger Throw","Noxious Fumes+1","Footwork+1","PiercingWail","Sucker Punch+1","Dagger Spray","Tools of the Trade","Flechettes","Noxious Fumes","Caltrops","Cloak And Dagger","Backflip","Predator"],"relics":["Ring of the Snake","Lantern","Bag of Preparation","Orrery"],"potions_floor_usage":[16,16,19,24],"damage_taken":[{"damage":0,"enemies":"Cultist","floor":1,"turns":4},{"damage":0,"enemies":"Small Slimes","floor":2,"turns":5},{"damage":6,"enemies":"Jaw Worm","floor":3,"turns":9},{"damage":1,"enemies":"Blue Slaver","floor":4,"turns":6},{"damage":4,"enemies":"Lagavulin","floor":7,"turns":10},{"damage":0,"enemies":"Red Slaver","floor":11,"turns":5},{"damage":0,"enemies":"2 Fungi Beasts","floor":14,"turns":3},{"damage":32,"enemies":"Slime Boss","floor":16,"turns":14},{"damage":19,"enemies":"Spheric Guardian","floor":18,"turns":6},{"damage":14,"enemies":"2 Thieves","floor":19,"turns":5},{"damage":20,"enemies":"Shelled Parasite and Fungi","floor":22,"turns":11},{"damage":23,"enemies":"Book of Stabbing","floor":24,"turns":8}],"seed_played":"8921357161158899437","potions_obtained":[{"floor":1,"key":"Weak Potion"},{"floor":4,"key":"FearPotion"},{"floor":14,"key":"EssenceOfSteel"},{"floor":18,"key":"AttackPotion"},{"floor":19,"key":"Dexterity Potion"},{"floor":22,"key":"Fire Potion"}],"is_trial":false,"path_per_floor":["M","M","M","M","$","R","E","?","T","R","M","$","R","M","R","B",null,"M","M","$","?","M","R","E"],"character_chosen":"THE_SILENT","items_purchased":["Footwork","Dagger Spray"],"campfire_rested":1,"item_purchase_floors":[5,12],"current_hp_per_floor":[44,44,38,37,37,37,33,55,55,55,55,55,55,55,55,23,55,36,22,22,22,2,21,0],"gold":59,"neow_bonus":"REMOVE_TWO","is_prod":false,"is_daily":false,"chose_seed":false,"campfire_upgraded":4,"win_rate":0,"timestamp":1565153886,"path_taken":["M","M","M","M","$","R","E","?","T","R","M","$","R","M","R","BOSS","M","M","$","?","M","R","E"],"build_version":"2019-07-17","purchased_purges":2,"victory":false,"max_hp_per_floor":[66,66,66,66,66,66,66,66,66,66,66,66,66,66,66,66,66,66,66,66,66,66,66,66],"card_choices":[{"not_picked":["Slice","Acrobatics"],"picked":"Leg Sweep","floor":1},{"not_picked":["Slice","Bane"],"picked":"Dagger Throw","floor":2},{"not_picked":["Slice","Finisher"],"picked":"Noxious Fumes","floor":3},{"not_picked":["Underhanded Strike","Bane","Dagger Throw"],"picked":"SKIP","floor":4},{"not_picked":["All Out Attack","Crippling Poison"],"picked":"PiercingWail","floor":7},{"not_picked":["Well Laid Plans","Prepared"],"picked":"Sucker Punch","floor":11},{"not_picked":["Dagger Spray","Masterful Stab","Calculated Gamble"],"picked":"SKIP","floor":14},{"not_picked":["Envenom","Grand Finale"],"picked":"Tools of the Trade","floor":16},{"not_picked":["Flying Knee","Endless Agony"],"picked":"Flechettes","floor":17},{"not_picked":["Poisoned Stab","Crippling Poison"],"picked":"Noxious Fumes","floor":17},{"not_picked":["Calculated Gamble","Concentrate"],"picked":"Caltrops","floor":17},{"not_picked":["Distraction","Acrobatics"],"picked":"Cloak And Dagger","floor":17},{"not_picked":["Endless Agony","Sucker Punch","Flechettes"],"picked":"SKIP","floor":18},{"not_picked":["Dagger Throw+1","Flying Knee"],"picked":"Backflip","floor":19},{"not_picked":["Slice+1","Acrobatics"],"picked":"Predator","floor":22}],"player_experience":665226,"relics_obtained":[{"floor":7,"key":"Lantern"},{"floor":9,"key":"Bag of Preparation"}],"event_choices":[{"damage_healed":22,"gold_gain":0,"player_choice":"Banana","damage_taken":0,"max_hp_gain":0,"max_hp_loss":0,"event_name":"Big Fish","floor":8,"gold_loss":0},{"damage_healed":0,"gold_gain":0,"player_choice":"Ignored","damage_taken":0,"max_hp_gain":0,"max_hp_loss":0,"event_name":"Ghosts","floor":21,"gold_loss":0}],"is_beta":false,"boss_relics":[{"not_picked":["White Beast Statue","Runic Dome"],"picked":"Orrery"}],"items_purged_floors":[5,20],"is_endless":false,"potions_floor_spawned":[1,4,14,18,19,22],"killed_by":"Book of Stabbing","ascension_level":17}