{"gold_per_floor":[365,253,263,94,109,109,122,147,215,215,227,243,318,334,334,433,433,446,179,179,198,208,208,224,324,349,360,378,395,395],"floor_reached":30,"playtime":2151,"items_purged":["Strike_G","Strike_G"],"score":286,"play_id":"d4cd8bd5-e127-4bc4-940a-4ff0b9ea2077","local_time":"20181203022142","is_ascension_mode":true,"campfire_choices":[{"data":"Noxious Fumes","floor":6.0,"key":"SMITH"},{"data":"Caltrops","floor":10.0,"key":"SMITH"},{"floor":15.0,"key":"REST"},{"data":"Footwork","floor":23,"key":"SMITH"}],"neow_cost":"TEN_PERCENT_HP_LOSS","seed_source_timestamp":377926431533370,"circlet_count":0,"master_deck":["Defend_G","Defend_G","Defend_G","Defend_G","Defend_G","Strike_G","Strike_G","Strike_G","Survivor","Neutralize","Flying Knee","Caltrops","Caltrops+1","Noxious Fumes+1","Escape Plan","Backflip","Catalyst","Cloak And Dagger","Leg Sweep","Endless Agony","Venomology","Deadly Poison","Footwork+1","Deadly Poison","Slice","Dodge and Roll","Noxious Fumes","Backflip+1","Catalyst"],"special_seed":0,"relics":["Ring of the Snake","Torii","Matryoshka","Snake Skull","Ancient Tea Set","Lantern"],"potions_floor_usage":[16,16,18,21,22,22,27,27,29,29,30],"damage_taken":[{"damage":0.0,"enemies":"2 Louse","floor":1.0,"turns":4.0},{"damage":6.0,"enemies":"Jaw Worm","floor":3.0,"turns":5.0},{"damage":0.0,"enemies":"Cultist","floor":5.0,"turns":4.0},{"damage":0.0,"enemies":"Blue Slaver","floor":7.0,"turns":4.0},{"damage":20.0,"enemies":"3 Sentries","floor":8.0,"turns":7.0},{"damage":21.0,"enemies":"Lots of Slimes","floor":11.0,"turns":3.0},{"damage":0.0,"enemies":"Exordium Wildlife","floor":12.0,"turns":3.0},{"damage":3.0,"enemies":"Gremlin Gang","floor":14.0,"turns":6.0},{"damage":20,"enemies":"Slime Boss","floor":16,"turns":12},{"damage":8,"enemies":"Shell Parasite","floor":18,"turns":6},{"damage":2,"enemies":"Spheric Guardian","floor":21,"turns":6},{"damage":7,"enemies":"Shelled Parasite and Fungi","floor":22,"turns":7},{"damage":14,"enemies":"Sentry and Sphere","floor":24,"turns":6},{"damage":13,"enemies":"Cultist and Chosen","floor":27,"turns":6},{"damage":1,"enemies":"Chosen and Byrds","floor":28,"turns":6},{"damage":9,"enemies":"Snecko","floor":29,"turns":4},{"damage":9,"enemies":"Sentry and Sphere","floor":30,"turns":3}],"seed_played":"-5716765047374551854","potions_obtained":[{"floor":5.0,"key":"Ancient Potion"},{"floor":8.0,"key":"Regen Potion"},{"floor":11.0,"key":"GamblersBrew"},{"floor":14.0,"key":"Regen Potion"},{"floor":16,"key":"SteroidPotion"},{"floor":22,"key":"GamblersBrew"},{"floor":28,"key":"Fire Potion"}],"is_trial":false,"path_per_floor":["M","$","M","$","M","R","M","E","T","R","M","M","?","M","R","B",null,"M","$","?","M","M","R","M","?","T","M","M","M","M"],"character_chosen":"THE_SILENT","items_purchased":["Caltrops","Noxious Fumes","Footwork","Deadly Poison","Snake Skull"],"campfire_rested":1,"item_purchase_floors":[2,4,19,19,19],"current_hp_per_floor":[63,63,57,57,57,57,57,37,37,37,28,28,17,14,32,27,63,55,55,55,53,46,46,32,32,32,19,18,9,0],"gold":395,"neow_bonus":"TWO_FIFTY_GOLD","is_prod":false,"is_daily":false,"chose_seed":false,"campfire_upgraded":3,"win_rate":0,"timestamp":1543803702,"path_taken":["M","$","M","$","M","R","M","E","T","R","M","M","?","M","R","BOSS","M","$","?","M","M","R","M","?","T","M","?","M","M"],"build_version":"2018-11-15","purchased_purges":2,"victory":false,"max_hp_per_floor":[63,63,63,63,63,63,63,63,63,63,63,63,63,63,63,63,63,63,63,63,63,63,63,63,63,63,63,63,63,63],"card_choices":[{"not_picked":["Sucker Punch","Quick Slash"],"picked":"Flying Knee","floor":1.0},{"not_picked":["Catalyst","Acrobatics"],"picked":"Caltrops","floor":3.0},{"not_picked":["Slice","Prepared"],"picked":"Escape Plan","floor":5.0},{"not_picked":["Slice","Sucker Punch"],"picked":"Backflip","floor":7.0},{"not_picked":["Burst","Cloak And Dagger"],"picked":"Catalyst","floor":8.0},{"not_picked":["Setup","Prepared"],"picked":"Cloak And Dagger","floor":11.0},{"not_picked":["Deadly Poison","Flechettes"],"picked":"Leg Sweep","floor":12.0},{"not_picked":["Dodge and Roll","Deflect"],"picked":"Endless Agony","floor":14.0},{"not_picked":["Bullet Time","Unload"],"picked":"Venomology","floor":16},{"not_picked":["Choke","Deflect"],"picked":"Deadly Poison","floor":18},{"not_picked":["Acrobatics","Masterful Stab"],"picked":"Slice","floor":21},{"not_picked":["Skewer","Doppelganger"],"picked":"Dodge and Roll","floor":22},{"not_picked":["Deflect","Dagger Spray"],"picked":"Noxious Fumes","floor":24},{"not_picked":["Flechettes","Expertise","Blade Dance"],"picked":"SKIP","floor":27},{"not_picked":["Prepared","Deadly Poison"],"picked":"Backflip+1","floor":28},{"not_picked":["Quick Slash+1","Deflect"],"picked":"Catalyst","floor":29}],"player_experience":259187,"relics_obtained":[{"floor":8.0,"key":"Torii"},{"floor":9.0,"key":"Matryoshka"},{"floor":26,"key":"Ancient Tea Set"},{"floor":26,"key":"Lantern"}],"event_choices":[{"damage_healed":0.0,"max_hp_gain":0.0,"max_hp_loss":0.0,"gold_gain":75.0,"event_name":"World of Goop","player_choice":"Gather Gold","floor":13.0,"gold_loss":0.0,"damage_taken":11.0},{"damage_healed":0,"gold_gain":0,"player_choice":"Ignored","damage_taken":0,"max_hp_gain":0,"max_hp_loss":0,"event_name":"Ghosts","floor":20,"gold_loss":0},{"damage_healed":0,"gold_gain":100,"player_choice":"Pray","damage_taken":0,"max_hp_gain":0,"max_hp_loss":0,"event_name":"Golden Shrine","floor":25,"gold_loss":0}],"is_beta":false,"boss_relics":[{"not_picked":["Ectoplasm","Snecko Eye","Runic Dome"]}],"items_purged_floors":[2,4],"is_endless":false,"potions_floor_spawned":[5,8,11,14,16,22,28],"killed_by":"Sentry and Sphere","ascension_level":4}