{"path_per_floor":["M","M","M","$","?","R","M","M","T","M","T","?","R","T","R"],"character_chosen":"IRONCLAD","items_purchased":["Ghostly Armor"],"gold_per_floor":[111,131,145,70,70,70,87,99,170,142,169,344,344,344,344,344],"floor_reached":16,"campfire_rested":1,"playtime":877,"item_purchase_floors":[],"current_hp_per_floor":[80,80,80,80,64,80,77,78,78,80,80,80,80,80,80,0],"items_purged":[],"gold":344,"score":92,"play_id":"fcbe6dcb-4e0a-4e33-9a2c-091f38f66c48","local_time":"20180616171508","is_prod":false,"is_daily":false,"chose_seed":false,"is_ascension_mode":false,"campfire_upgraded":2,"win_rate":0.0,"timestamp":1529165708,"campfire_choices":[{"floor":6.0,"key":"REST"},{"data":"Flame Barrier","floor":13,"key":"SMITH"},{"data":"Ghostly Armor","floor":15,"key":"SMITH"}],"path_taken":["M","M","?","$","?","R","M","M","T","M","?","?","R","?","R","BOSS"],"build_version":"2018-06-14v2","seed_source_timestamp":0,"purchased_purges":0,"victory":false,"master_deck":["Strike_R","Strike_R+1","Strike_R","Strike_R","Strike_R","Defend_R","Defend_R","Defend_R","Defend_R","Bash+1","Intimidate","Perfected Strike+1","Thunderclap+1","Ghostly Armor+1","Flame Barrier+1","Ghostly Armor","Second Wind+1","Doubt"],"max_hp_per_floor":[80,80,80,80,80,80,80,80,80,80,80,80,80,80,80,80],"special_seed":0,"relics":["Burning Blood","NeowsBlessing","Toxic Egg 2","Whetstone","Bottled Lightning"],"card_choices":[{"not_picked":["Whirlwind","Clash"],"picked":"Intimidate","floor":1.0},{"not_picked":["Blood for Blood","Pommel Strike"],"picked":"Perfected Strike","floor":2.0},{"not_picked":["Burning Pact","Clash"],"picked":"Thunderclap","floor":3.0},{"not_picked":["Reckless Charge","Body Slam"],"picked":"Flame Barrier","floor":7.0},{"not_picked":["Cleave","Bloodletting"],"picked":"Ghostly Armor","floor":8},{"not_picked":["Pommel Strike","Blood for Blood"],"picked":"Second Wind+1","floor":10}],"player_experience":10512,"potions_floor_usage":[],"damage_taken":[{"damage":0.0,"enemies":"Cultist","floor":1.0,"turns":1.0},{"damage":0.0,"enemies":"2 Louse","floor":2.0,"turns":1.0},{"damage":0.0,"enemies":"Jaw Worm","floor":3.0,"turns":1.0},{"damage":9.0,"enemies":"Large Slime","floor":7.0,"turns":6.0},{"damage":5.0,"enemies":"Looter","floor":8.0,"turns":4.0},{"damage":4,"enemies":"Exordium Thugs","floor":10,"turns":8},{"damage":80,"enemies":"The Guardian","floor":16,"turns":13}],"relics_obtained":[{"floor":9,"key":"Toxic Egg 2"},{"floor":11,"key":"Whetstone"},{"floor":14,"key":"Bottled Lightning"}],"event_choices":[{"event_name":"Shining Light","player_choice":"Entered Light","floor":5.0,"damage_taken":0.0},{"event_name":"Liars Game","player_choice":"agreed","floor":12,"damage_taken":0}],"boss_relics":[],"items_purged_floors":[],"is_endless":false,"potions_floor_spawned":[1,3,8],"seed_played":"6002294819161328252","killed_by":"The Guardian","ascension_level":0,"potions_obtained":[{"floor":1.0,"key":"Poison Potion"},{"floor":3.0,"key":"EssenceOfSteel"},{"floor":8,"key":"Poison Potion"}],"is_trial":false}