{"gold_per_floor":[117,129,129,145,158,158,186,186,209,240,259,259,293,313,313,413,413,431,444,444,444,444],"floor_reached":22,"playtime":1452,"items_purged":[],"score":237,"play_id":"bee63a5d-18f5-4c27-8479-c382ffac1c07","local_time":"20190815202323","is_ascension_mode":true,"campfire_choices":[{"data":"Berserk","floor":6,"key":"SMITH"},{"data":"Dark Embrace","floor":8,"key":"SMITH"},{"floor":12,"key":"REST"},{"floor":15,"key":"REST"}],"neow_cost":"NONE","seed_source_timestamp":648901068140648,"circlet_count":0,"master_deck":["Strike_R","Strike_R","Defend_R","Defend_R","Defend_R","Defend_R","Bash","Berserk+1","Heavy Blade","Spot Weakness","Intimidate","Iron Wave","Dark Embrace+1","Disarm","Pommel Strike","Seeing Red","True Grit","Barricade","Body Slam","Bludgeon","Anger+1","True Grit+1","Demon Form+1"],"relics":["Burning Blood","Dream Catcher","Centennial Puzzle","Orichalcum","Bottled Lightning","Regal Pillow","Astrolabe","MutagenicStrength"],"potions_floor_usage":[13,16,18,22],"damage_taken":[{"damage":11,"enemies":"Small Slimes","floor":1,"turns":4},{"damage":1,"enemies":"Cultist","floor":2,"turns":3},{"damage":7,"enemies":"Jaw Worm","floor":4,"turns":2},{"damage":17,"enemies":"3 Louse","floor":5,"turns":3},{"damage":24,"enemies":"Gremlin Nob","floor":7,"turns":4},{"damage":25,"enemies":"3 Sentries","floor":10,"turns":8},{"damage":7,"enemies":"Blue Slaver","floor":11,"turns":4},{"damage":19,"enemies":"Gremlin Nob","floor":13,"turns":5},{"damage":12,"enemies":"Gremlin Gang","floor":14,"turns":6},{"damage":39,"enemies":"Slime Boss","floor":16,"turns":18},{"damage":49,"enemies":"Spheric Guardian","floor":18,"turns":8},{"damage":28,"enemies":"Shell Parasite","floor":19,"turns":8},{"damage":22,"enemies":"3 Cultists","floor":22,"turns":3}],"seed_played":"1001886854591514074","potions_obtained":[{"floor":1,"key":"LiquidBronze"},{"floor":2,"key":"Fire Potion"},{"floor":10,"key":"SpeedPotion"},{"floor":11,"key":"Block Potion"},{"floor":14,"key":"SpeedPotion"},{"floor":18,"key":"Ancient Potion"}],"is_trial":false,"path_per_floor":["M","M","?","M","M","R","E","R","T","E","M","R","E","M","R","B",null,"M","M","?","?","M"],"character_chosen":"IRONCLAD","items_purchased":[],"campfire_rested":2,"item_purchase_floors":[],"current_hp_per_floor":[75,80,80,79,68,68,50,50,50,31,30,54,41,35,74,41,80,37,15,15,15,0],"gold":444,"neow_bonus":"ONE_RANDOM_RARE_CARD","is_prod":false,"is_daily":false,"chose_seed":false,"campfire_upgraded":2,"win_rate":0,"timestamp":1565893403,"path_taken":["M","M","?","?","M","R","E","R","T","E","M","R","E","M","R","BOSS","M","?","?","?","M"],"build_version":"2019-07-17","purchased_purges":0,"victory":false,"max_hp_per_floor":[80,80,80,80,80,80,80,80,80,80,80,80,80,80,80,80,80,80,80,80,80,80],"card_choices":[{"not_picked":["Warcry","Sword Boomerang"],"picked":"Heavy Blade","floor":1},{"not_picked":["Whirlwind","Power Through"],"picked":"Spot Weakness","floor":2},{"not_picked":["Havoc","Reckless Charge"],"picked":"Intimidate","floor":4},{"not_picked":["Clothesline","Fire Breathing"],"picked":"Iron Wave","floor":5},{"not_picked":["Bloodletting","Evolve"],"picked":"Dark Embrace","floor":7},{"not_picked":["Cleave","Dual Wield"],"picked":"Disarm","floor":10},{"not_picked":["Power Through","Clothesline"],"picked":"Pommel Strike","floor":11},{"not_picked":["True Grit","Second Wind"],"picked":"Seeing Red","floor":12},{"not_picked":["Feel No Pain","Anger"],"picked":"True Grit","floor":13},{"not_picked":["Clash","Flex"],"picked":"Barricade","floor":14},{"not_picked":["Heavy Blade","Rupture"],"picked":"Body Slam","floor":15},{"not_picked":["Fiend Fire","Impervious"],"picked":"Bludgeon","floor":16},{"not_picked":["True Grit","Clash","Clothesline"],"picked":"SKIP","floor":18},{"not_picked":["Flex","Dropkick","Twin Strike"],"picked":"SKIP","floor":19}],"player_experience":106389,"relics_obtained":[{"floor":7,"key":"Centennial Puzzle"},{"floor":9,"key":"Orichalcum"},{"floor":10,"key":"Bottled Lightning"},{"floor":13,"key":"Regal Pillow"}],"event_choices":[{"damage_healed":0,"gold_gain":0,"player_choice":"Gave Potion","damage_taken":0,"relics_obtained":["Dream Catcher"],"max_hp_gain":0,"max_hp_loss":0,"event_name":"WeMeetAgain","floor":3,"gold_loss":0},{"damage_healed":0,"gold_gain":0,"player_choice":"Ignored","damage_taken":0,"max_hp_gain":0,"max_hp_loss":0,"event_name":"Cursed Tome","floor":20,"gold_loss":0},{"damage_healed":0,"gold_gain":0,"player_choice":"Inject Mutagens","damage_taken":0,"relics_obtained":["MutagenicStrength"],"max_hp_gain":0,"max_hp_loss":0,"event_name":"Drug Dealer","floor":21,"gold_loss":0}],"is_beta":false,"boss_relics":[{"not_picked":["Tiny House","Black Blood"],"picked":"Astrolabe"}],"items_purged_floors":[],"is_endless":false,"potions_floor_spawned":[1,2,10,11,14,18],"killed_by":"3 Cultists","ascension_level":3}