{"gold_per_floor":[209,110,60,76,24,24,53,67,94,94,119,163,163,204,204,332,332,347,366,7,7],"floor_reached":21,"playtime":997,"items_purged":["Strike_B"],"score":215,"play_id":"730e9fe4-d9c5-4814-a01a-899afc5dee4b","local_time":"20190712012340","is_ascension_mode":true,"campfire_choices":[{"data":"Consume","floor":6,"key":"SMITH"},{"floor":15,"key":"REST"}],"neow_cost":"NONE","seed_source_timestamp":32927971968799,"circlet_count":0,"master_deck":["Strike_B","Strike_B","Defend_B","Defend_B","Defend_B","Defend_B","Zap","Dualcast","Consume+1","Ball Lightning","Gash","Cold Snap","Capacitor","Genetic Algorithm","Sweeping Beam","Leap","Echo Form","Steam","Steam","Loop"],"relics":["Cracked Core","Juzu Bracelet","Anchor","Golden Idol","Odd Mushroom","Mango","Bottled Tornado","Philosopher\u0027s Stone","Calipers"],"potions_floor_usage":[12,14],"damage_taken":[{"damage":2,"enemies":"Small Slimes","floor":1,"turns":3},{"damage":4,"enemies":"Jaw Worm","floor":4,"turns":3},{"damage":13,"enemies":"Lagavulin","floor":7,"turns":6},{"damage":6,"enemies":"2 Louse","floor":8,"turns":3},{"damage":37,"enemies":"The Mushroom Lair","floor":11,"turns":5},{"damage":5,"enemies":"3 Sentries","floor":12,"turns":7},{"damage":3,"enemies":"Gremlin Nob","floor":14,"turns":4},{"damage":29,"enemies":"Hexaghost","floor":16,"turns":11},{"damage":24,"enemies":"Spheric Guardian","floor":18,"turns":4},{"damage":11,"enemies":"Shell Parasite","floor":19,"turns":9},{"damage":65,"enemies":"3 Cultists","floor":21,"turns":5}],"seed_played":"-6847671070331456327","potions_obtained":[{"floor":1,"key":"FocusPotion"},{"floor":12,"key":"Explosive Potion"},{"floor":14,"key":"SmokeBomb"}],"is_trial":false,"path_per_floor":["M","$","?","M","$","R","E","M","T","?","?","E","?","E","R","B",null,"M","M","$","M"],"character_chosen":"DEFECT","items_purchased":["Ball Lightning","Cold Snap","Calipers","Loop"],"campfire_rested":1,"item_purchase_floors":[2,5,20,20],"current_hp_per_floor":[73,73,73,69,69,69,56,50,50,50,13,22,22,19,43,14,83,59,48,48,0],"gold":7,"neow_bonus":"HUNDRED_GOLD","is_prod":false,"is_daily":false,"chose_seed":false,"campfire_upgraded":1,"win_rate":0,"timestamp":1562909020,"path_taken":["M","$","?","M","$","R","E","M","T","?","?","E","?","E","R","BOSS","M","M","$","M"],"build_version":"2019-07-05","purchased_purges":1,"victory":false,"max_hp_per_floor":[75,75,75,75,75,75,75,75,75,69,69,83,83,83,83,83,83,83,83,83,83],"card_choices":[{"not_picked":["Scrape","Rip and Tear"],"picked":"Consume","floor":1},{"not_picked":["Lockon","Blizzard"],"picked":"Gash","floor":4},{"not_picked":["Sweeping Beam","Chill"],"picked":"Capacitor","floor":7},{"not_picked":["Steam Power","Stack"],"picked":"Genetic Algorithm","floor":8},{"not_picked":["Go for the Eyes","Coolheaded"],"picked":"Sweeping Beam","floor":12},{"not_picked":["Meteor Strike","Barrage"],"picked":"Leap","floor":14},{"not_picked":["Fission","Buffer"],"picked":"Echo Form","floor":16},{"not_picked":["Hello World+1","Gash"],"picked":"Steam","floor":18},{"not_picked":["Stack","Compile Driver"],"picked":"Steam","floor":19}],"player_experience":310617,"relics_obtained":[{"floor":7,"key":"Juzu Bracelet"},{"floor":9,"key":"Anchor"},{"floor":11,"key":"Odd Mushroom"},{"floor":12,"key":"Mango"},{"floor":14,"key":"Bottled Tornado"}],"event_choices":[{"cards_removed":["Strike_B"],"damage_healed":0,"gold_gain":0,"player_choice":"Card Removal","damage_taken":0,"max_hp_gain":0,"max_hp_loss":0,"event_name":"The Cleric","floor":3,"gold_loss":50},{"damage_healed":0,"gold_gain":0,"player_choice":"Lose Max HP","damage_taken":0,"relics_obtained":["Golden Idol"],"max_hp_gain":0,"max_hp_loss":6,"event_name":"Golden Idol","floor":10,"gold_loss":0},{"damage_healed":0,"gold_gain":0,"player_choice":"Fought Mushrooms","damage_taken":0,"max_hp_gain":0,"max_hp_loss":0,"event_name":"Mushrooms","floor":11,"gold_loss":0},{"damage_healed":0,"gold_gain":0,"player_choice":"Ignored","damage_taken":0,"max_hp_gain":0,"max_hp_loss":0,"event_name":"Golden Wing","floor":13,"gold_loss":0}],"is_beta":false,"boss_relics":[{"not_picked":["Astrolabe","Empty Cage"],"picked":"Philosopher\u0027s Stone"}],"items_purged_floors":[2],"is_endless":false,"potions_floor_spawned":[1,12,14],"killed_by":"3 Cultists","ascension_level":2}