{"gold_per_floor":[119,44,60,60,34,52,52,85,109,133,152,152,170,186,186,186],"floor_reached":16,"playtime":372,"items_purged":["Strike_B"],"score":148,"play_id":"01d5aab7-c405-4a36-90d4-bbd3b0684bdd","local_time":"20190724224824","is_ascension_mode":true,"campfire_choices":[{"data":"Turbo","floor":7,"key":"SMITH"},{"floor":12,"key":"REST"},{"data":"Consume","floor":15,"key":"SMITH"}],"neow_cost":"NONE","seed_source_timestamp":288913087614800,"circlet_count":0,"master_deck":["Strike_B","Strike_B","Strike_B","Defend_B","Defend_B","Defend_B","Defend_B","Zap+1","Dualcast","Conserve Battery","Consume+1","Sweeping Beam","Turbo+1","Capacitor","Darkness","Coolheaded","Steam"],"relics":["Cracked Core","NeowsBlessing","Boot","Omamori","Anchor"],"potions_floor_usage":[],"damage_taken":[{"damage":0,"enemies":"Jaw Worm","floor":1,"turns":1},{"damage":0,"enemies":"Cultist","floor":3,"turns":1},{"damage":0,"enemies":"2 Louse","floor":6,"turns":1},{"damage":50,"enemies":"Gremlin Nob","floor":8,"turns":5},{"damage":10,"enemies":"2 Fungi Beasts","floor":11,"turns":4},{"damage":0,"enemies":"Blue Slaver","floor":13,"turns":3},{"damage":0,"enemies":"Red Slaver","floor":14,"turns":4},{"damage":38,"enemies":"Slime Boss","floor":16,"turns":5}],"seed_played":"4985246074624107254","potions_obtained":[{"floor":6,"key":"SteroidPotion"},{"floor":8,"key":"Energy Potion"},{"floor":14,"key":"Ancient Potion"}],"is_trial":false,"path_per_floor":["M","$","M","?","$","M","R","E","T","T","M","R","M","M","R","B"],"character_chosen":"DEFECT","items_purchased":["Sweeping Beam"],"campfire_rested":1,"item_purchase_floors":[5],"current_hp_per_floor":[68,68,68,68,68,68,68,18,18,18,8,30,30,30,30,0],"gold":186,"neow_bonus":"THREE_ENEMY_KILL","is_prod":false,"is_daily":false,"chose_seed":false,"campfire_upgraded":2,"win_rate":0,"timestamp":1564022904,"path_taken":["M","$","M","?","$","?","R","E","T","?","?","R","M","M","R","BOSS"],"build_version":"2019-07-17","purchased_purges":1,"victory":false,"max_hp_per_floor":[75,75,75,75,75,75,75,75,75,75,75,75,75,75,75,75],"card_choices":[{"not_picked":["Turbo","Loop"],"picked":"Conserve Battery","floor":1},{"not_picked":["Beam Cell","Gash"],"picked":"Consume","floor":3},{"not_picked":["Hologram","Undo"],"picked":"Turbo","floor":6},{"not_picked":["Reinforced Body","Cold Snap"],"picked":"Capacitor","floor":8},{"not_picked":["Reinforced Body","Doom and Gloom"],"picked":"Darkness","floor":11},{"not_picked":["Compile Driver","Beam Cell"],"picked":"Coolheaded","floor":13},{"not_picked":["Turbo","Fusion"],"picked":"Steam","floor":14}],"player_experience":504246,"relics_obtained":[{"floor":8,"key":"Boot"},{"floor":9,"key":"Omamori"},{"floor":10,"key":"Anchor"}],"event_choices":[{"damage_healed":0,"gold_gain":0,"player_choice":"Forge","damage_taken":0,"max_hp_gain":0,"max_hp_loss":0,"event_name":"Accursed Blacksmith","floor":4,"gold_loss":0,"cards_upgraded":["Zap"]}],"is_beta":false,"boss_relics":[],"items_purged_floors":[2],"is_endless":false,"potions_floor_spawned":[6,8,14],"killed_by":"Slime Boss","ascension_level":9}