{"gold_per_floor":[115,38,49,26,40,66,66,66,90,151,171,171,206,275,275,379,379,394,319,332,332,348,348,363,363,363,388,388,402,416,416],"floor_reached":31,"playtime":8418,"items_purged":[],"score":423,"play_id":"07112410-4b82-4139-9737-0736dcac743c","local_time":"20180703170425","is_ascension_mode":true,"campfire_choices":[{"floor":8,"key":"REST"},{"floor":12,"key":"REST"},{"floor":15,"key":"REST"},{"floor":23,"key":"REST"},{"floor":25,"key":"REST"},{"data":"A Thousand Cuts","floor":28,"key":"SMITH"}],"neow_cost":"NONE","seed_source_timestamp":1255094264760858,"circlet_count":0,"master_deck":["Defend_G","Defend_G","Defend_G","Defend_G","Defend_G","Survivor","Neutralize","Dash","Dagger Spray","Footwork","Backstab","Dagger Throw","Well Laid Plans","Flying Knee","Leg Sweep","Endless Agony","Blur","A Thousand Cuts+1","Infinite Blades+1","Noxious Fumes+1","Corpse Explosion+1","Predator","Caltrops","Footwork","PiercingWail+1","All Out Attack+1","Bane","Terror","Outmaneuver","Deadly Poison+1"],"relics":["Ring of the Snake","Dream Catcher","Ancient Tea Set","Tiny Chest","Mummified Hand","Astrolabe","Smiling Mask","Potion Belt"],"potions_floor_usage":[6,16,16,22,29],"damage_taken":[{"damage":2,"enemies":"Jaw Worm","floor":1,"turns":4},{"damage":1,"enemies":"Small Slimes","floor":3,"turns":4},{"damage":0,"enemies":"2 Louse","floor":5,"turns":2},{"damage":19,"enemies":"Lagavulin","floor":6,"turns":12},{"damage":26,"enemies":"Gremlin Nob","floor":10,"turns":5},{"damage":0,"enemies":"2 Fungi Beasts","floor":11,"turns":3},{"damage":0,"enemies":"3 Sentries","floor":13,"turns":8},{"damage":1,"enemies":"The Guardian","floor":16,"turns":20},{"damage":23,"enemies":"Chosen","floor":18,"turns":5},{"damage":10,"enemies":"Spheric Guardian","floor":20,"turns":4},{"damage":12,"enemies":"Snake Plant","floor":22,"turns":7},{"damage":3,"enemies":"Centurion and Healer","floor":24,"turns":7},{"damage":0,"enemies":"Gremlin Leader","floor":27,"turns":8},{"damage":25,"enemies":"Slaver and Parasite","floor":29,"turns":6},{"damage":28,"enemies":"Cultist and Chosen","floor":30,"turns":6},{"damage":19,"enemies":"Snake Plant","floor":31,"turns":1}],"seed_played":"-5865943873299760470","potions_obtained":[{"floor":1,"key":"EssenceOfSteel"},{"floor":6,"key":"FairyPotion"},{"floor":10,"key":"Energy Potion"},{"floor":13,"key":"SpeedPotion"},{"floor":16,"key":"FearPotion"},{"floor":20,"key":"Fire Potion"},{"floor":22,"key":"GamblersBrew"}],"is_trial":false,"path_per_floor":["M","$","M","$","M","E","$","R","T","E","M","R","E","?","R","B",null,"M","?","M","?","M","R","M","R","T","E","R","M","M"],"character_chosen":"THE_SILENT","items_purchased":["Footwork","Dagger Throw"],"campfire_rested":5,"item_purchase_floors":[2,4],"current_hp_per_floor":[61,61,60,60,60,41,41,62,62,36,36,57,57,57,70,69,70,47,47,37,37,25,46,43,64,64,64,64,39,11,0],"gold":416,"neow_bonus":"TRANSFORM_CARD","is_prod":false,"is_daily":false,"chose_seed":false,"campfire_upgraded":1,"win_rate":0,"timestamp":1530633865,"path_taken":["M","$","M","$","M","E","$","R","T","E","M","R","E","?","R","BOSS","M","?","?","?","M","R","M","R","T","E","R","M","M","M"],"build_version":"2018-06-28","purchased_purges":0,"victory":false,"max_hp_per_floor":[70,70,70,70,70,70,70,70,70,70,70,70,70,70,70,70,70,70,70,70,70,70,70,70,70,70,70,70,70,70,70],"card_choices":[{"not_picked":["Concentrate","Dagger Throw"],"picked":"Dagger Spray","floor":1},{"not_picked":["Slice","Bane"],"picked":"Backstab","floor":3},{"not_picked":["Bane","Dagger Throw","Setup"],"picked":"SKIP","floor":5},{"not_picked":["Caltrops","Leg Sweep"],"picked":"Well Laid Plans","floor":6},{"not_picked":["Dash","Bane"],"picked":"Flying Knee","floor":10},{"not_picked":["Dash","Deadly Poison"],"picked":"Leg Sweep","floor":11},{"not_picked":["Acrobatics","Outmaneuver"],"picked":"Endless Agony","floor":13},{"not_picked":["Quick Slash","Bouncing Flask"],"picked":"Blur","floor":15},{"not_picked":["Unload","Glass Knife"],"picked":"A Thousand Cuts","floor":16},{"not_picked":["Deadly Poison","Dagger Spray"],"picked":"Predator","floor":18},{"not_picked":["Catalyst","Deflect"],"picked":"Caltrops","floor":20},{"not_picked":["Bane","Slice"],"picked":"Footwork","floor":22},{"not_picked":["Deadly Poison","Skewer"],"picked":"PiercingWail+1","floor":23},{"not_picked":["Deadly Poison+1","Quick Slash"],"picked":"All Out Attack+1","floor":24},{"not_picked":["Burst","Expertise"],"picked":"Bane","floor":25},{"not_picked":["Escape Plan","Underhanded Strike+1"],"picked":"Terror","floor":27},{"not_picked":["Slice+1","Deadly Poison+1"],"picked":"Outmaneuver","floor":29},{"not_picked":["Terror","Choke"],"picked":"Deadly Poison+1","floor":30}],"player_experience":306402,"relics_obtained":[{"floor":6,"key":"Dream Catcher"},{"floor":9,"key":"Ancient Tea Set"},{"floor":10,"key":"Tiny Chest"},{"floor":13,"key":"Mummified Hand"},{"floor":26,"key":"Smiling Mask"},{"floor":27,"key":"Potion Belt"}],"event_choices":[{"event_name":"Golden Wing","player_choice":"Gained Gold","floor":14,"damage_taken":0},{"event_name":"Beggar","player_choice":"Gave Gold","floor":19,"damage_taken":0},{"event_name":"Ghosts","player_choice":"Ignored","floor":21,"damage_taken":0}],"boss_relics":[{"not_picked":["Black Star","Snecko Eye"],"picked":"Astrolabe"}],"items_purged_floors":[],"is_endless":false,"potions_floor_spawned":[1,6,10,13,16,20,22],"killed_by":"Snake Plant","ascension_level":6}