{"path_per_floor":["M","?","?","M","M","R","M","R","T","M","M","?","M","M","R"],"character_chosen":"IRONCLAD","items_purchased":[],"gold_per_floor":[210,385,385,403,423,423,393,393,420,433,457,536,561,582,582,582],"floor_reached":16,"campfire_rested":1,"playtime":1035,"item_purchase_floors":[],"current_hp_per_floor":[80,80,80,73,79,79,73,73,73,63,63,50,45,38,62,0],"items_purged":[],"gold":582,"score":94,"play_id":"1c1992af-9bd7-4e72-8cd2-e0150e87603e","local_time":"20180622185135","is_prod":false,"is_daily":false,"chose_seed":false,"is_ascension_mode":false,"campfire_upgraded":2,"win_rate":0.0,"timestamp":1529689895,"campfire_choices":[{"data":"Cleave","floor":6,"key":"SMITH"},{"data":"Twin Strike","floor":8,"key":"SMITH"},{"floor":15,"key":"REST"}],"path_taken":["M","?","?","M","M","R","M","R","T","M","M","?","?","M","R","BOSS"],"build_version":"2018-06-21","seed_source_timestamp":318498665805522,"purchased_purges":0,"circlet_count":0,"victory":false,"master_deck":["Strike_R","Strike_R","Strike_R","Strike_R","Strike_R","Defend_R","Defend_R","Defend_R","Defend_R","Bash","Spot Weakness","Doubt","Injury","Cleave+1","Thunderclap","Twin Strike+1","Headbutt","Dropkick","Heavy Blade","Dropkick","Carnage"],"max_hp_per_floor":[80,80,80,80,80,80,80,80,80,80,80,80,80,80,80,80],"relics":["Burning Blood","Golden Idol","Bag of Marbles","Matryoshka"],"card_choices":[{"not_picked":["Rampage","Wild Strike"],"picked":"Spot Weakness","floor":1},{"not_picked":["Power Through","Combust"],"picked":"Cleave","floor":4},{"not_picked":["Sever Soul","True Grit"],"picked":"Thunderclap","floor":5},{"not_picked":["Fire Breathing","Armaments"],"picked":"Twin Strike","floor":7},{"not_picked":["Perfected Strike","Whirlwind"],"picked":"Headbutt","floor":10},{"not_picked":["Sever Soul","Corruption"],"picked":"Dropkick","floor":11},{"not_picked":["Wild Strike","Disarm"],"picked":"Heavy Blade","floor":12},{"not_picked":["Metallicize","Clash"],"picked":"Dropkick","floor":13},{"not_picked":["Rage","Pommel Strike"],"picked":"Carnage","floor":14}],"player_experience":60785,"potions_floor_usage":[7,12,12,16,16],"damage_taken":[{"damage":0,"enemies":"Small Slimes","floor":1,"turns":3},{"damage":13,"enemies":"Jaw Worm","floor":4,"turns":3},{"damage":0,"enemies":"2 Louse","floor":5,"turns":3},{"damage":20,"enemies":"Looter","floor":7,"turns":4},{"damage":16,"enemies":"Large Slime","floor":10,"turns":2},{"damage":6,"enemies":"3 Louse","floor":11,"turns":2},{"damage":19,"enemies":"3 Sentries","floor":12,"turns":5},{"damage":11,"enemies":"Red Slaver","floor":13,"turns":4},{"damage":13,"enemies":"Lots of Slimes","floor":14,"turns":3},{"damage":82,"enemies":"Slime Boss","floor":16,"turns":11}],"relics_obtained":[{"floor":9,"key":"Bag of Marbles"},{"floor":12,"key":"Matryoshka"}],"event_choices":[{"event_name":"Liars Game","player_choice":"agreed","floor":2,"damage_taken":0},{"event_name":"Golden Idol","player_choice":"Take Wound","floor":3,"damage_taken":0},{"event_name":"Dead Adventurer","player_choice":"Searched \u00272\u0027 times","floor":12,"damage_taken":0}],"boss_relics":[],"items_purged_floors":[],"is_endless":false,"potions_floor_spawned":[1,4,10,12,13],"seed_played":"-2317796776395542076","killed_by":"Slime Boss","ascension_level":0,"potions_obtained":[{"floor":1,"key":"BloodPotion"},{"floor":4,"key":"Fire Potion"},{"floor":10,"key":"FearPotion"},{"floor":12,"key":"Dexterity Potion"},{"floor":13,"key":"Regen Potion"}],"is_trial":false}