{"gold_per_floor":[115,115,130,55,75,75,102,102,102,116,116,126,139,139,139,236,236,256,256,276,100,117,117,133,145,145,145,145,145,162,162,162,264,264,284,300,65,65,65,65,65],"floor_reached":41,"playtime":2531,"items_purged":["Strike_G","Strike_G"],"score":479,"play_id":"1707bd4d-ced7-4355-b0f6-2ed6e34d3c9e","local_time":"20181130095807","is_ascension_mode":true,"campfire_choices":[{"data":"Cloak And Dagger","floor":6,"key":"SMITH"},{"data":"Neutralize","floor":11,"key":"SMITH"},{"data":"Envenom","floor":15,"key":"SMITH"},{"data":"Noxious Fumes","floor":23,"key":"SMITH"},{"floor":27,"key":"REST"},{"floor":29,"key":"REST"},{"data":"Venomology","floor":32,"key":"SMITH"},{"floor":40,"key":"REST"}],"neow_cost":"NONE","seed_source_timestamp":145770036299414,"circlet_count":0,"master_deck":["Defend_G","Defend_G","Defend_G","Defend_G","Defend_G","Survivor","Neutralize+1","Madness","Slice","Flying Knee","Cloak And Dagger+1","Leg Sweep+1","PiercingWail","Envenom+1","Venomology+1","Terror+1","Dagger Spray+1","Noxious Fumes+1","Backflip","Blade Dance","Deadly Poison+1","Infinite Blades","Bite","Bite","Bite","Bite","Bite","Blade Dance+1","Footwork"],"relics":["Ring of the Snake","Question Card","Vajra","WristBlade","Singing Bowl","MutagenicStrength","Snake Skull"],"potions_floor_usage":[7,7,16,18,18,22,24,24,25,33,36,39,39,41,41],"damage_taken":[{"damage":0,"enemies":"Jaw Worm","floor":1,"turns":5},{"damage":0,"enemies":"Cultist","floor":3,"turns":4},{"damage":0,"enemies":"Small Slimes","floor":5,"turns":3},{"damage":11,"enemies":"Lagavulin","floor":7,"turns":8},{"damage":0,"enemies":"Red Slaver","floor":10,"turns":4},{"damage":0,"enemies":"Blue Slaver","floor":12,"turns":3},{"damage":0,"enemies":"Looter","floor":13,"turns":3},{"damage":14,"enemies":"The Guardian","floor":16,"turns":16},{"damage":3,"enemies":"Shell Parasite","floor":18,"turns":4},{"damage":26,"enemies":"Spheric Guardian","floor":20,"turns":5},{"damage":1,"enemies":"Centurion and Healer","floor":22,"turns":8},{"damage":20,"enemies":"3 Cultists","floor":24,"turns":7},{"damage":6,"enemies":"Snake Plant","floor":25,"turns":4},{"damage":0,"enemies":"Centurion and Healer","floor":30,"turns":5},{"damage":11,"enemies":"Collector","floor":33,"turns":7},{"damage":12,"enemies":"3 Shapes","floor":35,"turns":4},{"damage":3,"enemies":"Orb Walker","floor":36,"turns":2},{"damage":45,"enemies":"Sphere and 2 Shapes","floor":39,"turns":9},{"damage":25,"enemies":"Maw","floor":41,"turns":5}],"seed_played":"-5432605858882601964","potions_obtained":[{"floor":2,"key":"GhostInAJar"},{"floor":2,"key":"GamblersBrew"},{"floor":2,"key":"PowerPotion"},{"floor":3,"key":"Poison Potion"},{"floor":5,"key":"AttackPotion"},{"floor":10,"key":"SteroidPotion"},{"floor":13,"key":"Explosive Potion"},{"floor":20,"key":"Poison Potion"},{"floor":22,"key":"PowerPotion"},{"floor":24,"key":"SteroidPotion"},{"floor":25,"key":"FearPotion"},{"floor":36,"key":"PowerPotion"}],"is_trial":false,"path_per_floor":["M","?","M","$","M","R","E","?","T","M","R","M","M","?","R","B",null,"M","?","M","$","M","R","M","M","T","R","?","R","M","?","R","B",null,"M","M","$","?","M","R","M"],"character_chosen":"THE_SILENT","items_purchased":["Noxious Fumes","Snake Skull","Footwork"],"campfire_rested":3,"item_purchase_floors":[21,37,37],"current_hp_per_floor":[70,70,70,70,70,70,59,59,59,59,59,59,59,52,52,38,70,67,67,41,41,40,40,20,14,14,35,35,56,56,49,49,50,51,43,44,44,44,3,18,0],"gold":65,"neow_bonus":"RANDOM_COLORLESS","is_prod":false,"is_daily":false,"chose_seed":false,"campfire_upgraded":5,"win_rate":0,"timestamp":1543571887,"path_taken":["M","?","M","$","?","R","E","?","T","?","R","M","M","?","R","BOSS","M","?","M","$","M","R","M","M","T","R","?","R","M","?","R","BOSS","M","M","$","?","M","R","M"],"build_version":"2018-11-15","purchased_purges":2,"victory":false,"max_hp_per_floor":[70,70,70,70,70,70,70,70,70,70,70,70,70,70,70,70,70,70,70,70,70,70,70,70,70,70,70,70,70,70,49,49,51,51,51,53,53,53,53,53,53],"card_choices":[{"not_picked":["Outmaneuver","Skewer"],"picked":"Slice","floor":1},{"not_picked":["Heel Hook","Blur"],"picked":"Flying Knee","floor":3},{"not_picked":["Dodge and Roll","Blade Dance"],"picked":"Cloak And Dagger","floor":5},{"not_picked":["Backflip","Flying Knee"],"picked":"Leg Sweep","floor":7},{"not_picked":["Blade Dance","Doppelganger","Deflect"],"picked":"PiercingWail","floor":10},{"not_picked":["Prepared","Dash","Underhanded Strike","Masterful Stab"],"picked":"SKIP","floor":12},{"not_picked":["Flechettes","Underhanded Strike","Finisher"],"picked":"Envenom","floor":13},{"not_picked":["Unload","Glass Knife","Storm of Steel"],"picked":"Venomology","floor":16},{"not_picked":["Dagger Spray+1","Crippling Poison","Setup+1"],"picked":"Terror+1","floor":18},{"not_picked":["PiercingWail+1","Outmaneuver","Prepared"],"picked":"Dagger Spray+1","floor":20},{"not_picked":["All Out Attack","Reflex","Deadly Poison+1"],"picked":"Backflip","floor":22},{"not_picked":["Setup","Underhanded Strike+1","PiercingWail"],"picked":"Blade Dance","floor":24},{"not_picked":["Burst","Reflex","Quick Slash+1"],"picked":"Deadly Poison+1","floor":25},{"not_picked":["Catalyst","Blur","Deadly Poison"],"picked":"Infinite Blades","floor":30},{"not_picked":["Burst","Doppelganger","Grand Finale","Die Die Die"],"picked":"Singing Bowl","floor":33},{"not_picked":["All Out Attack","Deflect","Outmaneuver"],"picked":"Blade Dance+1","floor":35},{"not_picked":["Predator","Quick Slash","Crippling Poison+1","Riddle With Holes+1"],"picked":"Singing Bowl","floor":36}],"player_experience":227381,"relics_obtained":[{"floor":7,"key":"Question Card"},{"floor":9,"key":"Vajra"},{"floor":26,"key":"Singing Bowl"}],"event_choices":[{"damage_healed":0,"gold_gain":0,"player_choice":"Got Potions","damage_taken":0,"max_hp_gain":0,"max_hp_loss":0,"event_name":"Lab","floor":2,"gold_loss":0},{"damage_healed":0,"gold_gain":0,"player_choice":"Forge","damage_taken":0,"max_hp_gain":0,"max_hp_loss":0,"event_name":"Accursed Blacksmith","floor":8,"gold_loss":0,"cards_upgraded":["Leg Sweep"]},{"cards_removed":["Strike_G"],"damage_healed":0,"gold_gain":0,"player_choice":"Card Removal","damage_taken":7,"max_hp_gain":0,"max_hp_loss":0,"event_name":"Golden Wing","floor":14,"gold_loss":0},{"damage_healed":0,"gold_gain":0,"player_choice":"Ignored","damage_taken":0,"max_hp_gain":0,"max_hp_loss":0,"event_name":"The Mausoleum","floor":19,"gold_loss":0},{"damage_healed":0,"gold_gain":0,"player_choice":"Inject Mutagens","damage_taken":0,"relics_obtained":["MutagenicStrength"],"max_hp_gain":0,"max_hp_loss":0,"event_name":"Drug Dealer","floor":28,"gold_loss":0},{"damage_healed":0,"gold_gain":0,"player_choice":"Became a vampire","damage_taken":0,"max_hp_gain":0,"max_hp_loss":21,"event_name":"Vampires","floor":31,"gold_loss":0,"cards_obtained":["Bite","Bite","Bite","Bite","Bite"]},{"damage_healed":0,"gold_gain":0,"player_choice":"Ignored","damage_taken":0,"max_hp_gain":0,"max_hp_loss":0,"event_name":"Mysterious Sphere","floor":38,"gold_loss":0}],"is_beta":false,"boss_relics":[{"not_picked":["Philosopher\u0027s Stone","Ring of the Serpent"],"picked":"WristBlade"},{"not_picked":["Calling Bell","Astrolabe","Black Star"]}],"items_purged_floors":[4,21],"is_endless":false,"potions_floor_spawned":[3,5,10,13,20,22,24,25,36,39],"killed_by":"Maw","ascension_level":3}