{"gold_per_floor":[116,66,82,82,7,7,17,42,42,42,69,69,96,109,109,204,204,217,217,142,241,241,273,2,12,12,12,22,49,49,66,66,171,171,183,183,65,65,75,101,101,201,201,228,228,246,22,49,49,49],"floor_reached":51,"playtime":4852,"items_purged":["Defend_G","Defend_G","Injury"],"score":1100,"play_id":"f5a7b7b5-88a3-4f15-a9b7-709b6c14c50a","local_time":"20190720182836","is_ascension_mode":true,"campfire_choices":[{"data":"Heel Hook","floor":6,"key":"SMITH"},{"data":"Sucker Punch","floor":12,"key":"SMITH"},{"floor":15,"key":"REST"},{"data":"Tools of the Trade","floor":27,"key":"SMITH"},{"data":"Tactician","floor":32,"key":"SMITH"},{"data":"Footwork","floor":41,"key":"SMITH"},{"data":"Apotheosis","floor":49,"key":"SMITH"}],"neow_cost":"NONE","seed_source_timestamp":334554264279900,"circlet_count":0,"master_deck":["Defend_G+1","Defend_G+1","Defend_G+1","Survivor","Neutralize+1","Heel Hook+1","Noxious Fumes+1","Flying Knee","Sucker Punch+1","Deflect","Adrenaline","Tools of the Trade+1","Dagger Spray+1","Bite+1","Bite+1","Bite+1","Bite+1","Backflip","Acrobatics","Underhanded Strike+1","Tactician+1","Phantasmal Killer","Cloak And Dagger","Footwork+1","Well Laid Plans","Prepared","Deadly Poison+1","After Image","PiercingWail","Apotheosis+1","Acrobatics+1","Catalyst","Outmaneuver","Backflip"],"relics":["Ring of the Snake","Bottled Tornado","The Courier","Molten Egg 2","Dream Catcher","Philosopher\u0027s Stone","Pen Nib","Pear","Tingsha","Happy Flower","Cursed Key","Pocketwatch","Incense Burner","Anchor","FossilizedHelix","Oddly Smooth Stone"],"potions_floor_usage":[16,18,31,33,50],"damage_taken":[{"damage":0,"enemies":"Jaw Worm","floor":1,"turns":5},{"damage":0,"enemies":"Small Slimes","floor":3,"turns":4},{"damage":1,"enemies":"2 Louse","floor":7,"turns":3},{"damage":11,"enemies":"3 Sentries","floor":8,"turns":6},{"damage":18,"enemies":"Lagavulin","floor":11,"turns":6},{"damage":11,"enemies":"2 Fungi Beasts","floor":14,"turns":3},{"damage":8,"enemies":"Hexaghost","floor":16,"turns":11},{"damage":0,"enemies":"Shell Parasite","floor":18,"turns":6},{"damage":38,"enemies":"Book of Stabbing","floor":23,"turns":7},{"damage":0,"enemies":"Spheric Guardian","floor":25,"turns":4},{"damage":1,"enemies":"Centurion and Healer","floor":28,"turns":5},{"damage":12,"enemies":"Gremlin Leader","floor":29,"turns":6},{"damage":0,"enemies":"Snecko","floor":31,"turns":4},{"damage":39,"enemies":"Collector","floor":33,"turns":10},{"damage":13,"enemies":"3 Darklings","floor":35,"turns":6},{"damage":2,"enemies":"3 Shapes","floor":39,"turns":4},{"damage":34,"enemies":"Nemesis","floor":40,"turns":7},{"damage":0,"enemies":"Mind Bloom Boss Battle","floor":42,"turns":2},{"damage":8,"enemies":"Giant Head","floor":44,"turns":9},{"damage":0,"enemies":"Spire Growth","floor":46,"turns":4},{"damage":0,"enemies":"Reptomancer","floor":48,"turns":5},{"damage":0,"enemies":"Time Eater","floor":50,"turns":8}],"seed_played":"-8019864930221682007","potions_obtained":[{"floor":14,"key":"SkillPotion"},{"floor":16,"key":"Energy Potion"},{"floor":18,"key":"SteroidPotion"},{"floor":25,"key":"Swift Potion"},{"floor":31,"key":"SneckoOil"},{"floor":33,"key":"Weak Potion"},{"floor":35,"key":"Dexterity Potion"},{"floor":39,"key":"SmokeBomb"},{"floor":40,"key":"PowerPotion"}],"is_trial":false,"path_per_floor":["M","?","M","?","$","R","M","E","T","$","E","R","T","M","R","B",null,"M","?","?","?","?","E","$","M","T","R","M","E","?","M","R","B",null,"M","?","$","?","M","E","R","?","T","E","?","M","$","E","R","B",null],"character_chosen":"THE_SILENT","items_purchased":["Pear","Footwork","Well Laid Plans","Prepared","Catalyst","Outmaneuver","Backflip"],"campfire_rested":1,"item_purchase_floors":[24,37,37,37,47,47,47],"current_hp_per_floor":[63,63,63,63,63,63,62,51,51,51,33,33,33,22,43,35,61,61,49,49,49,49,20,30,48,48,48,59,56,56,59,59,53,58,59,59,59,56,56,35,35,38,38,48,48,56,56,56,56,56],"gold":49,"neow_bonus":"UPGRADE_CARD","is_prod":false,"is_daily":false,"chose_seed":false,"campfire_upgraded":6,"win_rate":0,"timestamp":1563661716,"path_taken":["M","?","M","?","$","R","M","E","T","$","E","R","?","M","R","BOSS","M","?","?","?","?","E","$","M","T","R","M","E","?","M","R","BOSS","M","?","$","?","M","E","R","?","T","E","?","M","$","E","R","BOSS"],"build_version":"2019-07-17","purchased_purges":3,"victory":true,"max_hp_per_floor":[70,70,70,70,70,70,70,70,70,70,70,70,70,70,70,70,70,70,49,49,49,49,49,59,59,59,59,59,59,59,59,59,59,59,59,59,59,56,56,56,56,56,56,56,56,56,56,56,56,56],"card_choices":[{"not_picked":["PiercingWail","Skewer"],"picked":"Heel Hook","floor":1},{"not_picked":["Cloak And Dagger","Bane"],"picked":"Noxious Fumes","floor":3},{"not_picked":["Grand Finale","Distraction"],"picked":"Flying Knee","floor":7},{"not_picked":["Blade Dance","Deflect"],"picked":"Sucker Punch","floor":8},{"not_picked":["Slice","Dagger Spray","Choke"],"picked":"SKIP","floor":11},{"not_picked":["Sucker Punch+1","Expertise"],"picked":"Deflect","floor":14},{"not_picked":["Prepared","Blade Dance"],"picked":"Adrenaline","floor":15},{"not_picked":["Night Terror","Adrenaline"],"picked":"Tools of the Trade","floor":16},{"not_picked":["Accuracy","Flechettes+1"],"picked":"Dagger Spray+1","floor":18},{"not_picked":["Backstab+1","Dagger Spray+1"],"picked":"PiercingWail+1","floor":23},{"not_picked":["Flying Knee+1","Slice+1"],"picked":"Acrobatics","floor":25},{"not_picked":["Die Die Die+1","Acrobatics"],"picked":"Underhanded Strike+1","floor":28},{"not_picked":["Blade Dance","Flying Knee+1"],"picked":"Tactician","floor":29},{"not_picked":["Poisoned Stab+1","Dagger Spray+1","Slice+1"],"picked":"SKIP","floor":31},{"not_picked":["Wraith Form v2","Storm of Steel"],"picked":"Phantasmal Killer","floor":33},{"not_picked":["Setup","Dagger Spray+1"],"picked":"Cloak And Dagger","floor":35},{"not_picked":["All Out Attack+1","Deflect"],"picked":"Deadly Poison+1","floor":39},{"not_picked":["Sucker Punch+1","Reflex"],"picked":"After Image","floor":40},{"not_picked":["Infinite Blades","Backflip"],"picked":"PiercingWail","floor":44},{"not_picked":["Forethought","Finesse"],"picked":"Apotheosis","floor":45},{"not_picked":["Leg Sweep+1","PiercingWail+1"],"picked":"Acrobatics+1","floor":46},{"not_picked":["Prepared","Sucker Punch+1","Riddle With Holes+1"],"picked":"SKIP","floor":48}],"player_experience":448017,"relics_obtained":[{"floor":8,"key":"Bottled Tornado"},{"floor":9,"key":"The Courier"},{"floor":11,"key":"Molten Egg 2"},{"floor":13,"key":"Dream Catcher"},{"floor":23,"key":"Pen Nib"},{"floor":26,"key":"Tingsha"},{"floor":29,"key":"Happy Flower"},{"floor":40,"key":"Pocketwatch"},{"floor":42,"key":"Incense Burner"},{"floor":43,"key":"Anchor"},{"floor":44,"key":"FossilizedHelix"},{"floor":48,"key":"Oddly Smooth Stone"}],"event_choices":[{"cards_removed":["Strike_G"],"damage_healed":0,"gold_gain":0,"player_choice":"Card Removal","damage_taken":0,"max_hp_gain":0,"max_hp_loss":0,"event_name":"The Cleric","floor":2,"gold_loss":50},{"damage_healed":0,"gold_gain":0,"player_choice":"Grow","damage_taken":0,"max_hp_gain":0,"max_hp_loss":0,"event_name":"Living Wall","floor":4,"gold_loss":0,"cards_upgraded":["Noxious Fumes"]},{"damage_healed":0,"gold_gain":0,"player_choice":"Became a vampire","damage_taken":0,"max_hp_gain":0,"max_hp_loss":21,"event_name":"Vampires","floor":19,"gold_loss":0,"cards_obtained":["Bite","Bite","Bite","Bite","Bite"]},{"cards_removed":["Bite"],"damage_healed":0,"gold_gain":0,"player_choice":"Gave Gold","damage_taken":0,"max_hp_gain":0,"max_hp_loss":0,"event_name":"Beggar","floor":20,"gold_loss":75},{"damage_healed":0,"gold_gain":99,"player_choice":"Stole From Cult","damage_taken":0,"max_hp_gain":0,"max_hp_loss":0,"event_name":"Nest","floor":21,"gold_loss":0},{"damage_healed":0,"gold_gain":0,"player_choice":"Read","damage_taken":0,"max_hp_gain":0,"max_hp_loss":0,"event_name":"The Library","floor":22,"gold_loss":0,"cards_obtained":["Backflip"]},{"damage_healed":0,"gold_gain":0,"player_choice":"Simplicity","damage_taken":0,"max_hp_gain":0,"max_hp_loss":0,"event_name":"Back to Basics","floor":30,"gold_loss":0,"cards_upgraded":["Defend_G","Defend_G","Defend_G"]},{"cards_removed":["PiercingWail"],"damage_healed":0,"gold_gain":0,"player_choice":"Removed Skill","damage_taken":0,"max_hp_gain":0,"max_hp_loss":0,"event_name":"Falling","floor":36,"gold_loss":0},{"damage_healed":0,"gold_gain":0,"player_choice":"Max HP","damage_taken":0,"max_hp_gain":0,"max_hp_loss":3,"event_name":"Winding Halls","floor":38,"gold_loss":0},{"damage_healed":0,"gold_gain":0,"player_choice":"Fight","damage_taken":0,"max_hp_gain":0,"max_hp_loss":0,"event_name":"MindBloom","floor":42,"gold_loss":0},{"damage_healed":0,"gold_gain":0,"player_choice":"Memory 1","damage_taken":0,"max_hp_gain":0,"max_hp_loss":0,"event_name":"SensoryStone","floor":45,"gold_loss":0}],"is_beta":false,"boss_relics":[{"not_picked":["Astrolabe","Ring of the Serpent"],"picked":"Philosopher\u0027s Stone"},{"not_picked":["Pandora\u0027s Box","Runic Dome"],"picked":"Cursed Key"}],"items_purged_floors":[5,24,47],"is_endless":false,"potions_floor_spawned":[14,16,18,25,31,33,35,39,40,44],"ascension_level":6}