{"gold_per_floor":[15,15,27,27,40,40,65,65,133,5,36,54,54,67,67,167,167,107,107,107,36,36,36,36],"floor_reached":24,"playtime":886,"items_purged":[],"score":247,"play_id":"397f2972-b049-4e43-890b-ea95dc98ecda","local_time":"20190715104318","is_ascension_mode":true,"campfire_choices":[{"data":"Ball Lightning","floor":6,"key":"SMITH"},{"floor":13,"key":"REST"},{"data":"Capacitor","floor":15,"key":"SMITH"},{"data":"Capacitor","floor":23,"key":"SMITH"}],"neow_cost":"NO_GOLD","seed_source_timestamp":220170877016500,"circlet_count":0,"master_deck":["Strike_B","Strike_B","Strike_B","Defend_B","Defend_B","Defend_B","Zap+1","Dualcast","Force Field","Capacitor+1","Ball Lightning+1","Sweeping Beam+1","Rainbow+1","Loop","Redo+1","BootSequence+1","Fission+1","Conserve Battery+1","Ball Lightning+1","Capacitor+1"],"relics":["Cracked Core","Lantern","Molten Egg 2","Toxic Egg 2","Potion Belt","Ectoplasm"],"potions_floor_usage":[11,16,16],"damage_taken":[{"damage":2,"enemies":"2 Louse","floor":1,"turns":2},{"damage":0,"enemies":"Small Slimes","floor":3,"turns":3},{"damage":0,"enemies":"Cultist","floor":5,"turns":3},{"damage":25,"enemies":"Lagavulin","floor":7,"turns":6},{"damage":22,"enemies":"Gremlin Nob","floor":11,"turns":4},{"damage":8,"enemies":"Red Slaver","floor":12,"turns":3},{"damage":26,"enemies":"3 Louse","floor":14,"turns":3},{"damage":7,"enemies":"The Guardian","floor":16,"turns":10},{"damage":15,"enemies":"2 Thieves","floor":18,"turns":4},{"damage":0,"enemies":"Chosen","floor":19,"turns":4},{"damage":11,"enemies":"Snecko","floor":22,"turns":6},{"damage":58,"enemies":"Book of Stabbing","floor":24,"turns":5}],"seed_played":"835443229754212495","potions_obtained":[{"floor":1,"key":"Regen Potion"},{"floor":5,"key":"Dexterity Potion"},{"floor":11,"key":"Weak Potion"},{"floor":22,"key":"SteroidPotion"}],"is_trial":false,"path_per_floor":["M","?","M","?","M","R","E","?","T","$","E","M","R","M","R","B",null,"M","M","?","$","M","R","E"],"character_chosen":"DEFECT","items_purchased":["Sweeping Beam+1","Rainbow+1","Capacitor"],"campfire_rested":1,"item_purchase_floors":[10,10,21],"current_hp_per_floor":[73,73,73,78,78,78,53,41,41,41,28,20,44,18,18,11,80,65,65,65,65,54,54,0],"gold":36,"neow_bonus":"TRANSFORM_TWO_CARDS","is_prod":false,"is_daily":false,"chose_seed":false,"campfire_upgraded":3,"win_rate":0,"timestamp":1563201798,"path_taken":["M","?","M","?","M","R","E","?","T","?","E","M","R","M","R","BOSS","M","M","?","$","M","R","E"],"build_version":"2019-07-05","purchased_purges":0,"victory":false,"max_hp_per_floor":[75,75,75,80,80,80,80,80,80,80,80,80,80,80,80,80,80,80,80,80,80,80,80,80],"card_choices":[{"not_picked":["Stack","Turbo","Go for the Eyes"],"picked":"SKIP","floor":1},{"not_picked":["Skim","Melter","Hologram"],"picked":"SKIP","floor":3},{"not_picked":["Cold Snap","Barrage"],"picked":"Ball Lightning","floor":5},{"not_picked":["Reprogram","Heatsinks","Tempest"],"picked":"SKIP","floor":7},{"not_picked":["Reinforced Body+1","Reboot+1"],"picked":"Loop","floor":11},{"not_picked":["Darkness+1","Beam Cell+1"],"picked":"Redo+1","floor":12},{"not_picked":["Gash+1","White Noise+1"],"picked":"BootSequence+1","floor":14},{"not_picked":["Rainbow+1","Hyperbeam+1"],"picked":"Fission+1","floor":16},{"not_picked":["Chill+1","BootSequence+1"],"picked":"Conserve Battery+1","floor":18},{"not_picked":["Chaos+1","Reprogram+1"],"picked":"Ball Lightning+1","floor":19},{"not_picked":["Chill+1","Chaos+1","Melter+1"],"picked":"SKIP","floor":22}],"player_experience":348690,"relics_obtained":[{"floor":7,"key":"Lantern"},{"floor":9,"key":"Toxic Egg 2"},{"floor":11,"key":"Potion Belt"}],"event_choices":[{"damage_healed":0,"gold_gain":0,"player_choice":"Grow","damage_taken":0,"max_hp_gain":0,"max_hp_loss":0,"event_name":"Living Wall","floor":2,"gold_loss":0,"cards_upgraded":["Zap"]},{"damage_healed":0,"gold_gain":0,"player_choice":"Donut","damage_taken":0,"max_hp_gain":5,"max_hp_loss":0,"event_name":"Big Fish","floor":4,"gold_loss":0},{"damage_healed":0,"gold_gain":0,"player_choice":"Success","damage_taken":12,"relics_obtained":["Molten Egg 2"],"max_hp_gain":0,"max_hp_loss":0,"event_name":"Scrap Ooze","floor":8,"gold_loss":0},{"damage_healed":0,"gold_gain":0,"player_choice":"Ignored","damage_taken":0,"max_hp_gain":0,"max_hp_loss":0,"event_name":"Ghosts","floor":20,"gold_loss":0}],"is_beta":false,"boss_relics":[{"not_picked":["Eternal Feather","Empty Cage"],"picked":"Ectoplasm"}],"items_purged_floors":[],"is_endless":false,"potions_floor_spawned":[1,5,11,22],"killed_by":"Book of Stabbing","ascension_level":4}