{"gold_per_floor":[114,39,39,59,77,77,111,126,149,161,73,73,103,103,103,103],"floor_reached":16,"playtime":438,"items_purged":["Strike_B","Strike_B"],"score":173,"play_id":"84c36958-2f9b-40c1-b847-603efd05cde6","local_time":"20190729001814","is_ascension_mode":true,"campfire_choices":[{"data":"Hyperbeam","floor":6,"key":"SMITH"},{"data":"Go for the Eyes","floor":10,"key":"SMITH"},{"data":"Zap","floor":12,"key":"SMITH"},{"floor":15,"key":"REST"}],"neow_cost":"PERCENT_DAMAGE","seed_source_timestamp":639850916915900,"circlet_count":0,"master_deck":["AscendersBane","Strike_B","Strike_B","Defend_B","Defend_B","Defend_B","Defend_B","Zap+1","Dualcast","Hyperbeam+1","Conserve Battery","Rip and Tear","Sweeping Beam","Go for the Eyes+1","Auto Shields","Hologram+1"],"relics":["Cracked Core","Lantern","MawBank","Ancient Tea Set"],"potions_floor_usage":[7,7],"damage_taken":[{"damage":0,"enemies":"2 Louse","floor":1,"turns":1},{"damage":0,"enemies":"Jaw Worm","floor":4,"turns":2},{"damage":0,"enemies":"Small Slimes","floor":5,"turns":1},{"damage":17,"enemies":"Lagavulin","floor":7,"turns":4},{"damage":3,"enemies":"Blue Slaver","floor":8,"turns":3},{"damage":6,"enemies":"Gremlin Nob","floor":13,"turns":3},{"damage":53,"enemies":"Slime Boss","floor":16,"turns":8}],"seed_played":"-498243058594981961","potions_obtained":[{"floor":1,"key":"Poison Potion"},{"floor":4,"key":"Poison Potion"},{"floor":5,"key":"SkillPotion"}],"is_trial":false,"path_per_floor":["M","$","?","M","M","R","E","M","T","R","$","R","E","?","R","B"],"character_chosen":"DEFECT","items_purchased":[],"campfire_rested":1,"item_purchase_floors":[],"current_hp_per_floor":[50,50,55,55,55,55,38,35,35,35,35,35,29,29,53,0],"gold":103,"neow_bonus":"THREE_RARE_CARDS","is_prod":false,"is_daily":false,"chose_seed":false,"campfire_upgraded":3,"win_rate":0,"timestamp":1564373894,"path_taken":["M","$","?","M","M","R","E","M","T","R","$","R","E","?","R","BOSS"],"build_version":"2019-07-17","purchased_purges":2,"victory":false,"max_hp_per_floor":[75,75,80,80,80,80,80,80,80,80,80,80,80,80,80,80],"card_choices":[{"not_picked":["Amplify","Meteor Strike"],"picked":"Hyperbeam","floor":0},{"not_picked":["Recycle","Beam Cell"],"picked":"Conserve Battery","floor":1},{"not_picked":["Capacitor","FTL"],"picked":"Rip and Tear","floor":4},{"not_picked":["Stack","Amplify"],"picked":"Sweeping Beam","floor":5},{"not_picked":["Skim","Sweeping Beam"],"picked":"Go for the Eyes","floor":7},{"not_picked":["Rebound","White Noise"],"picked":"Auto Shields","floor":8},{"not_picked":["Reprogram","Steam"],"picked":"Hologram","floor":13}],"player_experience":577469,"relics_obtained":[{"floor":7,"key":"Lantern"},{"floor":9,"key":"MawBank"},{"floor":13,"key":"Ancient Tea Set"}],"event_choices":[{"damage_healed":0,"gold_gain":0,"player_choice":"Donut","damage_taken":0,"max_hp_gain":5,"max_hp_loss":0,"event_name":"Big Fish","floor":3,"gold_loss":0},{"damage_healed":0,"gold_gain":0,"player_choice":"Grow","damage_taken":0,"max_hp_gain":0,"max_hp_loss":0,"event_name":"Living Wall","floor":14,"gold_loss":0,"cards_upgraded":["Hologram"]}],"is_beta":false,"boss_relics":[],"items_purged_floors":[2,11],"is_endless":false,"potions_floor_spawned":[1,4,5],"killed_by":"Slime Boss","ascension_level":12}