{"gold_per_floor":[116,131,131,151,167,201,126,152,152,152,167,13,13,13,13,115,115,128,55,55,75,75,104,117,117,143,161,186,204,204,131,131,227,227,239,259,273,101,101,101,116,116,116,144,156,188,188,188,188,188],"floor_reached":51,"playtime":3130,"items_purged":["Strike_B","Defend_B+1"],"score":915,"play_id":"d625f4b2-6a00-4fea-8ab4-f3e709cc41b9","local_time":"20190713001307","is_ascension_mode":true,"campfire_choices":[{"floor":10,"key":"REST"},{"data":"Fission","floor":13,"key":"SMITH"},{"data":"Double Energy","floor":15,"key":"SMITH"},{"data":"Defragment","floor":25,"key":"SMITH"},{"floor":32,"key":"REST"},{"data":"Capacitor","floor":40,"key":"SMITH"},{"data":"Defragment","floor":47,"key":"SMITH"},{"data":"Static Discharge","floor":49,"key":"SMITH"}],"neow_cost":"NONE","seed_source_timestamp":7299793686400,"circlet_count":0,"master_deck":["Strike_B+1","Strike_B+1","Strike_B+1","Defend_B+1","Defend_B+1","Zap","Dualcast","Doom and Gloom","Cold Snap","Fission+1","Double Energy+1","Auto Shields","Biased Cognition","Genetic Algorithm","Defragment+1","Reinforced Body","Redo","BootSequence","Conserve Battery+1","Capacitor+1","Multi-Cast","Redo+1","Defragment+1","Master of Strategy","Skim+1","Static Discharge+1"],"relics":["FrozenCore","FaceOfCleric","Happy Flower","Emotion Chip","Pocketwatch","DataDisk","Peace Pipe","Nunchaku","Omamori","Ancient Tea Set","Lizard Tail","Ornamental Fan","Pen Nib","Potion Belt"],"potions_floor_usage":[6,8,23,23,33,50,50,50],"damage_taken":[{"damage":3,"enemies":"2 Louse","floor":1,"turns":2},{"damage":0,"enemies":"Cultist","floor":2,"turns":2},{"damage":7,"enemies":"Jaw Worm","floor":4,"turns":3},{"damage":11,"enemies":"Blue Slaver","floor":5,"turns":3},{"damage":18,"enemies":"Gremlin Nob","floor":6,"turns":4},{"damage":16,"enemies":"3 Sentries","floor":8,"turns":6},{"damage":10,"enemies":"Looter","floor":11,"turns":3},{"damage":10,"enemies":"The Guardian","floor":16,"turns":8},{"damage":4,"enemies":"Chosen","floor":18,"turns":3},{"damage":0,"enemies":"2 Thieves","floor":21,"turns":3},{"damage":2,"enemies":"Slavers","floor":23,"turns":6},{"damage":0,"enemies":"Centurion and Healer","floor":24,"turns":6},{"damage":3,"enemies":"Snecko","floor":27,"turns":4},{"damage":44,"enemies":"Gremlin Leader","floor":28,"turns":7},{"damage":0,"enemies":"Snake Plant","floor":29,"turns":5},{"damage":48,"enemies":"Collector","floor":33,"turns":14},{"damage":2,"enemies":"Orb Walker","floor":35,"turns":4},{"damage":0,"enemies":"3 Darklings","floor":36,"turns":6},{"damage":19,"enemies":"4 Shapes","floor":37,"turns":8},{"damage":0,"enemies":"Spire Growth","floor":41,"turns":6},{"damage":8,"enemies":"Giant Head","floor":44,"turns":10},{"damage":3,"enemies":"Writhing Mass","floor":45,"turns":8},{"damage":26,"enemies":"Nemesis","floor":46,"turns":9},{"damage":12,"enemies":"Awakened One","floor":50,"turns":14}],"seed_played":"7156244332346390664","potions_obtained":[{"floor":2,"key":"AttackPotion"},{"floor":4,"key":"SpeedPotion"},{"floor":8,"key":"Weak Potion"},{"floor":11,"key":"Block Potion"},{"floor":16,"key":"Weak Potion"},{"floor":27,"key":"FearPotion"},{"floor":28,"key":"SmokeBomb"},{"floor":33,"key":"Dexterity Potion"},{"floor":36,"key":"Regen Potion"},{"floor":44,"key":"SkillPotion"}],"is_trial":false,"path_per_floor":["M","M","?","M","M","E","$","E","T","R","M","$","R","?","R","B",null,"M","$","?","M","?","E","M","R","T","M","E","M","?","$","R","B",null,"M","M","M","$","?","R","M","?","T","E","M","E","R","?","R","B",null],"character_chosen":"DEFECT","items_purchased":["DataDisk","Genetic Algorithm","Capacitor","Defragment"],"campfire_rested":2,"item_purchase_floors":[12,19,31,38],"current_hp_per_floor":[79,79,79,73,63,46,46,31,31,56,47,47,47,35,35,26,88,85,85,85,86,86,85,86,86,86,84,41,42,23,23,53,6,101,100,101,83,83,83,83,84,105,105,98,96,71,71,71,71,75],"gold":188,"neow_bonus":"TEN_PERCENT_HP_BONUS","is_prod":false,"is_daily":false,"chose_seed":false,"campfire_upgraded":6,"win_rate":0,"timestamp":1562991187,"path_taken":["M","M","?","M","?","E","$","E","T","R","M","$","R","?","R","BOSS","M","$","?","M","?","E","M","R","T","?","E","M","?","$","R","BOSS","M","M","M","$","?","R","M","?","T","E","M","E","R","?","R","BOSS"],"build_version":"2019-07-05","purchased_purges":2,"victory":true,"max_hp_per_floor":[82,82,82,83,84,85,85,86,86,86,87,87,87,87,87,88,88,89,89,89,90,90,91,92,92,92,93,94,95,100,100,100,101,101,102,103,104,104,104,104,105,105,105,106,107,108,108,108,108,109],"card_choices":[{"not_picked":["Go for the Eyes","Consume"],"picked":"Rip and Tear","floor":1},{"not_picked":["Lockon","Force Field"],"picked":"Doom and Gloom","floor":2},{"not_picked":["Turbo","Reprogram","Gash"],"picked":"SKIP","floor":4},{"not_picked":["Heatsinks","Undo"],"picked":"Cold Snap","floor":5},{"not_picked":["Beam Cell","Hologram"],"picked":"Fission","floor":6},{"not_picked":["Stack","Gash"],"picked":"Double Energy","floor":8},{"not_picked":["Sweeping Beam","Fusion"],"picked":"Auto Shields","floor":11},{"not_picked":["Amplify","Hyperbeam"],"picked":"Biased Cognition","floor":16},{"not_picked":["Conserve Battery","Cold Snap+1","Streamline"],"picked":"SKIP","floor":18},{"not_picked":["Force Field+1","Compile Driver"],"picked":"Defragment","floor":21},{"not_picked":["Meteor Strike","Chill","Gash"],"picked":"SKIP","floor":23},{"not_picked":["Stack","Rebound"],"picked":"Redo","floor":24},{"not_picked":["Gash","Rebound+1"],"picked":"BootSequence","floor":27},{"not_picked":["Recycle","Go for the Eyes+1"],"picked":"Conserve Battery+1","floor":28},{"not_picked":["Stack","Recycle","All For One"],"picked":"SKIP","floor":29},{"not_picked":["Creative AI","All For One"],"picked":"Multi-Cast","floor":33},{"not_picked":["Steam Power","Stack","Cold Snap"],"picked":"SKIP","floor":35},{"not_picked":["Rebound","Steam Power+1"],"picked":"Redo+1","floor":36},{"not_picked":["Beam Cell","Gash","Conserve Battery"],"picked":"SKIP","floor":37},{"not_picked":["Mind Blast","Deep Breath"],"picked":"Master of Strategy","floor":39},{"not_picked":["Leap","Barrage"],"picked":"Skim+1","floor":41},{"not_picked":["Beam Cell+1","Hologram"],"picked":"Static Discharge","floor":44},{"not_picked":["Chaos","Stack","Beam Cell+1"],"picked":"SKIP","floor":45},{"not_picked":["Compile Driver","Doom and Gloom+1","Cold Snap+1"],"picked":"SKIP","floor":46}],"player_experience":325768,"relics_obtained":[{"floor":6,"key":"Happy Flower"},{"floor":8,"key":"Emotion Chip"},{"floor":9,"key":"Pocketwatch"},{"floor":23,"key":"Nunchaku"},{"floor":26,"key":"Omamori"},{"floor":28,"key":"Ancient Tea Set"},{"floor":43,"key":"Ornamental Fan"},{"floor":44,"key":"Pen Nib"},{"floor":46,"key":"Potion Belt"}],"event_choices":[{"damage_healed":0,"gold_gain":0,"player_choice":"Trade","damage_taken":0,"relics_obtained":["FaceOfCleric"],"max_hp_gain":0,"max_hp_loss":0,"event_name":"FaceTrader","floor":3,"gold_loss":0},{"damage_healed":0,"gold_gain":0,"player_choice":"Success","damage_taken":12,"relics_obtained":["Peace Pipe"],"max_hp_gain":0,"max_hp_loss":0,"event_name":"Scrap Ooze","floor":14,"gold_loss":0},{"damage_healed":0,"gold_gain":0,"player_choice":"Simplicity","damage_taken":0,"max_hp_gain":0,"max_hp_loss":0,"event_name":"Back to Basics","floor":20,"gold_loss":0,"cards_upgraded":["Strike_B","Strike_B","Strike_B","Defend_B","Defend_B","Defend_B","Defend_B"]},{"damage_healed":0,"gold_gain":0,"cards_transformed":["Defend_B"],"player_choice":"Transformed","damage_taken":0,"max_hp_gain":0,"max_hp_loss":0,"event_name":"Transmorgrifier","floor":22,"gold_loss":0,"cards_obtained":["Reinforced Body"]},{"damage_healed":0,"gold_gain":0,"player_choice":"Shed Blood","damage_taken":24,"max_hp_gain":5,"max_hp_loss":0,"event_name":"Forgotten Altar","floor":30,"gold_loss":0},{"damage_healed":0,"gold_gain":0,"player_choice":"Memory 1","damage_taken":0,"max_hp_gain":0,"max_hp_loss":0,"event_name":"SensoryStone","floor":39,"gold_loss":0},{"damage_healed":26,"gold_gain":0,"player_choice":"Writhe","damage_taken":0,"max_hp_gain":0,"max_hp_loss":0,"event_name":"Winding Halls","floor":42,"gold_loss":0,"cards_obtained":["Writhe"]},{"cards_removed":["Rip and Tear"],"damage_healed":0,"gold_gain":0,"player_choice":"Removed Attack","damage_taken":0,"max_hp_gain":0,"max_hp_loss":0,"event_name":"Falling","floor":48,"gold_loss":0}],"is_beta":false,"boss_relics":[{"not_picked":["White Beast Statue","Cursed Key"],"picked":"FrozenCore"},{"not_picked":["Snecko Eye","Empty Cage"],"picked":"Lizard Tail"}],"items_purged_floors":[7,38],"is_endless":false,"potions_floor_spawned":[2,4,8,11,16,27,28,33,36,44],"ascension_level":3}