{"gold_per_floor":[111,123,22,36,47,47,76,76,145,155,172,172,172,198,198,303,303,317,317,329,5,22,22,54,54,124,153,165,177,215,227,239,251],"floor_reached":33,"playtime":2904,"items_purged":["Strike_R"],"score":376,"play_id":"e58e4c41-075e-43a0-9df5-25928f765cec","local_time":"20190728080624","is_ascension_mode":true,"campfire_choices":[{"data":"Fire Breathing","floor":6,"key":"SMITH"},{"data":"Uppercut","floor":8,"key":"SMITH"},{"data":"Armaments","floor":12,"key":"SMITH"},{"data":"Battle Trance","floor":15,"key":"SMITH"},{"floor":23,"key":"REST"},{"data":"True Grit","floor":25,"key":"SMITH"},{"floor":29,"key":"REST"},{"floor":32,"key":"REST"}],"neow_cost":"NONE","seed_source_timestamp":592363122743071,"circlet_count":0,"master_deck":["Strike_R","Strike_R","Defend_R","Defend_R","Defend_R","Bash","Cleave","Wild Strike","Anger","Fire Breathing+1","Uppercut+1","Battle Trance+1","Armaments+1","Pommel Strike","Impervious","Spot Weakness","Dropkick","Metallicize","Second Wind","True Grit+1","RitualDagger+1","Decay"],"relics":["Burning Blood","Bird Faced Urn","Bottled Tornado","Strawberry","Black Star","ClockworkSouvenir","Incense Burner","Molten Egg 2","The Courier","MawBank","Red Skull","Bronze Scales"],"potions_floor_usage":[4,5,7,7,16,20,22,24,27],"damage_taken":[{"damage":0,"enemies":"Small Slimes","floor":1,"turns":3},{"damage":0,"enemies":"2 Louse","floor":2,"turns":2},{"damage":2,"enemies":"Jaw Worm","floor":4,"turns":2},{"damage":7,"enemies":"3 Louse","floor":5,"turns":2},{"damage":20,"enemies":"Lagavulin","floor":7,"turns":5},{"damage":14,"enemies":"Lots of Slimes","floor":10,"turns":3},{"damage":11,"enemies":"Looter","floor":11,"turns":2},{"damage":6,"enemies":"Gremlin Nob","floor":14,"turns":3},{"damage":29,"enemies":"The Guardian","floor":16,"turns":11},{"damage":12,"enemies":"Chosen","floor":18,"turns":4},{"damage":35,"enemies":"2 Thieves","floor":20,"turns":4},{"damage":11,"enemies":"Snake Plant","floor":22,"turns":4},{"damage":25,"enemies":"Slavers","floor":24,"turns":5},{"damage":59,"enemies":"Gremlin Leader","floor":27,"turns":7},{"damage":52,"enemies":"Slavers","floor":30,"turns":7},{"damage":51,"enemies":"Champ","floor":33,"turns":7}],"seed_played":"3121777540415598305","potions_obtained":[{"floor":0,"key":"FearPotion"},{"floor":0,"key":"SkillPotion"},{"floor":0,"key":"Strength Potion"},{"floor":5,"key":"LiquidBronze"},{"floor":14,"key":"Weak Potion"},{"floor":16,"key":"PowerPotion"},{"floor":18,"key":"FearPotion"},{"floor":24,"key":"BloodPotion"}],"is_trial":false,"path_per_floor":["M","M","$","M","M","R","E","R","T","M","M","R","?","E","R","B",null,"M","?","M","$","M","R","E","R","T","E","?","R","E","?","R","B"],"character_chosen":"IRONCLAD","items_purchased":["Anger","Second Wind","ClockworkSouvenir","Energy Potion"],"campfire_rested":3,"item_purchase_floors":[3,21,21,21],"current_hp_per_floor":[80,80,80,80,79,79,65,65,65,59,56,56,49,58,58,37,87,81,81,56,56,53,79,62,62,62,34,28,54,12,12,38,0],"gold":251,"neow_bonus":"THREE_SMALL_POTIONS","is_prod":false,"is_daily":false,"chose_seed":false,"campfire_upgraded":5,"win_rate":0,"timestamp":1564319184,"path_taken":["M","M","$","M","M","R","E","R","T","M","M","R","?","E","R","BOSS","M","?","M","$","M","R","E","R","T","E","?","R","E","?","R","BOSS"],"build_version":"2019-07-17","purchased_purges":1,"victory":false,"max_hp_per_floor":[80,80,80,80,80,80,80,80,80,80,80,80,80,87,87,87,87,87,87,87,87,87,87,87,87,87,87,87,87,87,87,87,87],"card_choices":[{"not_picked":["Demon Form","Havoc"],"picked":"Cleave","floor":1},{"not_picked":["Shockwave","Armaments"],"picked":"Wild Strike","floor":2},{"not_picked":["Havoc","Ghostly Armor"],"picked":"Fire Breathing","floor":4},{"not_picked":["Shrug It Off","Flex"],"picked":"Uppercut","floor":5},{"not_picked":["Anger","Entrench"],"picked":"Battle Trance","floor":7},{"not_picked":["Reckless Charge","Flex"],"picked":"Armaments","floor":10},{"not_picked":["Rupture","Impervious","Clash"],"picked":"SKIP","floor":11},{"not_picked":["Havoc","Heavy Blade"],"picked":"Pommel Strike","floor":14},{"not_picked":["Berserk","Reaper"],"picked":"Impervious","floor":16},{"not_picked":["Evolve","Carnage","Flex"],"picked":"SKIP","floor":18},{"not_picked":["Shockwave","Reckless Charge"],"picked":"Metallicize","floor":20},{"not_picked":["Armaments+1","Body Slam","Thunderclap"],"picked":"SKIP","floor":22},{"not_picked":["Iron Wave","Clothesline"],"picked":"True Grit","floor":24},{"not_picked":["Havoc","Armaments","Perfected Strike+1"],"picked":"SKIP","floor":27},{"not_picked":["Clash+1","Anger+1","Iron Wave+1"],"picked":"SKIP","floor":30}],"player_experience":281724,"relics_obtained":[{"floor":7,"key":"Bird Faced Urn"},{"floor":9,"key":"Bottled Tornado"},{"floor":14,"key":"Strawberry"},{"floor":24,"key":"Incense Burner"},{"floor":24,"key":"Molten Egg 2"},{"floor":27,"key":"The Courier"},{"floor":27,"key":"MawBank"},{"floor":30,"key":"Red Skull"},{"floor":30,"key":"Bronze Scales"}],"event_choices":[{"cards_removed":["Strike_R"],"damage_healed":0,"gold_gain":0,"player_choice":"Card Removal","damage_taken":7,"max_hp_gain":0,"max_hp_loss":0,"event_name":"Golden Wing","floor":13,"gold_loss":0},{"damage_healed":0,"gold_gain":0,"cards_transformed":["Strike_R","Defend_R"],"player_choice":"Became Test Subject","damage_taken":0,"max_hp_gain":0,"max_hp_loss":0,"event_name":"Drug Dealer","floor":19,"gold_loss":0,"cards_obtained":["Spot Weakness","Dropkick"]},{"damage_healed":0,"gold_gain":0,"player_choice":"Joined the Cult","damage_taken":6,"max_hp_gain":0,"max_hp_loss":0,"event_name":"Nest","floor":28,"gold_loss":0,"cards_obtained":["RitualDagger"]},{"damage_healed":0,"gold_gain":0,"player_choice":"Smashed Altar","damage_taken":0,"max_hp_gain":0,"max_hp_loss":0,"event_name":"Forgotten Altar","floor":31,"gold_loss":0,"cards_obtained":["Decay"]}],"is_beta":false,"boss_relics":[{"not_picked":["Runic Dome","Cursed Key"],"picked":"Black Star"}],"items_purged_floors":[3],"is_endless":false,"potions_floor_spawned":[1,5,14,16,18,24],"killed_by":"Champ","ascension_level":4}