{"gold_per_floor":[116,116,7,26,40,40,40,40,40,40,59,79,92,70,70,198,198,188,107,107,157,82,118,133,133,133,156,156,156,176,196,196,326,326,342,342,342],"floor_reached":37,"playtime":3387,"items_purged":["Strike_G"],"score":436,"play_id":"80fd7a82-69fc-4ced-82aa-701731cc3a4b","local_time":"20181129130453","is_ascension_mode":true,"campfire_choices":[{"data":"Well Laid Plans","floor":6,"key":"SMITH"},{"data":"Cloak And Dagger","floor":10,"key":"SMITH"},{"data":"Envenom","floor":15,"key":"SMITH"},{"floor":25,"key":"REST"},{"floor":29,"key":"REST"},{"floor":32,"key":"REST"}],"neow_cost":"NONE","seed_source_timestamp":69715823241441,"circlet_count":0,"master_deck":["Defend_G","Defend_G","Defend_G+1","Defend_G","Defend_G","Strike_G","Strike_G","Strike_G","Strike_G","Survivor+1","Neutralize+1","Well Laid Plans+1","Cloak And Dagger+1","Cloak And Dagger+1","Flying Knee","Envenom+1","Accuracy","Backflip","Footwork","Deflect","Dodge and Roll","Cloak And Dagger","Flying Knee","PiercingWail+1","Flash of Steel","Malaise","Footwork","Malaise","Caltrops+1","Backflip","RitualDagger","Deflect+1","Bane","Bane"],"relics":["Ring of the Serpent","Lantern","Golden Idol","Orichalcum","Orrery","War Paint","Bottled Lightning"],"potions_floor_usage":[12,13,13,16,23,23,30,37],"damage_taken":[{"damage":2,"enemies":"2 Louse","floor":1,"turns":3},{"damage":0,"enemies":"Cultist","floor":4,"turns":5},{"damage":0,"enemies":"Small Slimes","floor":5,"turns":4},{"damage":0,"enemies":"Looter","floor":11,"turns":2},{"damage":0,"enemies":"Lots of Slimes","floor":12,"turns":1},{"damage":0,"enemies":"Exordium Wildlife","floor":13,"turns":5},{"damage":16,"enemies":"Slime Boss","floor":16,"turns":10},{"damage":12,"enemies":"2 Thieves","floor":18,"turns":4},{"damage":34,"enemies":"Slavers","floor":23,"turns":11},{"damage":2,"enemies":"Shell Parasite","floor":24,"turns":10},{"damage":16,"enemies":"Chosen and Byrds","floor":27,"turns":10},{"damage":10,"enemies":"Centurion and Healer","floor":30,"turns":12},{"damage":6,"enemies":"Snecko","floor":31,"turns":10},{"damage":16,"enemies":"Collector","floor":33,"turns":18},{"damage":11,"enemies":"3 Darklings","floor":35,"turns":9},{"damage":49,"enemies":"Donu and Deca","floor":37,"turns":10}],"seed_played":"1649603557092836476","potions_obtained":[{"floor":4,"key":"EssenceOfSteel"},{"floor":5,"key":"Poison Potion"},{"floor":11,"key":"AttackPotion"},{"floor":12,"key":"SkillPotion"},{"floor":16,"key":"Poison Potion"},{"floor":18,"key":"GamblersBrew"},{"floor":27,"key":"Regen Potion"},{"floor":33,"key":"Poison Potion"}],"is_trial":false,"path_per_floor":["M","?","$","M","M","R","?","?","T","R","M","M","M","$","R","B",null,"M","$","?","?","$","E","M","R","T","M","?","R","M","M","R","B",null,"M","?","B"],"character_chosen":"THE_SILENT","items_purchased":["Well Laid Plans","Backflip","Flash of Steel","Footwork"],"campfire_rested":3,"item_purchase_floors":[3,14,19,22],"current_hp_per_floor":[68,68,68,68,68,68,51,51,51,51,51,51,51,51,51,35,70,58,58,58,58,58,24,22,43,43,27,21,42,47,41,62,46,70,59,59,10],"gold":342,"neow_bonus":"RANDOM_COMMON_RELIC","is_prod":false,"is_daily":false,"chose_seed":false,"campfire_upgraded":3,"win_rate":0,"timestamp":1543496693,"path_taken":["M","?","$","M","?","R","?","?","T","R","M","?","M","$","R","BOSS","M","$","?","?","$","E","M","R","T","?","?","R","M","M","R","BOSS","M","?","BOSS"],"build_version":"2018-11-15","purchased_purges":1,"victory":false,"max_hp_per_floor":[70,70,70,70,70,70,70,70,70,70,70,70,70,70,70,70,70,70,70,70,70,70,70,70,70,70,70,70,70,70,70,70,70,70,70,70,70],"card_choices":[{"not_picked":["Outmaneuver","Masterful Stab","Deadly Poison"],"picked":"SKIP","floor":1},{"not_picked":["Sucker Punch","Catalyst"],"picked":"Cloak And Dagger","floor":4},{"not_picked":["Deadly Poison","Accuracy"],"picked":"Cloak And Dagger","floor":5},{"not_picked":["Blade Dance","Crippling Poison"],"picked":"Flying Knee","floor":11},{"not_picked":["Choke","Dash"],"picked":"Envenom","floor":12},{"not_picked":["Expertise","Catalyst"],"picked":"Accuracy","floor":13},{"not_picked":["Endless Agony","Prepared"],"picked":"Footwork","floor":17},{"not_picked":["Choke","Calculated Gamble"],"picked":"Deflect","floor":17},{"not_picked":["Quick Slash","Catalyst"],"picked":"Dodge and Roll","floor":17},{"not_picked":["Expertise","Dagger Spray"],"picked":"Cloak And Dagger","floor":17},{"not_picked":["Outmaneuver","Dodge and Roll"],"picked":"Flying Knee","floor":17},{"not_picked":["Deflect","Flechettes"],"picked":"PiercingWail+1","floor":18},{"not_picked":["PiercingWail","Dagger Throw"],"picked":"Malaise","floor":23},{"not_picked":["Dagger Throw","Outmaneuver"],"picked":"Caltrops+1","floor":24},{"not_picked":["Dagger Spray","Sucker Punch"],"picked":"Backflip","floor":27},{"not_picked":["PiercingWail","Calculated Gamble"],"picked":"Deflect+1","floor":30},{"not_picked":["Tools of the Trade","Sucker Punch+1"],"picked":"Bane","floor":31},{"not_picked":["Acrobatics+1","Deflect+1"],"picked":"Bane","floor":35}],"player_experience":217691,"relics_obtained":[{"floor":9,"key":"Orichalcum"},{"floor":23,"key":"War Paint"},{"floor":26,"key":"Bottled Lightning"}],"event_choices":[{"damage_healed":0,"gold_gain":0,"player_choice":"Forge","damage_taken":0,"max_hp_gain":0,"max_hp_loss":0,"event_name":"Accursed Blacksmith","floor":2,"gold_loss":0,"cards_upgraded":["Neutralize"]},{"damage_healed":0,"gold_gain":0,"player_choice":"Take Damage","damage_taken":17,"relics_obtained":["Golden Idol"],"max_hp_gain":0,"max_hp_loss":0,"event_name":"Golden Idol","floor":7,"gold_loss":0},{"damage_healed":0,"gold_gain":0,"player_choice":"Upgraded","damage_taken":0,"max_hp_gain":0,"max_hp_loss":0,"event_name":"Upgrade Shrine","floor":8,"gold_loss":0,"cards_upgraded":["Cloak And Dagger"]},{"damage_healed":0,"gold_gain":0,"player_choice":"Read","damage_taken":0,"max_hp_gain":0,"max_hp_loss":0,"event_name":"The Library","floor":20,"gold_loss":0,"cards_obtained":["Malaise"]},{"damage_healed":0,"gold_gain":100,"player_choice":"Bet on Murderer","damage_taken":0,"max_hp_gain":0,"max_hp_loss":0,"event_name":"The Joust","floor":21,"gold_loss":50},{"damage_healed":0,"gold_gain":0,"player_choice":"Joined the Cult","damage_taken":6,"max_hp_gain":0,"max_hp_loss":0,"event_name":"Nest","floor":28,"gold_loss":0,"cards_obtained":["RitualDagger"]},{"damage_healed":0,"gold_gain":0,"player_choice":"Took Portal","damage_taken":0,"max_hp_gain":0,"max_hp_loss":0,"event_name":"SecretPortal","floor":36,"gold_loss":0}],"is_beta":false,"boss_relics":[{"not_picked":["Black Star","Coffee Dripper"],"picked":"Orrery"},{"not_picked":["Tiny House","Eternal Feather"],"picked":"Ring of the Serpent"}],"items_purged_floors":[3],"is_endless":false,"potions_floor_spawned":[4,5,11,12,16,18,27,33],"killed_by":"Donu and Deca","ascension_level":3}