{"gold_per_floor":[116,116,13,13,88,150,150,177,254,268,293,305,305,340,340,441,441,451,140,140,95,112,112,129,129,129,161,161,187,187,197,197,297,297,307,325,342,40,40,40,69,86,111,111,111,136,136,67,67,67],"floor_reached":50,"playtime":3093,"items_purged":["Strike_B"],"score":722,"play_id":"5ecad2c7-58ce-47b3-be89-721d16ce5c3e","local_time":"20190713131024","is_ascension_mode":true,"campfire_choices":[{"data":"Capacitor","floor":7,"key":"SMITH"},{"data":"Zap","floor":13,"key":"SMITH"},{"data":"Conserve Battery","floor":15,"key":"SMITH"},{"data":"Biased Cognition","floor":25,"key":"SMITH"},{"floor":28,"key":"REST"},{"floor":30,"key":"REST"},{"floor":32,"key":"REST"},{"floor":40,"key":"REST"},{"floor":44,"key":"REST"},{"floor":49,"key":"REST"}],"neow_cost":"NONE","seed_source_timestamp":53984278400300,"circlet_count":0,"master_deck":["Strike_B","Strike_B","Defend_B","Defend_B","Defend_B","Defend_B","Zap+1","Dualcast","Reprogram","Capacitor+1","Gash","Compile Driver","Conserve Battery+1","Coolheaded","Go for the Eyes","Biased Cognition+1","Rip and Tear+1","Doom and Gloom","Leap","Redo+1","Fission+1","Consume+1","Auto Shields+1","Amplify+1","Redo+1","Defragment+1","Coolheaded+1","BootSequence+1","Sunder+1","Capacitor"],"relics":["Cracked Core","NeowsBlessing","Tiny Chest","Symbiotic Virus","Shuriken","Art of War","Lantern","Sozu","Bag of Preparation","Toxic Egg 2","Vajra","Strawberry","Fusion Hammer","Pantograph","Boot","Oddly Smooth Stone","Ice Cream","DataDisk"],"potions_floor_usage":[27,50,50],"damage_taken":[{"damage":0,"enemies":"Cultist","floor":1,"turns":1},{"damage":0,"enemies":"3 Sentries","floor":6,"turns":1},{"damage":0,"enemies":"Lagavulin","floor":8,"turns":1},{"damage":0,"enemies":"Small Slimes","floor":10,"turns":3},{"damage":6,"enemies":"2 Louse","floor":12,"turns":2},{"damage":18,"enemies":"3 Sentries","floor":14,"turns":9},{"damage":15,"enemies":"The Guardian","floor":16,"turns":16},{"damage":2,"enemies":"2 Thieves","floor":18,"turns":4},{"damage":1,"enemies":"3 Byrds","floor":22,"turns":5},{"damage":13,"enemies":"Sentry and Sphere","floor":24,"turns":4},{"damage":34,"enemies":"Gremlin Leader","floor":27,"turns":7},{"damage":35,"enemies":"Book of Stabbing","floor":29,"turns":6},{"damage":0,"enemies":"Centurion and Healer","floor":31,"turns":4},{"damage":13,"enemies":"Champ","floor":33,"turns":8},{"damage":4,"enemies":"Orb Walker","floor":35,"turns":3},{"damage":14,"enemies":"3 Darklings","floor":36,"turns":7},{"damage":20,"enemies":"Sphere and 2 Shapes","floor":37,"turns":6},{"damage":36,"enemies":"Reptomancer","floor":41,"turns":8},{"damage":17,"enemies":"Transient","floor":42,"turns":5},{"damage":21,"enemies":"Nemesis","floor":46,"turns":7},{"damage":79,"enemies":"Time Eater","floor":50,"turns":10}],"seed_played":"6716868153180265083","potions_obtained":[{"floor":1,"key":"Ancient Potion"},{"floor":10,"key":"SteroidPotion"},{"floor":14,"key":"Strength Potion"},{"floor":16,"key":"Weak Potion"}],"is_trial":false,"path_per_floor":["M","?","$","?","?","E","R","E","T","M","T","M","R","E","R","B",null,"M","$","?","$","M","?","M","R","T","E","R","E","R","M","R","B",null,"M","M","M","$","?","R","E","M","T","R","?","E","T","$","R","B"],"character_chosen":"DEFECT","items_purchased":["Capacitor","Gash","Bag of Preparation","Doom and Gloom","Leap","Redo","Pantograph","Coolheaded+1","Capacitor"],"campfire_rested":6,"item_purchase_floors":[3,3,19,19,19,21,38,38,48],"current_hp_per_floor":[75,75,75,75,64,64,64,64,64,64,64,58,58,40,40,25,75,73,73,73,73,72,72,59,59,59,25,47,19,43,43,67,54,82,78,64,44,44,44,68,32,15,15,39,72,51,51,51,72,0],"gold":67,"neow_bonus":"THREE_ENEMY_KILL","is_prod":false,"is_daily":false,"chose_seed":false,"campfire_upgraded":4,"win_rate":0,"timestamp":1563037824,"path_taken":["M","?","$","?","?","E","R","E","T","M","?","M","R","E","R","BOSS","M","$","?","$","M","?","?","R","T","E","R","E","R","M","R","BOSS","M","M","M","$","?","R","E","M","T","R","?","E","?","$","R","BOSS"],"build_version":"2019-07-05","purchased_purges":1,"victory":false,"max_hp_per_floor":[75,75,75,75,75,75,75,75,75,75,75,75,75,75,75,75,75,75,75,75,75,75,75,75,75,75,75,75,82,82,82,82,82,82,82,82,82,82,82,82,82,82,82,82,72,72,72,72,72,72],"card_choices":[{"not_picked":["Hologram","Hello World"],"picked":"Reprogram","floor":1},{"not_picked":["Hello World","Melter"],"picked":"Compile Driver","floor":6},{"not_picked":["Compile Driver","Scrape"],"picked":"Conserve Battery","floor":8},{"not_picked":["Heatsinks","Darkness"],"picked":"Coolheaded","floor":10},{"not_picked":["Hello World","Recycle","Go for the Eyes"],"picked":"SKIP","floor":12},{"not_picked":["Heatsinks","Conserve Battery"],"picked":"Go for the Eyes","floor":14},{"not_picked":["All For One","Amplify"],"picked":"Biased Cognition","floor":16},{"not_picked":["Force Field","Ball Lightning"],"picked":"Rip and Tear+1","floor":18},{"not_picked":["Hello World","Turbo","Steam Power"],"picked":"SKIP","floor":22},{"not_picked":["Turbo","Rebound+1","Hologram+1"],"picked":"SKIP","floor":24},{"not_picked":["Cold Snap+1","Redo+1"],"picked":"Fission+1","floor":27},{"not_picked":["Cold Snap","Go for the Eyes"],"picked":"Consume+1","floor":29},{"not_picked":["Compile Driver","Ball Lightning"],"picked":"Auto Shields+1","floor":31},{"not_picked":["Biased Cognition","Thunder Strike"],"picked":"Amplify+1","floor":33},{"not_picked":["Chill+1","Force Field+1"],"picked":"Redo+1","floor":35},{"not_picked":["Go for the Eyes+1","Rebound+1","Steam Power+1"],"picked":"SKIP","floor":36},{"not_picked":["Stack+1","Auto Shields+1"],"picked":"Defragment+1","floor":37},{"not_picked":["Multi-Cast+1","Cold Snap+1"],"picked":"BootSequence+1","floor":41},{"not_picked":["Genetic Algorithm+1","Steam Power+1","Conserve Battery+1"],"picked":"SKIP","floor":42},{"not_picked":["BootSequence+1","Barrage+1"],"picked":"Sunder+1","floor":46}],"player_experience":332646,"relics_obtained":[{"floor":6,"key":"Tiny Chest"},{"floor":8,"key":"Symbiotic Virus"},{"floor":9,"key":"Shuriken"},{"floor":11,"key":"Art of War"},{"floor":14,"key":"Lantern"},{"floor":26,"key":"Toxic Egg 2"},{"floor":27,"key":"Vajra"},{"floor":29,"key":"Strawberry"},{"floor":41,"key":"Boot"},{"floor":43,"key":"Oddly Smooth Stone"},{"floor":46,"key":"Ice Cream"},{"floor":47,"key":"DataDisk"}],"event_choices":[{"damage_healed":0,"gold_gain":0,"player_choice":"Ignored","damage_taken":0,"max_hp_gain":0,"max_hp_loss":0,"event_name":"Golden Wing","floor":2,"gold_loss":0},{"damage_healed":0,"gold_gain":0,"player_choice":"Ignored","damage_taken":0,"max_hp_gain":0,"max_hp_loss":0,"event_name":"Liars Game","floor":4,"gold_loss":0},{"damage_healed":0,"gold_gain":75,"player_choice":"Gather Gold","damage_taken":11,"max_hp_gain":0,"max_hp_loss":0,"event_name":"World of Goop","floor":5,"gold_loss":0},{"damage_healed":0,"gold_gain":0,"player_choice":"Ignored","damage_taken":0,"max_hp_gain":0,"max_hp_loss":0,"event_name":"Ghosts","floor":20,"gold_loss":0},{"damage_healed":0,"gold_gain":0,"player_choice":"Upgraded","damage_taken":0,"max_hp_gain":0,"max_hp_loss":0,"event_name":"Upgrade Shrine","floor":23,"gold_loss":0,"cards_upgraded":["Redo"]},{"cards_removed":["Strike_B"],"damage_healed":0,"gold_gain":0,"player_choice":"Removed Attack","damage_taken":0,"max_hp_gain":0,"max_hp_loss":0,"event_name":"Falling","floor":39,"gold_loss":0},{"damage_healed":72,"gold_gain":0,"player_choice":"Heal","damage_taken":0,"max_hp_gain":0,"max_hp_loss":10,"event_name":"The Moai Head","floor":45,"gold_loss":0}],"is_beta":false,"boss_relics":[{"not_picked":["Calling Bell","Coffee Dripper"],"picked":"Sozu"},{"not_picked":["Eternal Feather","Snecko Eye"],"picked":"Fusion Hammer"}],"items_purged_floors":[19],"is_endless":false,"potions_floor_spawned":[1,10,14,16,22,31,37],"killed_by":"Time Eater","ascension_level":4}