{"gold_per_floor":[115,115,40,55,55,66,66,80,105,123,142,142,177,194,194,298,298,316,351,370,370,370,398,398,415,415,415,415,426,55,65,65,65],"floor_reached":33,"playtime":3327,"items_purged":["Strike_G","Pain"],"score":269,"play_id":"c14d15ad-599e-4005-b490-9146cc01f551","local_time":"20190807193013","is_ascension_mode":false,"campfire_choices":[{"data":"Flying Knee","floor":7,"key":"SMITH"},{"floor":15,"key":"REST"},{"floor":24,"key":"REST"},{"floor":27,"key":"REST"},{"floor":32,"key":"REST"}],"neow_cost":"PERCENT_DAMAGE","seed_source_timestamp":438711697353830,"circlet_count":0,"master_deck":["Defend_G","Defend_G","Defend_G","Defend_G","Survivor","Neutralize","Dramatic Entrance","Trip","Dagger Spray","Flying Knee+1","Backflip","Underhanded Strike","Burst","Reflex","Backstab","Blade Dance","Venomology","Flying Knee+1","Distraction","Escape Plan","Writhe","Venomology","Doppelganger","Calculated Gamble","Backflip+1","Envenom","Finisher","Secret Technique","Poisoned Stab","Acrobatics"],"relics":["Ring of the Serpent","Dream Catcher","Anchor","Red Mask","Mango","Dodecahedron","Ninja Scroll","WarpedTongs"],"potions_floor_usage":[16,16,16,19,20,23,23,23,29,31,33,33,33],"damage_taken":[{"damage":0,"enemies":"2 Louse","floor":1,"turns":2},{"damage":0,"enemies":"Cultist","floor":4,"turns":4},{"damage":1,"enemies":"Jaw Worm","floor":6,"turns":2},{"damage":3,"enemies":"Red Slaver","floor":8,"turns":3},{"damage":0,"enemies":"3 Louse","floor":10,"turns":2},{"damage":2,"enemies":"Looter","floor":11,"turns":2},{"damage":14,"enemies":"Lagavulin","floor":13,"turns":8},{"damage":0,"enemies":"2 Fungi Beasts","floor":14,"turns":3},{"damage":33,"enemies":"The Guardian","floor":16,"turns":16},{"damage":7,"enemies":"2 Thieves","floor":18,"turns":5},{"damage":9,"enemies":"Masked Bandits","floor":19,"turns":4},{"damage":6,"enemies":"3 Byrds","floor":20,"turns":4},{"damage":62,"enemies":"Book of Stabbing","floor":23,"turns":8},{"damage":8,"enemies":"Snake Plant","floor":25,"turns":4},{"damage":5,"enemies":"Shelled Parasite and Fungi","floor":29,"turns":5},{"damage":6,"enemies":"Sentry and Sphere","floor":31,"turns":5},{"damage":81,"enemies":"Champ","floor":33,"turns":11}],"seed_played":"8535591952224170576","potions_obtained":[{"floor":6,"key":"SteroidPotion"},{"floor":11,"key":"Ancient Potion"},{"floor":13,"key":"SpeedPotion"},{"floor":14,"key":"Regen Potion"},{"floor":16,"key":"Fire Potion"},{"floor":19,"key":"AttackPotion"},{"floor":23,"key":"Fire Potion"},{"floor":25,"key":"EssenceOfSteel"}],"is_trial":false,"path_per_floor":["M","?","$","M","?","M","R","M","T","M","M","?","E","M","R","B",null,"M","?","M","?","?","E","R","M","T","R","?","M","$","M","R","B"],"character_chosen":"THE_SILENT","items_purchased":["Finisher","Secret Technique"],"campfire_rested":4,"item_purchase_floors":[30,30],"current_hp_per_floor":[49,49,49,49,49,48,48,45,45,45,43,36,22,22,43,25,70,63,54,48,62,62,14,39,31,31,56,56,51,51,45,70,0],"gold":65,"neow_bonus":"RANDOM_COLORLESS_2","is_prod":false,"is_daily":false,"chose_seed":false,"campfire_upgraded":1,"win_rate":0.0,"timestamp":1565199013,"path_taken":["M","?","$","?","?","M","R","M","T","?","M","?","E","M","R","BOSS","M","?","M","?","?","E","R","M","T","R","?","M","$","?","R","BOSS"],"build_version":"2019-07-17","purchased_purges":2,"victory":false,"max_hp_per_floor":[70,70,70,70,70,70,70,70,70,70,70,70,70,70,70,70,70,70,70,70,84,84,84,84,84,84,84,84,84,84,84,84,84],"card_choices":[{"not_picked":["Outmaneuver","Flechettes"],"picked":"Dagger Spray","floor":1},{"not_picked":["Outmaneuver","PiercingWail"],"picked":"Flying Knee","floor":4},{"not_picked":["Dagger Spray","Dodge and Roll"],"picked":"Backflip","floor":6},{"not_picked":["Footwork","Tactician"],"picked":"Underhanded Strike","floor":8},{"not_picked":["Deflect","Masterful Stab","PiercingWail"],"picked":"SKIP","floor":10},{"not_picked":["Underhanded Strike","Choke"],"picked":"Burst","floor":11},{"not_picked":["PiercingWail","Caltrops"],"picked":"Reflex","floor":13},{"not_picked":["Outmaneuver","Dodge and Roll"],"picked":"Backstab","floor":14},{"not_picked":["Backflip","PiercingWail"],"picked":"Blade Dance","floor":15},{"not_picked":["Doppelganger","Malaise"],"picked":"Venomology","floor":16},{"not_picked":["Outmaneuver","Reflex"],"picked":"Flying Knee+1","floor":18},{"not_picked":["Slice","Dodge and Roll+1"],"picked":"Distraction","floor":19},{"not_picked":["Outmaneuver","Poisoned Stab"],"picked":"Escape Plan","floor":20},{"not_picked":["Leg Sweep","Slice"],"picked":"Calculated Gamble","floor":23},{"not_picked":["Prepared","PiercingWail"],"picked":"Backflip+1","floor":24},{"not_picked":["Deflect","Endless Agony","Underhanded Strike"],"picked":"SKIP","floor":25},{"not_picked":["Prepared","Heel Hook"],"picked":"Envenom","floor":29},{"not_picked":["All Out Attack","Crippling Poison"],"picked":"Poisoned Stab","floor":31},{"not_picked":["Sucker Punch","Dagger Spray"],"picked":"Acrobatics","floor":32}],"player_experience":29734,"relics_obtained":[{"floor":9,"key":"Dream Catcher"},{"floor":13,"key":"Anchor"},{"floor":19,"key":"Red Mask"},{"floor":23,"key":"Dodecahedron"},{"floor":26,"key":"Ninja Scroll"}],"event_choices":[{"cards_removed":["Strike_G"],"damage_healed":0,"gold_gain":0,"player_choice":"Purged","damage_taken":0,"max_hp_gain":0,"max_hp_loss":0,"event_name":"Purifier","floor":2,"gold_loss":0},{"cards_removed":["Strike_G"],"damage_healed":0,"gold_gain":0,"player_choice":"Offered Basic","damage_taken":0,"max_hp_gain":0,"max_hp_loss":0,"event_name":"Bonfire Elementals","floor":5,"gold_loss":0},{"cards_removed":["Strike_G"],"damage_healed":0,"gold_gain":0,"player_choice":"Card Removal","damage_taken":7,"max_hp_gain":0,"max_hp_loss":0,"event_name":"Golden Wing","floor":12,"gold_loss":0},{"damage_healed":0,"gold_gain":0,"player_choice":"Fought Bandits","damage_taken":0,"max_hp_gain":0,"max_hp_loss":0,"event_name":"Masked Bandits","floor":19,"gold_loss":0},{"damage_healed":0,"gold_gain":0,"player_choice":"Opened","damage_taken":0,"relics_obtained":["Mango"],"max_hp_gain":0,"max_hp_loss":0,"event_name":"The Mausoleum","floor":21,"gold_loss":0,"cards_obtained":["Writhe"]},{"damage_healed":0,"gold_gain":0,"cards_transformed":["Defend_G","Strike_G"],"player_choice":"Became Test Subject","damage_taken":0,"max_hp_gain":0,"max_hp_loss":0,"event_name":"Drug Dealer","floor":22,"gold_loss":0,"cards_obtained":["Venomology","Doppelganger"]},{"damage_healed":0,"gold_gain":0,"player_choice":"Rummage","damage_taken":0,"relics_obtained":["WarpedTongs"],"max_hp_gain":0,"max_hp_loss":0,"event_name":"Accursed Blacksmith","floor":28,"gold_loss":0,"cards_obtained":["Pain"]}],"is_beta":false,"boss_relics":[{"not_picked":["Lizard Tail","Tiny House"],"picked":"Ring of the Serpent"}],"items_purged_floors":[3,30],"is_endless":false,"potions_floor_spawned":[6,11,13,14,16,19,23,25,29],"killed_by":"Champ","ascension_level":0}