{"gold_per_floor":[115,38,49,49,62,91,91,16,16,16,32,32,32,53,53,182,182,195,195,213,96,96,96,96,132,158,158,176,176,197,215,215,343,343,357,690,702,702,714,714,714],"floor_reached":41,"playtime":7503,"items_purged":["Strike_G"],"score":518,"play_id":"a4d95784-83bf-438f-ac4c-62c80936d534","local_time":"20181203153843","is_ascension_mode":true,"campfire_choices":[{"floor":7,"key":"REST"},{"data":"Noxious Fumes","floor":10,"key":"SMITH"},{"data":"Noxious Fumes","floor":12,"key":"SMITH"},{"data":"Neutralize","floor":15,"key":"SMITH"},{"data":"Venomology","floor":23,"key":"SMITH"},{"data":"Poisoned Stab","floor":27,"key":"SMITH"},{"floor":29,"key":"REST"},{"floor":32,"key":"REST"},{"data":"Magnetism","floor":40,"key":"SMITH"}],"neow_cost":"NONE","seed_source_timestamp":420510838890879,"circlet_count":0,"master_deck":["Defend_G+1","Defend_G","Defend_G","Defend_G+1","Defend_G","Strike_G","Strike_G","Strike_G","Survivor","Neutralize+1","Unload","Noxious Fumes+1","Noxious Fumes+1","Backstab","Poisoned Stab+1","Venomology+1","Poisoned Stab+1","Noxious Fumes+1","Noxious Fumes+1","Deadly Poison","Doubt","Dodge and Roll+1","Footwork","Malaise","Backstab","Magnetism+1","Deflect+1"],"relics":["Ring of the Snake","Gremlin Horn","War Paint","Cursed Key","MutagenicStrength","Ancient Tea Set","Strawberry","Eternal Feather"],"potions_floor_usage":[6,16,25,25,30,31,33,33,33,33,37,37,37,37,39],"damage_taken":[{"damage":0,"enemies":"Jaw Worm","floor":1,"turns":3},{"damage":2,"enemies":"Small Slimes","floor":3,"turns":4},{"damage":0,"enemies":"Cultist","floor":5,"turns":3},{"damage":26,"enemies":"Gremlin Nob","floor":6,"turns":5},{"damage":1,"enemies":"3 Louse","floor":11,"turns":4},{"damage":0,"enemies":"Large Slime","floor":14,"turns":5},{"damage":19,"enemies":"Slime Boss","floor":16,"turns":9},{"damage":8,"enemies":"Shell Parasite","floor":18,"turns":5},{"damage":5,"enemies":"3 Byrds","floor":20,"turns":4},{"damage":18,"enemies":"Gremlin Leader","floor":25,"turns":5},{"damage":14,"enemies":"Shelled Parasite and Fungi","floor":28,"turns":4},{"damage":4,"enemies":"Centurion and Healer","floor":30,"turns":4},{"damage":23,"enemies":"Snake Plant","floor":31,"turns":5},{"damage":33,"enemies":"Automaton","floor":33,"turns":10},{"damage":7,"enemies":"Orb Walker","floor":35,"turns":5},{"damage":19,"enemies":"3 Shapes","floor":37,"turns":5},{"damage":24,"enemies":"Maw","floor":39,"turns":8},{"damage":48,"enemies":"Transient","floor":41,"turns":4}],"seed_played":"8974494793789791188","potions_obtained":[{"floor":3,"key":"Block Potion"},{"floor":5,"key":"GamblersBrew"},{"floor":25,"key":"Energy Potion"},{"floor":30,"key":"Strength Potion"},{"floor":33,"key":"Block Potion"},{"floor":35,"key":"Regen Potion"}],"is_trial":false,"path_per_floor":["M","$","M","$","M","E","R","$","T","R","M","R","?","M","R","B",null,"M","?","M","$","?","R","?","E","T","R","M","R","M","M","R","B",null,"M","?","M","?","M","R","M"],"character_chosen":"THE_SILENT","items_purchased":["Noxious Fumes","Noxious Fumes","Dexterity Potion"],"campfire_rested":3,"item_purchase_floors":[2,21,21],"current_hp_per_floor":[70,70,68,68,68,42,63,63,63,63,62,62,62,62,62,43,65,57,57,52,52,52,52,52,34,41,41,27,48,44,21,42,24,72,65,65,56,56,32,47,0],"gold":714,"neow_bonus":"TRANSFORM_CARD","is_prod":false,"is_daily":false,"chose_seed":false,"campfire_upgraded":6,"win_rate":0,"timestamp":1543851523,"path_taken":["M","$","M","$","M","E","R","$","T","R","M","R","?","M","R","BOSS","M","?","?","$","?","R","?","E","T","R","M","R","M","?","R","BOSS","M","?","M","?","M","R","M"],"build_version":"2018-11-15","purchased_purges":1,"victory":false,"max_hp_per_floor":[70,70,70,70,70,70,70,70,70,70,70,70,65,65,65,65,65,65,65,65,65,65,65,65,65,72,72,72,72,72,72,72,72,72,72,72,72,72,72,72,72],"card_choices":[{"not_picked":["Underhanded Strike","Dagger Throw","Crippling Poison"],"picked":"SKIP","floor":1},{"not_picked":["Distraction","Underhanded Strike"],"picked":"Noxious Fumes","floor":3},{"not_picked":["Concentrate","Quick Slash","Deflect"],"picked":"SKIP","floor":5},{"not_picked":["Acrobatics","Blur","Dagger Throw"],"picked":"SKIP","floor":6},{"not_picked":["Dodge and Roll","Underhanded Strike"],"picked":"Backstab","floor":11},{"not_picked":["Underhanded Strike","Deadly Poison"],"picked":"Poisoned Stab","floor":14},{"not_picked":["Burst","Storm of Steel"],"picked":"Venomology","floor":16},{"not_picked":["Bane","PiercingWail+1"],"picked":"Poisoned Stab+1","floor":18},{"not_picked":["Accuracy","Deflect","Acrobatics"],"picked":"SKIP","floor":20},{"not_picked":["Heel Hook","Backstab+1"],"picked":"Deadly Poison","floor":25},{"not_picked":["Deflect","Underhanded Strike","Prepared"],"picked":"SKIP","floor":28},{"not_picked":["Deflect","Underhanded Strike","Prepared"],"picked":"SKIP","floor":28},{"not_picked":["All Out Attack+1","Flying Knee+1"],"picked":"Dodge and Roll+1","floor":30},{"not_picked":["Deflect","Die Die Die"],"picked":"Footwork","floor":31},{"not_picked":["Adrenaline","Phantasmal Killer"],"picked":"Malaise","floor":33},{"not_picked":["Accuracy","Calculated Gamble+1"],"picked":"Backstab","floor":35},{"not_picked":["Calculated Gamble","PiercingWail","Acrobatics"],"picked":"SKIP","floor":37},{"not_picked":["Discovery","Deep Breath"],"picked":"Magnetism","floor":38},{"not_picked":["Choke","Slice+1"],"picked":"Deflect+1","floor":39}],"player_experience":266218,"relics_obtained":[{"floor":6,"key":"Gremlin Horn"},{"floor":9,"key":"War Paint"},{"floor":25,"key":"Ancient Tea Set"},{"floor":26,"key":"Strawberry"}],"event_choices":[{"damage_healed":0,"gold_gain":0,"player_choice":"Lose Max HP","damage_taken":0,"relics_obtained":["Golden Idol"],"max_hp_gain":0,"max_hp_loss":5,"event_name":"Golden Idol","floor":13,"gold_loss":0},{"damage_healed":0,"gold_gain":0,"player_choice":"Copied","damage_taken":0,"max_hp_gain":0,"max_hp_loss":0,"event_name":"Duplicator","floor":19,"gold_loss":0,"cards_obtained":["Noxious Fumes"]},{"damage_healed":0,"gold_gain":0,"player_choice":"Inject Mutagens","damage_taken":0,"relics_obtained":["MutagenicStrength"],"max_hp_gain":0,"max_hp_loss":0,"event_name":"Drug Dealer","floor":22,"gold_loss":0},{"damage_healed":0,"gold_gain":0,"player_choice":"Upgraded","damage_taken":0,"max_hp_gain":0,"max_hp_loss":0,"event_name":"Upgrade Shrine","floor":24,"gold_loss":0,"cards_upgraded":["Noxious Fumes"]},{"damage_healed":0,"gold_gain":333,"player_choice":"Gave Idol","damage_taken":0,"max_hp_gain":0,"max_hp_loss":0,"event_name":"The Moai Head","floor":36,"relics_lost":["Golden Idol"],"gold_loss":0},{"damage_healed":0,"gold_gain":0,"player_choice":"Memory 1","damage_taken":0,"max_hp_gain":0,"max_hp_loss":0,"event_name":"SensoryStone","floor":38,"gold_loss":0}],"is_beta":false,"boss_relics":[{"not_picked":["Pandora\u0027s Box","Snecko Eye"],"picked":"Cursed Key"},{"not_picked":["Runic Pyramid","WristBlade"],"picked":"Eternal Feather"}],"items_purged_floors":[8],"is_endless":false,"potions_floor_spawned":[3,5,25,30,33,35],"killed_by":"Transient","ascension_level":4}