{"gold_per_floor":[117,36,52,14,14,14,33,33,56,56,16,51,51,80,80,177,177,194,205,219,232,89,116,116,144,144,144,159,175,175,189,189,291,291,309,323,147,147,157,157,157,157,157,176,190,200,220,26,26,26],"floor_reached":50,"playtime":4760,"items_purged":["Strike_G","Strike_G"],"score":623,"play_id":"6f8550e8-6dc6-485f-b103-ae4949f23ee3","local_time":"20181202165719","is_ascension_mode":true,"campfire_choices":[{"data":"Noxious Fumes","floor":6.0,"key":"SMITH"},{"data":"Neutralize","floor":8.0,"key":"SMITH"},{"data":"Dagger Spray","floor":10.0,"key":"SMITH"},{"data":"Sucker Punch","floor":13,"key":"SMITH"},{"data":"Glass Knife","floor":15,"key":"SMITH"},{"floor":24,"key":"REST"},{"floor":30,"key":"REST"},{"floor":32,"key":"REST"},{"floor":40,"key":"REST"},{"data":"Footwork","floor":42,"key":"SMITH"},{"floor":49,"key":"REST"}],"neow_cost":"NONE","seed_source_timestamp":341495034965132,"circlet_count":0,"master_deck":["Defend_G","Defend_G+1","Defend_G","Defend_G","Defend_G","Strike_G","Strike_G","Survivor","Neutralize+1","Finesse","Dagger Spray+1","Noxious Fumes+1","Backstab","Sucker Punch+1","Glass Knife+1","Adrenaline","Slice+1","Backflip","Sucker Punch","Noxious Fumes","Footwork+1","Deadly Poison","Bane","Backflip","Poisoned Stab","Envenom","Endless Agony","Noxious Fumes","Writhe","Infinite Blades","Blade Dance+1","Bouncing Flask+1"],"special_seed":0,"relics":["NeowsBlessing","Potion Belt","Pear","Anchor","Philosopher\u0027s Stone","Bronze Scales","Shuriken","Pantograph","Nloth\u0027s Gift","Cursed Key","Dead Branch","Snake Skull"],"potions_floor_usage":[16,16,18,20,29,35,39,44,44,44,50],"damage_taken":[{"damage":0.0,"enemies":"Cultist","floor":1.0,"turns":1.0},{"damage":0.0,"enemies":"Jaw Worm","floor":3.0,"turns":1.0},{"damage":0.0,"enemies":"2 Louse","floor":7.0,"turns":1.0},{"damage":0.0,"enemies":"Gremlin Nob","floor":12.0,"turns":3.0},{"damage":9,"enemies":"3 Sentries","floor":14,"turns":5},{"damage":13,"enemies":"The Guardian","floor":16,"turns":12},{"damage":0,"enemies":"3 Byrds","floor":18,"turns":3},{"damage":7,"enemies":"Shell Parasite","floor":19,"turns":5},{"damage":0,"enemies":"Sentry and Sphere","floor":20,"turns":4},{"damage":9,"enemies":"Snake Plant","floor":21,"turns":5},{"damage":29,"enemies":"Gremlin Leader","floor":23,"turns":6},{"damage":13,"enemies":"Slavers","floor":25,"turns":4},{"damage":0,"enemies":"Chosen and Byrds","floor":28,"turns":6},{"damage":2,"enemies":"3 Cultists","floor":29,"turns":3},{"damage":20,"enemies":"Sentry and Sphere","floor":31,"turns":4},{"damage":51,"enemies":"Champ","floor":33,"turns":9},{"damage":16,"enemies":"3 Shapes","floor":35,"turns":8},{"damage":4,"enemies":"Orb Walker","floor":36,"turns":3},{"damage":34,"enemies":"Jaw Worm Horde","floor":39,"turns":4},{"damage":14,"enemies":"Maw","floor":44,"turns":7},{"damage":3,"enemies":"4 Shapes","floor":45,"turns":5},{"damage":2,"enemies":"Transient","floor":46,"turns":5},{"damage":23,"enemies":"Sphere and 2 Shapes","floor":47,"turns":4},{"damage":75,"enemies":"Awakened One","floor":50,"turns":6}],"seed_played":"-7936349544505646979","potions_obtained":[{"floor":7.0,"key":"GhostInAJar"},{"floor":11.0,"key":"Explosive Potion"},{"floor":11.0,"key":"SpeedPotion"},{"floor":11.0,"key":"Explosive Potion"},{"floor":12.0,"key":"GhostInAJar"},{"floor":16,"key":"GamblersBrew"},{"floor":19,"key":"GhostInAJar"},{"floor":25,"key":"LiquidBronze"},{"floor":28,"key":"FairyPotion"},{"floor":29,"key":"LiquidBronze"},{"floor":33,"key":"EssenceOfSteel"},{"floor":35,"key":"EssenceOfSteel"},{"floor":39,"key":"EntropicBrew"}],"is_trial":false,"path_per_floor":["M","$","M","$","?","R","M","R","T","R","?","E","R","E","R","B",null,"M","M","M","M","$","E","R","E","T","?","M","M","R","M","R","B",null,"M","M","$","?","M","R","?","R","T","M","M","M","M","$","R","B"],"character_chosen":"THE_SILENT","items_purchased":["Finesse","Noxious Fumes","Footwork","Noxious Fumes","Snake Skull","SpeedPotion"],"campfire_rested":5,"item_purchase_floors":[2,4,22,37,48,48],"current_hp_per_floor":[70,70,70,70,56,56,56,56,56,56,56,66,66,57,57,44,80,80,73,73,64,64,35,59,46,46,46,46,44,68,48,72,29,80,64,60,60,60,26,50,50,50,50,36,33,31,8,8,32,0],"gold":26,"neow_bonus":"THREE_ENEMY_KILL","is_prod":false,"is_daily":false,"chose_seed":false,"campfire_upgraded":6,"win_rate":0,"timestamp":1543769839,"path_taken":["M","$","?","$","?","R","M","R","T","R","?","E","R","E","R","BOSS","M","M","?","M","$","E","R","E","T","?","?","?","R","M","R","BOSS","M","M","$","?","M","R","?","R","T","M","M","M","?","$","R","BOSS"],"build_version":"2018-11-15","purchased_purges":2,"victory":false,"max_hp_per_floor":[70,70,70,70,70,70,70,70,70,70,70,80,80,80,80,80,80,80,80,80,80,80,80,80,80,80,80,80,80,80,80,80,80,80,80,80,80,80,80,80,80,80,80,80,80,80,80,80,80,80],"card_choices":[{"not_picked":["Dagger Throw","Prepared","Bouncing Flask"],"picked":"SKIP","floor":1.0},{"not_picked":["Finisher","Bane"],"picked":"Dagger Spray","floor":3.0},{"not_picked":["Die Die Die","Dagger Throw"],"picked":"Backstab","floor":7.0},{"not_picked":["Bouncing Flask","Deadly Poison"],"picked":"Sucker Punch","floor":12.0},{"not_picked":["Cloak And Dagger","Deadly Poison"],"picked":"Glass Knife","floor":14},{"not_picked":["Night Terror","After Image"],"picked":"Adrenaline","floor":16},{"not_picked":["Calculated Gamble","Endless Agony"],"picked":"Slice+1","floor":18},{"not_picked":["Crippling Poison+1","Quick Slash+1"],"picked":"Backflip","floor":19},{"not_picked":["Blade Dance","Outmaneuver"],"picked":"Sucker Punch","floor":20},{"not_picked":["Well Laid Plans","Acrobatics+1"],"picked":"Noxious Fumes","floor":21},{"not_picked":["Blade Dance","Choke","Finisher"],"picked":"SKIP","floor":23},{"not_picked":["Accuracy","Calculated Gamble+1"],"picked":"Deadly Poison","floor":25},{"not_picked":["Dagger Throw","Quick Slash+1"],"picked":"Bane","floor":28},{"not_picked":["Riddle With Holes+1","Unload"],"picked":"Backflip","floor":29},{"not_picked":["Dagger Spray+1","Dodge and Roll"],"picked":"Poisoned Stab","floor":31},{"not_picked":["Doppelganger","Burst"],"picked":"Envenom","floor":33},{"not_picked":["Outmaneuver+1","Dagger Spray+1"],"picked":"Endless Agony","floor":35},{"not_picked":["Dagger Spray","Acrobatics+1","Deflect"],"picked":"SKIP","floor":36},{"not_picked":["Bane+1","Acrobatics+1","Setup"],"picked":"SKIP","floor":39},{"not_picked":["Bane","PiercingWail+1"],"picked":"Infinite Blades","floor":44},{"not_picked":["Flying Knee+1","Sucker Punch"],"picked":"Blade Dance+1","floor":45},{"not_picked":["Outmaneuver+1","Dagger Spray","Prepared+1"],"picked":"SKIP","floor":46},{"not_picked":["Caltrops+1","Flechettes+1"],"picked":"Bouncing Flask+1","floor":47}],"player_experience":241870,"relics_obtained":[{"floor":9.0,"key":"Potion Belt"},{"floor":12.0,"key":"Pear"},{"floor":14,"key":"Anchor"},{"floor":23,"key":"Bronze Scales"},{"floor":25,"key":"Shuriken"},{"floor":26,"key":"Pantograph"},{"floor":43,"key":"Dead Branch"}],"event_choices":[{"damage_healed":0.0,"max_hp_gain":0.0,"max_hp_loss":0.0,"gold_gain":0.0,"event_name":"Shining Light","player_choice":"Entered Light","floor":5.0,"gold_loss":0.0,"damage_taken":14.0,"cards_upgraded":["Strike_G","Defend_G"]},{"damage_healed":0.0,"max_hp_gain":0.0,"max_hp_loss":0.0,"gold_gain":0.0,"event_name":"The Woman in Blue","player_choice":"Bought 3 Potions","floor":11.0,"gold_loss":0.0,"damage_taken":0.0},{"damage_healed":0,"gold_gain":0,"player_choice":"Traded Relic","damage_taken":0,"relics_obtained":["Nloth\u0027s Gift"],"max_hp_gain":0,"max_hp_loss":0,"event_name":"N\u0027loth","floor":27,"relics_lost":["Ring of the Snake"],"gold_loss":0},{"damage_healed":0,"gold_gain":0,"player_choice":"Ignored","damage_taken":0,"max_hp_gain":0,"max_hp_loss":0,"event_name":"Mysterious Sphere","floor":38,"gold_loss":0},{"cards_removed":["Strike_G"],"damage_healed":0,"gold_gain":0,"player_choice":"Removed Attack","damage_taken":0,"max_hp_gain":0,"max_hp_loss":0,"event_name":"Falling","floor":41,"gold_loss":0}],"is_beta":false,"boss_relics":[{"not_picked":["Ectoplasm","Tiny House"],"picked":"Philosopher\u0027s Stone"},{"not_picked":["WristBlade","Fusion Hammer"],"picked":"Cursed Key"}],"items_purged_floors":[22,37],"is_endless":false,"potions_floor_spawned":[7,12,16,19,25,28,29,33,35,39],"killed_by":"Awakened One","ascension_level":4}