{"gold_per_floor":[110,128,53,128,141,141,174,174,253,253,253,279,279,279,279,279],"floor_reached":16,"playtime":1055,"items_purged":["Strike_R"],"score":111,"play_id":"f29411ba-0b1f-4ea6-89a1-1feabae9bee3","local_time":"20190814193100","is_ascension_mode":true,"campfire_choices":[{"data":"Shockwave","floor":6,"key":"SMITH"},{"floor":8,"key":"REST"},{"floor":11,"key":"REST"},{"floor":13,"key":"REST"},{"data":"Impervious","floor":15,"key":"SMITH"}],"neow_cost":"NONE","seed_source_timestamp":288521084023113,"circlet_count":0,"master_deck":["Strike_R","Strike_R","Strike_R","Strike_R","Defend_R+1","Defend_R","Defend_R+1","Defend_R","Bash","Battle Trance","Shockwave+1","Rage","Impervious+1"],"relics":["Burning Blood","Ancient Tea Set","Blue Candle","Dodecahedron"],"potions_floor_usage":[7,7],"damage_taken":[{"damage":2,"enemies":"Small Slimes","floor":1,"turns":4},{"damage":2,"enemies":"2 Louse","floor":2,"turns":4},{"damage":10,"enemies":"Jaw Worm","floor":5,"turns":6},{"damage":69,"enemies":"Lagavulin","floor":7,"turns":11},{"damage":24,"enemies":"Gremlin Nob","floor":12,"turns":4},{"damage":81,"enemies":"Hexaghost","floor":16,"turns":16}],"seed_played":"6634696866843436745","potions_obtained":[{"floor":2,"key":"Poison Potion"},{"floor":5,"key":"Ancient Potion"}],"is_trial":false,"path_per_floor":["M","M","$","?","M","R","E","R","T","?","R","E","R","?","R","B"],"character_chosen":"IRONCLAD","items_purchased":[],"campfire_rested":3,"item_purchase_floors":[],"current_hp_per_floor":[88,88,88,77,73,73,10,36,36,18,44,26,52,81,81,0],"gold":279,"neow_bonus":"TEN_PERCENT_HP_BONUS","is_prod":false,"is_daily":false,"chose_seed":false,"campfire_upgraded":2,"win_rate":0,"timestamp":1565807460,"path_taken":["M","M","$","?","M","R","E","R","T","?","R","E","R","?","R","BOSS"],"build_version":"2019-07-17","purchased_purges":1,"victory":false,"max_hp_per_floor":[88,88,88,88,88,88,88,88,88,88,88,88,88,88,88,88],"card_choices":[{"not_picked":["Shrug It Off","Heavy Blade"],"picked":"Battle Trance","floor":1},{"not_picked":["Heavy Blade","Shrug It Off"],"picked":"Shockwave","floor":2},{"not_picked":["Cleave","Thunderclap","Headbutt"],"picked":"SKIP","floor":5},{"not_picked":["Rupture","Shrug It Off"],"picked":"Rage","floor":7},{"not_picked":["Combust","Ghostly Armor"],"picked":"Impervious","floor":12}],"player_experience":364364,"relics_obtained":[{"floor":7,"key":"Ancient Tea Set"},{"floor":9,"key":"Blue Candle"},{"floor":12,"key":"Dodecahedron"}],"event_choices":[{"damage_healed":0,"gold_gain":75,"player_choice":"Gather Gold","damage_taken":11,"max_hp_gain":0,"max_hp_loss":0,"event_name":"World of Goop","floor":4,"gold_loss":0},{"damage_healed":0,"gold_gain":0,"player_choice":"Entered Light","damage_taken":18,"max_hp_gain":0,"max_hp_loss":0,"event_name":"Shining Light","floor":10,"gold_loss":0,"cards_upgraded":["Defend_R","Defend_R"]},{"damage_healed":29,"gold_gain":0,"player_choice":"Banana","damage_taken":0,"max_hp_gain":0,"max_hp_loss":0,"event_name":"Big Fish","floor":14,"gold_loss":0}],"is_beta":false,"boss_relics":[],"items_purged_floors":[3],"is_endless":false,"potions_floor_spawned":[2,5],"killed_by":"Hexaghost","ascension_level":1}