{"gold_per_floor":[119,69,84,100,111,111,23,23,23,56,56,56,71,89,89,194,194,204,204,223,223,237,237,237,257,280,298,223,243,243,257,257,353,353,366,108,119,119,119,119,132,132,203,7,23,39,39,39,39,39],"floor_reached":51,"playtime":6835,"items_purged":["Strike_G","Strike_G","Strike_G"],"score":801,"play_id":"f46a27df-965b-44f3-98a0-706d9ee80b8e","local_time":"20180628101713","is_ascension_mode":false,"campfire_choices":[{"data":"Dagger Spray","floor":6,"key":"SMITH"},{"data":"Noxious Fumes","floor":8,"key":"SMITH"},{"data":"Backflip","floor":11,"key":"SMITH"},{"data":"Leg Sweep","floor":15,"key":"SMITH"},{"data":"Malaise","floor":23,"key":"SMITH"},{"data":"Glass Knife","floor":30,"key":"SMITH"},{"floor":32,"key":"REST"},{"floor":40,"key":"REST"},{"floor":49,"key":"REST"}],"neow_cost":"NONE","seed_source_timestamp":800218091370161,"circlet_count":0,"master_deck":["Defend_G","Defend_G","Defend_G","Defend_G","Defend_G","Strike_G","Survivor","Neutralize+1","Sucker Punch","Leg Sweep+1","Dagger Spray+1","Well Laid Plans+1","Noxious Fumes+1","Backstab","Bane","Glass Knife+1","Malaise+1","Bane","Terror","Blur","Bane+1","Footwork","Catalyst","Backflip","Dodge and Roll","Backstab","Writhe","Footwork","Backflip"],"relics":["Ring of the Snake","Ninja Scroll","Tingsha","Orrery","Bronze Scales","White Beast Statue","Singing Bowl","Ginger","Centennial Puzzle"],"potions_floor_usage":[14,16,25,29,31,33,39,41,45,45,45,50,50],"damage_taken":[{"damage":0,"enemies":"Small Slimes","floor":1,"turns":5},{"damage":0,"enemies":"Jaw Worm","floor":3,"turns":5},{"damage":0,"enemies":"2 Louse","floor":4,"turns":4},{"damage":4,"enemies":"Lots of Slimes","floor":5,"turns":4},{"damage":3,"enemies":"3 Sentries","floor":10,"turns":7},{"damage":0,"enemies":"Blue Slaver","floor":13,"turns":3},{"damage":0,"enemies":"Red Slaver","floor":14,"turns":1},{"damage":2,"enemies":"The Guardian","floor":16,"turns":9},{"damage":11,"enemies":"2 Thieves","floor":18,"turns":5},{"damage":0,"enemies":"3 Byrds","floor":20,"turns":4},{"damage":0,"enemies":"Snecko","floor":22,"turns":9},{"damage":9,"enemies":"Centurion and Healer","floor":25,"turns":6},{"damage":1,"enemies":"Chosen and Byrds","floor":27,"turns":6},{"damage":17,"enemies":"Sentry and Sphere","floor":29,"turns":6},{"damage":2,"enemies":"Cultist and Chosen","floor":31,"turns":6},{"damage":46,"enemies":"Automaton","floor":33,"turns":12},{"damage":26,"enemies":"3 Shapes","floor":35,"turns":4},{"damage":18,"enemies":"Orb Walker","floor":37,"turns":5},{"damage":1,"floor":39,"turns":8},{"damage":34,"enemies":"3 Darklings","floor":41,"turns":5},{"damage":10,"enemies":"Maw","floor":45,"turns":12},{"damage":19,"enemies":"Sphere and 2 Shapes","floor":46,"turns":6},{"damage":13,"enemies":"Time Eater","floor":50,"turns":19}],"seed_played":"-8009839787028486200","potions_obtained":[{"floor":5,"key":"FearPotion"},{"floor":10,"key":"LiquidBronze"},{"floor":13,"key":"Regen Potion"},{"floor":14,"key":"Poison Potion"},{"floor":22,"key":"SteroidPotion"},{"floor":29,"key":"Regen Potion"},{"floor":33,"key":"Ancient Potion"},{"floor":35,"key":"SkillPotion"},{"floor":37,"key":"Swift Potion"},{"floor":39,"key":"PowerPotion"},{"floor":41,"key":"Block Potion"},{"floor":45,"key":"Strength Potion"},{"floor":46,"key":"EssenceOfSteel"}],"is_trial":false,"path_per_floor":["M","?","M","M","M","R","$","R","T","E","R","?","M","M","R","B",null,"M","?","M","?","M","R","?","M","T","M","$","M","R","M","R","B",null,"M","$","M","T","?","R","M","?","T","$","M","M","$","?","R","B"],"character_chosen":"THE_SILENT","items_purchased":["Noxious Fumes","Backflip","Footwork","Catalyst","Footwork"],"campfire_rested":3,"item_purchase_floors":[7,7,36,36,44],"current_hp_per_floor":[70,70,70,70,66,66,66,66,66,63,63,63,63,63,63,61,70,59,59,59,59,59,59,59,50,50,49,49,46,46,44,65,34,70,44,44,26,26,25,46,12,30,30,30,20,3,3,3,24,11],"gold":39,"neow_bonus":"UPGRADE_CARD","is_prod":false,"is_daily":false,"chose_seed":false,"campfire_upgraded":6,"win_rate":0,"timestamp":1530177433,"path_taken":["M","?","M","M","M","R","$","R","T","E","R","?","?","M","R","BOSS","M","?","M","?","M","R","?","M","T","M","?","M","R","M","R","BOSS","M","$","?","?","?","R","M","?","T","$","M","?","?","?","R","BOSS"],"build_version":"2018-06-21v2","purchased_purges":3,"victory":true,"max_hp_per_floor":[70,70,70,70,70,70,70,70,70,70,70,70,70,70,70,70,70,70,70,70,70,70,70,70,70,70,70,70,70,70,70,70,70,70,70,70,70,70,70,70,70,70,70,70,70,72,72,72,72,72],"card_choices":[{"not_picked":["Cloak And Dagger","Slice"],"picked":"Sucker Punch","floor":1},{"not_picked":["Acrobatics","Deadly Poison"],"picked":"Leg Sweep","floor":3},{"not_picked":["Adrenaline","Flying Knee"],"picked":"Dagger Spray","floor":4},{"not_picked":["Catalyst","Backflip"],"picked":"Well Laid Plans","floor":5},{"not_picked":["Skewer","Dodge and Roll"],"picked":"Backstab","floor":10},{"not_picked":["Quick Slash","Slice"],"picked":"Bane","floor":13},{"not_picked":["Accuracy","Choke","Bouncing Flask"],"picked":"SKIP","floor":14},{"not_picked":["Bullet Time","Night Terror"],"picked":"Glass Knife","floor":16},{"not_picked":["Crippling Poison","Deadly Poison"],"picked":"Malaise","floor":17},{"not_picked":["Deadly Poison","Burst"],"picked":"Bane","floor":18},{"not_picked":["Underhanded Strike","Endless Agony","Dagger Spray"],"picked":"SKIP","floor":20},{"not_picked":["Quick Slash","Dagger Throw+1","Deflect"],"picked":"SKIP","floor":22},{"not_picked":["Quick Slash","Deadly Poison"],"picked":"Terror","floor":25},{"not_picked":["Slice","Deadly Poison","All Out Attack"],"picked":"SKIP","floor":27},{"not_picked":["Cloak And Dagger","Dodge and Roll+1","Outmaneuver"],"picked":"SKIP","floor":29},{"not_picked":["Sucker Punch","Phantasmal Killer"],"picked":"Blur","floor":31},{"not_picked":["Well Laid Plans+1","Leg Sweep+1"],"picked":"Bane+1","floor":35},{"not_picked":["Backstab+1","Bane"],"picked":"Backflip","floor":37},{"not_picked":["Outmaneuver","Deflect"],"picked":"Dodge and Roll","floor":39},{"not_picked":["All Out Attack+1","Sucker Punch+1"],"picked":"Backstab","floor":41},{"not_picked":["Acrobatics+1","Heel Hook"],"picked":"Backflip","floor":45},{"not_picked":["Underhanded Strike","Crippling Poison+1","Outmaneuver+1"],"picked":"Singing Bowl","floor":46}],"player_experience":199116,"relics_obtained":[{"floor":9,"key":"Ninja Scroll"},{"floor":10,"key":"Tingsha"},{"floor":26,"key":"Bronze Scales"},{"floor":38,"key":"Singing Bowl"},{"floor":39,"key":"Ginger"},{"floor":43,"key":"Centennial Puzzle"}],"event_choices":[{"event_name":"The Cleric","player_choice":"Card Removal","floor":2,"damage_taken":0},{"event_name":"Upgrade Shrine","player_choice":"Upgraded","floor":12,"damage_taken":0},{"event_name":"The Mausoleum","player_choice":"No","floor":19,"damage_taken":0},{"event_name":"Vampires","player_choice":"Ignored","floor":21,"damage_taken":0},{"event_name":"Ghosts","player_choice":"Ignored","floor":24,"damage_taken":0},{"event_name":"MindBloom","player_choice":"Fight","floor":39,"damage_taken":0},{"event_name":"Winding Halls","player_choice":"Writhe","floor":42,"damage_taken":0},{"event_name":"Falling","player_choice":"Removed Skill","floor":48,"damage_taken":0}],"boss_relics":[{"not_picked":["Black Star","Runic Dome"],"picked":"Orrery"},{"not_picked":["Fusion Hammer","Velvet Choker"],"picked":"White Beast Statue"}],"items_purged_floors":[28,36,44],"is_endless":false,"potions_floor_spawned":[5,10,13,14,22,29,33,35,37,39,41,45,46],"ascension_level":0}