{"gold_per_floor":[16,16,35,35,35,35,49,49,49,49,49,49,49,59,59,59],"floor_reached":16,"playtime":1071,"items_purged":[],"score":88,"play_id":"8ef26574-6e5a-40e0-a7ff-e904cf3de5bf","local_time":"20180625003040","is_ascension_mode":false,"campfire_choices":[{"data":"Pommel Strike","floor":6,"key":"SMITH"},{"data":"Pommel Strike","floor":8,"key":"SMITH"},{"data":"Ghostly Armor","floor":10,"key":"SMITH"},{"data":"Ghostly Armor","floor":15,"key":"SMITH"}],"neow_cost":"NO_GOLD","seed_source_timestamp":511610559162977,"circlet_count":0,"master_deck":["Strike_R+1","Strike_R","Strike_R","Strike_R","Defend_R","Defend_R","Defend_R+1","Bash","Pommel Strike+1","Pommel Strike+1","Ghostly Armor+1","Ghostly Armor+1"],"relics":["Burning Blood","Incense Burner","Matryoshka","Regal Pillow","Ancient Tea Set"],"potions_floor_usage":[],"damage_taken":[{"damage":0,"enemies":"2 Louse","floor":1,"turns":3},{"damage":1,"enemies":"Jaw Worm","floor":3,"turns":4},{"damage":0,"enemies":"Small Slimes","floor":7,"turns":4},{"damage":0,"enemies":"Blue Slaver","floor":14,"turns":3},{"damage":62,"enemies":"Hexaghost","floor":16,"turns":12}],"seed_played":"8510582368698687233","potions_obtained":[{"floor":7,"key":"Explosive Potion"}],"is_trial":false,"path_per_floor":["M","$","M","?","?","R","M","R","T","R","?","$","T","M","R"],"character_chosen":"IRONCLAD","items_purchased":[],"campfire_rested":0,"item_purchase_floors":[],"current_hp_per_floor":[80,80,80,73,57,57,63,63,63,63,63,63,63,69,69,7],"gold":59,"neow_bonus":"ONE_RARE_RELIC","is_prod":false,"is_daily":false,"chose_seed":false,"campfire_upgraded":4,"win_rate":0.0,"timestamp":1529883040,"path_taken":["M","$","M","?","?","R","M","R","T","R","?","?","?","M","R","BOSS"],"build_version":"2018-06-21v2","purchased_purges":0,"victory":false,"max_hp_per_floor":[80,80,80,80,80,80,80,80,80,80,80,80,80,80,80,80],"card_choices":[{"not_picked":["Clash","Twin Strike"],"picked":"Pommel Strike","floor":1},{"not_picked":["Flame Barrier","Thunderclap"],"picked":"Pommel Strike","floor":3},{"not_picked":["Havoc","Fire Breathing"],"picked":"Ghostly Armor","floor":7},{"not_picked":["Power Through","Clothesline"],"picked":"Ghostly Armor","floor":14}],"player_experience":114363,"relics_obtained":[{"floor":9,"key":"Matryoshka"},{"floor":13,"key":"Regal Pillow"},{"floor":13,"key":"Ancient Tea Set"}],"event_choices":[{"event_name":"Golden Wing","player_choice":"Card Removal","floor":4,"damage_taken":0},{"event_name":"Shining Light","player_choice":"Entered Light","floor":5,"damage_taken":0},{"event_name":"Bonfire Elementals","player_choice":"BASIC","floor":11,"damage_taken":0}],"boss_relics":[],"items_purged_floors":[],"is_endless":false,"potions_floor_spawned":[7],"killed_by":"Hexaghost","ascension_level":0}