{"gold_per_floor":[115,127,78,78,89,89,100,100,100,120,120,6,6,17,17,116,116,134,146,166,166,166],"floor_reached":22,"playtime":1563,"items_purged":[],"score":178,"play_id":"4d20ec97-1094-416b-9b7b-daacb13ef63a","local_time":"20180623142056","is_ascension_mode":false,"campfire_choices":[{"floor":6,"key":"REST"},{"floor":8,"key":"REST"},{"data":"Deadly Poison","floor":11,"key":"SMITH"},{"data":"Deadly Poison","floor":13,"key":"SMITH"},{"floor":15,"key":"REST"}],"neow_cost":"NONE","seed_source_timestamp":388135171103703,"circlet_count":0,"master_deck":["Defend_G","Defend_G","Defend_G","Defend_G","Defend_G","Strike_G","Strike_G","Strike_G","Strike_G","Strike_G","Survivor","Neutralize","Deadly Poison+1","Finisher","Choke","Deadly Poison+1","Dagger Spray","Dodge and Roll","PiercingWail","Venomology","Neutralize","Masterful Stab","Sucker Punch","Bane","Terror","Dash","Noxious Fumes","Caltrops","Corpse Explosion","Bouncing Flask","Bane","PiercingWail+1"],"relics":["Orrery","Ornamental Fan","Sozu"],"potions_floor_usage":[10,10,10,16,18],"damage_taken":[{"damage":1,"enemies":"Cultist","floor":1,"turns":3},{"damage":9,"enemies":"Jaw Worm","floor":2,"turns":4},{"damage":16,"enemies":"Small Slimes","floor":5,"turns":4},{"damage":5,"enemies":"3 Louse","floor":7,"turns":3},{"damage":1,"enemies":"Exordium Wildlife","floor":10,"turns":3},{"damage":3,"enemies":"Looter","floor":14,"turns":2},{"damage":27,"enemies":"Hexaghost","floor":16,"turns":9},{"damage":29,"enemies":"2 Thieves","floor":18,"turns":4},{"damage":24,"enemies":"3 Byrds","floor":19,"turns":5},{"damage":10,"enemies":"Centurion and Healer","floor":20,"turns":7},{"damage":0,"enemies":"Sentry and Sphere","floor":22,"turns":1}],"seed_played":"-862896093486895121","potions_obtained":[{"floor":5,"key":"PowerPotion"},{"floor":16,"key":"Swift Potion"}],"is_trial":false,"path_per_floor":["M","M","$","?","M","R","M","R","T","M","R","$","R","M","R","B",null,"M","M","M","$"],"character_chosen":"THE_SILENT","items_purchased":["Poison Potion","Dash","Noxious Fumes"],"campfire_rested":3,"item_purchase_floors":[3,12,12],"current_hp_per_floor":[69,60,60,60,44,65,60,70,70,69,69,69,69,66,70,43,70,41,17,7,7,7],"gold":166,"neow_bonus":"BOSS_RELIC","is_prod":false,"is_daily":false,"chose_seed":false,"campfire_upgraded":2,"win_rate":0.0,"timestamp":1529760056,"path_taken":["M","M","$","?","M","R","M","R","T","?","R","$","R","M","R","BOSS","M","M","M","$","M"],"build_version":"2018-06-21v2","purchased_purges":0,"victory":false,"max_hp_per_floor":[70,70,70,70,70,70,70,70,70,70,70,70,70,70,70,70,70,70,70,70,70,70],"card_choices":[{"not_picked":["Poisoned Stab","Blur"],"picked":"Deadly Poison","floor":0},{"not_picked":["Escape Plan","Deflect"],"picked":"Finisher","floor":0},{"not_picked":["Caltrops","Prepared"],"picked":"Choke","floor":0},{"not_picked":["Outmaneuver","Endless Agony"],"picked":"Deadly Poison","floor":0},{"not_picked":["Outmaneuver","PiercingWail"],"picked":"Dagger Spray","floor":0},{"not_picked":["Dagger Spray","Bane"],"picked":"Dodge and Roll","floor":1},{"not_picked":["Reflex","A Thousand Cuts"],"picked":"PiercingWail","floor":2},{"not_picked":["Heel Hook","Bane"],"picked":"Sucker Punch","floor":5},{"not_picked":["Prepared","Eviscerate"],"picked":"Bane","floor":7},{"not_picked":["Finisher","Dagger Spray"],"picked":"Terror","floor":10},{"not_picked":["Flying Knee","Finisher"],"picked":"Caltrops","floor":14},{"not_picked":["Tools of the Trade","After Image"],"picked":"Corpse Explosion","floor":16},{"not_picked":["Finisher","Dagger Throw"],"picked":"Bouncing Flask","floor":18},{"not_picked":["Acrobatics","Dagger Throw"],"picked":"Bane","floor":19},{"not_picked":["Prepared","Malaise"],"picked":"PiercingWail+1","floor":20}],"player_experience":80655,"relics_obtained":[{"floor":9,"key":"Ornamental Fan"}],"event_choices":[{"event_name":"Match and Keep!","player_choice":"3 cards matched","floor":4,"damage_taken":0}],"boss_relics":[{"not_picked":["Ectoplasm","Fusion Hammer"],"picked":"Sozu"}],"items_purged_floors":[],"is_endless":false,"potions_floor_spawned":[5,16,18,19],"killed_by":"Sentry and Sphere","ascension_level":0}