{"gold_per_floor":[119,119,144,144,157,157,173,217,243,3,22,60,60,104,104,225,225,239,164,178,202,55,95,95,134,134,134,148,148],"floor_reached":29,"playtime":1682,"items_purged":["Strike_R","Defend_R"],"score":379,"play_id":"93f589ee-3787-4127-962d-aff822979c68","local_time":"20190717174050","is_ascension_mode":true,"campfire_choices":[{"data":"Uppercut","floor":6,"key":"SMITH"},{"floor":13,"key":"REST"},{"data":"Armaments","floor":15,"key":"SMITH"},{"floor":24,"key":"REST"}],"neow_cost":"NONE","seed_source_timestamp":75664130243800,"circlet_count":0,"master_deck":["Strike_R","Strike_R","Strike_R","Defend_R","Defend_R","Defend_R","Bash","Battle Trance","Pommel Strike","Uppercut+1","Shrug It Off","Inflame","Rupture","True Grit","Armaments+1","Juggernaut+1","Combust","Rupture","Hemokinesis","True Grit","Twin Strike","Spot Weakness","Shrug It Off+1"],"relics":["Burning Blood","Golden Idol","Vajra","Happy Flower","Singing Bowl","Blood Vial","Pear","Sozu","Ornamental Fan","Boot","Strawberry"],"potions_floor_usage":[8],"damage_taken":[{"damage":0,"enemies":"Small Slimes","floor":1,"turns":3},{"damage":5,"enemies":"2 Louse","floor":3,"turns":4},{"damage":4,"enemies":"Jaw Worm","floor":5,"turns":4},{"damage":0,"enemies":"Looter","floor":7,"turns":4},{"damage":18,"enemies":"Lagavulin","floor":8,"turns":7},{"damage":22,"enemies":"Lots of Slimes","floor":11,"turns":4},{"damage":24,"enemies":"3 Sentries","floor":12,"turns":7},{"damage":16,"enemies":"Gremlin Nob","floor":14,"turns":3},{"damage":3,"enemies":"The Guardian","floor":16,"turns":14},{"damage":25,"enemies":"Spheric Guardian","floor":18,"turns":5},{"damage":6,"enemies":"Chosen","floor":20,"turns":4},{"damage":14,"enemies":"Sentry and Sphere","floor":21,"turns":5},{"damage":48,"enemies":"Slavers","floor":23,"turns":6},{"damage":44,"enemies":"Gremlin Leader","floor":25,"turns":5},{"damage":23,"enemies":"Shelled Parasite and Fungi","floor":28,"turns":4},{"damage":17,"enemies":"Snake Plant","floor":29,"turns":2}],"seed_played":"-4224608877668699840","potions_obtained":[{"floor":3,"key":"Dexterity Potion"},{"floor":7,"key":"FearPotion"},{"floor":11,"key":"Ancient Potion"}],"is_trial":false,"path_per_floor":["M","?","M","?","M","R","M","E","T","$","M","E","R","E","R","B",null,"M","$","M","M","$","E","R","E","T","?","M","M"],"character_chosen":"IRONCLAD","items_purchased":["Singing Bowl","True Grit"],"campfire_rested":2,"item_purchase_floors":[10,22],"current_hp_per_floor":[80,60,61,66,68,68,74,62,62,62,48,30,56,58,58,63,89,72,72,74,68,68,28,57,21,28,28,13,0],"gold":148,"neow_bonus":"TRANSFORM_CARD","is_prod":false,"is_daily":false,"chose_seed":false,"campfire_upgraded":2,"win_rate":0,"timestamp":1563399650,"path_taken":["M","?","M","?","?","R","M","E","T","$","M","E","R","E","R","BOSS","M","$","M","M","$","E","R","E","T","?","M","?"],"build_version":"2019-07-05","purchased_purges":2,"victory":false,"max_hp_per_floor":[80,80,80,85,85,85,85,85,85,85,87,87,87,97,97,97,97,97,97,97,97,97,97,97,97,104,104,104,104],"card_choices":[{"not_picked":["Perfected Strike","Sentinel"],"picked":"Pommel Strike","floor":1},{"not_picked":["Perfected Strike","Power Through"],"picked":"Uppercut","floor":3},{"not_picked":["Pommel Strike","Uppercut"],"picked":"Shrug It Off","floor":5},{"not_picked":["Anger","Fire Breathing"],"picked":"Inflame","floor":7},{"not_picked":["Pommel Strike","Rampage"],"picked":"Rupture","floor":8},{"not_picked":["Perfected Strike","Thunderclap","Body Slam"],"picked":"Singing Bowl","floor":11},{"not_picked":["Uppercut","Pommel Strike"],"picked":"True Grit","floor":12},{"not_picked":["Shrug It Off","Wild Strike"],"picked":"Armaments","floor":14},{"not_picked":["Barricade","Bludgeon"],"picked":"Juggernaut","floor":16},{"not_picked":["Seeing Red","Anger"],"picked":"Combust","floor":18},{"not_picked":["Havoc","Pommel Strike+1"],"picked":"Rupture","floor":20},{"not_picked":["Armaments","Inflame"],"picked":"Hemokinesis","floor":21},{"not_picked":["Pommel Strike+1","Inflame"],"picked":"Twin Strike","floor":23},{"not_picked":["Twin Strike","Thunderclap"],"picked":"Spot Weakness","floor":25},{"not_picked":["Thunderclap+1","Flex"],"picked":"Shrug It Off+1","floor":28}],"player_experience":383796,"relics_obtained":[{"floor":8,"key":"Vajra"},{"floor":9,"key":"Happy Flower"},{"floor":12,"key":"Blood Vial"},{"floor":14,"key":"Pear"},{"floor":23,"key":"Ornamental Fan"},{"floor":25,"key":"Boot"},{"floor":26,"key":"Strawberry"}],"event_choices":[{"damage_healed":0,"gold_gain":0,"player_choice":"Take Damage","damage_taken":20,"relics_obtained":["Golden Idol"],"max_hp_gain":0,"max_hp_loss":0,"event_name":"Golden Idol","floor":2,"gold_loss":0},{"damage_healed":0,"gold_gain":0,"player_choice":"Donut","damage_taken":0,"max_hp_gain":5,"max_hp_loss":0,"event_name":"Big Fish","floor":4,"gold_loss":0},{"damage_healed":0,"gold_gain":0,"player_choice":"Forge","damage_taken":0,"max_hp_gain":0,"max_hp_loss":0,"event_name":"Accursed Blacksmith","floor":27,"gold_loss":0,"cards_upgraded":["Juggernaut"]}],"is_beta":false,"boss_relics":[{"not_picked":["Snecko Eye","White Beast Statue"],"picked":"Sozu"}],"items_purged_floors":[19,22],"is_endless":false,"potions_floor_spawned":[3,7,11,21,25],"killed_by":"Snake Plant","ascension_level":5}