{"gold_per_floor":[115,125,142,28,28,28,56,67,67,85,85,101,127,138,138,239,239,253,265,265],"floor_reached":20,"playtime":2323,"items_purged":["Strike_R"],"score":232,"play_id":"c583c207-98a6-46b5-b226-6f533221e106","local_time":"20190723132814","is_ascension_mode":true,"campfire_choices":[{"data":"Bash","floor":6,"key":"SMITH"},{"floor":11,"key":"REST"},{"data":"Inflame","floor":15,"key":"SMITH"}],"neow_cost":"NONE","seed_source_timestamp":180254939074933,"circlet_count":0,"master_deck":["Strike_R","Strike_R","Strike_R","Strike_R","Defend_R","Defend_R","Defend_R+1","Defend_R","Bash+1","Cleave","Perfected Strike+1","Twin Strike","Inflame+1","Uppercut","Headbutt","Double Tap","Anger","Demon Form"],"relics":["Burning Blood","Singing Bowl","Unceasing Top"],"potions_floor_usage":[8,13,16,18,20],"damage_taken":[{"damage":1,"enemies":"Cultist","floor":1,"turns":3},{"damage":7,"enemies":"Small Slimes","floor":2,"turns":4},{"damage":9,"enemies":"Jaw Worm","floor":3,"turns":3},{"damage":21,"enemies":"3 Sentries","floor":7,"turns":6},{"damage":10,"enemies":"Gremlin Gang","floor":8,"turns":3},{"damage":13,"enemies":"Large Slime","floor":10,"turns":4},{"damage":0,"enemies":"Exordium Thugs","floor":12,"turns":3},{"damage":19,"enemies":"Lagavulin","floor":13,"turns":5},{"damage":18,"enemies":"Red Slaver","floor":14,"turns":4},{"damage":30,"enemies":"Slime Boss","floor":16,"turns":7},{"damage":27,"enemies":"Spheric Guardian","floor":18,"turns":5},{"damage":35,"enemies":"Shell Parasite","floor":19,"turns":4},{"damage":52,"enemies":"Sentry and Sphere","floor":20,"turns":5}],"seed_played":"-7232061097578083061","potions_obtained":[{"floor":7,"key":"Explosive Potion"},{"floor":8,"key":"Dexterity Potion"},{"floor":10,"key":"Ancient Potion"},{"floor":16,"key":"GamblersBrew"},{"floor":18,"key":"Energy Potion"}],"is_trial":false,"path_per_floor":["M","M","M","$","?","R","E","M","T","M","R","M","E","M","R","B",null,"M","M","M"],"character_chosen":"IRONCLAD","items_purchased":["Inflame"],"campfire_rested":1,"item_purchase_floors":[4],"current_hp_per_floor":[88,87,84,84,66,66,51,49,49,42,69,77,66,56,56,32,96,75,46,0],"gold":265,"neow_bonus":"TEN_PERCENT_HP_BONUS","is_prod":false,"is_daily":false,"chose_seed":false,"campfire_upgraded":2,"win_rate":0,"timestamp":1563906494,"path_taken":["M","M","M","$","?","R","E","M","T","M","R","M","E","M","R","BOSS","M","M","M"],"build_version":"2019-07-17","purchased_purges":1,"victory":false,"max_hp_per_floor":[88,88,88,88,88,88,88,90,90,90,90,92,94,96,96,96,96,96,96,96],"card_choices":[{"not_picked":["Sword Boomerang","Thunderclap"],"picked":"Cleave","floor":1},{"not_picked":["Heavy Blade","Clothesline"],"picked":"Perfected Strike","floor":2},{"not_picked":["Clash","Combust"],"picked":"Twin Strike","floor":3},{"not_picked":["Flex","Whirlwind"],"picked":"Uppercut","floor":7},{"not_picked":["Bloodletting","Havoc","Warcry"],"picked":"Singing Bowl","floor":8},{"not_picked":["Perfected Strike","Thunderclap"],"picked":"Headbutt","floor":10},{"not_picked":["Impervious","Entrench","Iron Wave"],"picked":"Singing Bowl","floor":12},{"not_picked":["Body Slam","Sentinel","Perfected Strike"],"picked":"Singing Bowl","floor":13},{"not_picked":["Whirlwind","Warcry","Perfected Strike"],"picked":"Singing Bowl","floor":14},{"not_picked":["Feed","Bludgeon"],"picked":"Double Tap","floor":16},{"not_picked":["Metallicize","Rampage"],"picked":"Anger","floor":18},{"not_picked":["Cleave","Havoc"],"picked":"Demon Form","floor":19}],"player_experience":226089,"relics_obtained":[{"floor":7,"key":"Singing Bowl"},{"floor":13,"key":"Unceasing Top"}],"event_choices":[{"damage_healed":0,"gold_gain":0,"player_choice":"Entered Light","damage_taken":18,"max_hp_gain":0,"max_hp_loss":0,"event_name":"Shining Light","floor":5,"gold_loss":0,"cards_upgraded":["Perfected Strike","Defend_R"]}],"is_beta":false,"boss_relics":[{"not_picked":["Ectoplasm","Coffee Dripper","Astrolabe"]}],"items_purged_floors":[4],"is_endless":false,"potions_floor_spawned":[7,8,10,16,18],"killed_by":"Sentry and Sphere","ascension_level":2}