{"gold_per_floor":[118,40,58,58,68,68,100,100,100,100,25,25,43,43,43,169,169,185,51,150,150,169,169,130,130,179,192,211,234,234,253,253,373,373,389,118,177,195,20,20,20,38,38,57,57,82,96,116,116,116],"floor_reached":50,"playtime":3314,"items_purged":["Strike_B","Strike_B","Loop+1","Loop+1"],"score":558,"play_id":"e6a083be-26f8-422c-b42c-a054fa60f1ef","local_time":"20190815104450","is_ascension_mode":true,"campfire_choices":[{"data":"Hologram","floor":6.0,"key":"SMITH"},{"data":"Gash","floor":8.0,"key":"SMITH"},{"floor":15.0,"key":"REST"},{"data":"Loop","floor":23,"key":"SMITH"},{"floor":30,"key":"REST"},{"floor":32,"key":"REST"},{"floor":40,"key":"REST"},{"floor":49,"key":"REST"}],"neow_cost":"NONE","seed_source_timestamp":0,"circlet_count":0,"master_deck":["Defend_B","Defend_B","Defend_B","Defend_B","Zap","Dualcast","Gash","Hello World","Hologram+1","Gash+1","Electrodynamics","Chill+1","Gash","Defragment","Glacier","Gash","Ball Lightning","Compile Driver+1","Barrage+1","Barrage+1","Gash","Injury","Fusion+1","Coolheaded+1","Redo+1"],"special_seed":0,"relics":["Cracked Core","Mercury Hourglass","Gambling Chip","Golden Idol","Pear","Empty Cage","MutagenicStrength","Strawberry","Cursed Key","Blood Vial","Ginger","Sundial"],"potions_floor_usage":[22,22,28,33,33,38,38],"damage_taken":[{"damage":0.0,"enemies":"Small Slimes","floor":1.0,"turns":1.0},{"damage":0.0,"enemies":"Cultist","floor":3.0,"turns":3.0},{"damage":0.0,"enemies":"2 Louse","floor":5.0,"turns":3.0},{"damage":16.0,"enemies":"Lagavulin","floor":7.0,"turns":6.0},{"damage":0.0,"enemies":"Exordium Thugs","floor":13.0,"turns":3.0},{"damage":19.0,"enemies":"Slime Boss","floor":16.0,"turns":9.0},{"damage":0,"enemies":"3 Byrds","floor":18,"turns":2},{"damage":25,"enemies":"Shell Parasite","floor":22,"turns":4},{"damage":0,"enemies":"Cultist and Chosen","floor":27,"turns":4},{"damage":12,"enemies":"Snake Plant","floor":28,"turns":5},{"damage":1,"enemies":"Centurion and Healer","floor":29,"turns":5},{"damage":15,"enemies":"Snecko","floor":31,"turns":4},{"damage":29,"enemies":"Champ","floor":33,"turns":9},{"damage":0,"enemies":"3 Shapes","floor":35,"turns":4},{"damage":53,"enemies":"2 Orb Walkers","floor":37,"turns":5},{"damage":4,"enemies":"Orb Walker","floor":38,"turns":3},{"damage":10,"enemies":"Transient","floor":42,"turns":5},{"damage":14,"enemies":"4 Shapes","floor":44,"turns":4},{"damage":0,"enemies":"3 Darklings","floor":46,"turns":3},{"damage":52,"enemies":"Maw","floor":47,"turns":7},{"damage":3,"enemies":"4 Shapes","floor":48,"turns":4},{"damage":67,"enemies":"Awakened One","floor":50,"turns":6}],"seed_played":"-7620812849539907661","potions_obtained":[{"floor":0.0,"key":"Swift Potion"},{"floor":0.0,"key":"Explosive Potion"},{"floor":0.0,"key":"AttackPotion"},{"floor":1.0,"key":"SmokeBomb"},{"floor":3.0,"key":"EssenceOfSteel"},{"floor":5.0,"key":"FairyPotion"},{"floor":14.0,"key":"GamblersBrew"},{"floor":14.0,"key":"Energy Potion"},{"floor":18,"key":"Swift Potion"},{"floor":22,"key":"Weak Potion"},{"floor":29,"key":"Energy Potion"},{"floor":31,"key":"SteroidPotion"},{"floor":35,"key":"Explosive Potion"},{"floor":37,"key":"Regen Potion"},{"floor":47,"key":"SpeedPotion"}],"is_trial":false,"path_per_floor":["M","$","M","?","M","R","E","R","T","?","$","T","M","?","R","B",null,"M","$","?","?","M","R","$","?","T","M","M","M","R","M","R","B",null,"M","$","?","M","$","R","$","M","T","M","?","M","M","M","R","B"],"character_chosen":"DEFECT","items_purchased":["Loop","Loop","Defragment","Blood Vial","Gash"],"campfire_rested":5,"item_purchase_floors":[2,19,24,36,39],"current_hp_per_floor":[75,75,75,75,75,75,59,59,59,41,41,51,51,51,76,57,85,85,85,85,85,60,60,60,60,67,67,55,54,81,66,92,63,92,92,92,39,46,46,73,73,65,65,53,80,80,28,27,51,0],"gold":116,"neow_bonus":"THREE_SMALL_POTIONS","is_prod":false,"is_daily":false,"chose_seed":false,"campfire_upgraded":3,"win_rate":0,"timestamp":1565862290,"path_taken":["M","$","M","?","?","R","E","R","T","?","$","?","M","?","R","BOSS","M","$","?","?","M","R","?","?","T","M","M","?","R","M","R","BOSS","M","$","?","M","$","R","$","M","T","M","?","M","M","M","R","BOSS"],"build_version":"2019-07-17","purchased_purges":4,"victory":false,"max_hp_per_floor":[75,75,75,75,75,75,75,75,75,75,75,85,85,85,85,85,85,85,85,85,85,85,85,85,85,92,92,92,92,92,92,92,92,92,92,92,92,92,92,92,92,92,92,92,80,80,80,80,80,80],"card_choices":[{"not_picked":["Doom and Gloom","Redo"],"picked":"Gash","floor":1.0},{"not_picked":["Sweeping Beam","BootSequence"],"picked":"Hello World","floor":3.0},{"not_picked":["Barrage","Consume"],"picked":"Hologram","floor":5.0},{"not_picked":["Leap","Beam Cell"],"picked":"Gash","floor":7.0},{"not_picked":["Aggregate","Recycle","Leap"],"picked":"SKIP","floor":13.0},{"not_picked":["Meteor Strike","Machine Learning"],"picked":"Electrodynamics","floor":16.0},{"not_picked":["Beam Cell+1","Barrage"],"picked":"Chill+1","floor":18},{"not_picked":["Redo+1","Steam Power+1"],"picked":"Gash","floor":22},{"not_picked":["Redo","Coolheaded"],"picked":"Glacier","floor":27},{"not_picked":["Capacitor","Redo"],"picked":"Gash","floor":28},{"not_picked":["Melter+1","Beam Cell","Tempest+1"],"picked":"SKIP","floor":29},{"not_picked":["Conserve Battery","Rebound"],"picked":"Ball Lightning","floor":31},{"not_picked":["Leap","Steam"],"picked":"Compile Driver+1","floor":35},{"not_picked":["Stack+1","Beam Cell"],"picked":"Barrage+1","floor":37},{"not_picked":["Steam","Chill+1"],"picked":"Barrage+1","floor":38},{"not_picked":["Stack+1","Turbo","Conserve Battery"],"picked":"SKIP","floor":42},{"not_picked":["Steam+1","Reinforced Body","Multi-Cast"],"picked":"SKIP","floor":44},{"not_picked":["Go for the Eyes","Conserve Battery"],"picked":"Fusion+1","floor":46},{"not_picked":["Doom and Gloom","Reprogram"],"picked":"Coolheaded+1","floor":47},{"not_picked":["Steam+1","Consume+1"],"picked":"Redo+1","floor":48}],"player_experience":366235,"relics_obtained":[{"floor":7.0,"key":"Mercury Hourglass"},{"floor":9.0,"key":"Gambling Chip"},{"floor":12.0,"key":"Pear"},{"floor":26,"key":"Strawberry"},{"floor":37,"key":"Ginger"},{"floor":43,"key":"Sundial"}],"event_choices":[{"damage_healed":0.0,"max_hp_gain":0.0,"max_hp_loss":0.0,"gold_gain":0.0,"event_name":"Accursed Blacksmith","player_choice":"Forge","floor":4.0,"gold_loss":0.0,"damage_taken":0.0,"cards_upgraded":["Loop"]},{"damage_healed":0.0,"max_hp_gain":0.0,"max_hp_loss":0.0,"gold_gain":0.0,"event_name":"Golden Idol","player_choice":"Take Damage","floor":10.0,"gold_loss":0.0,"damage_taken":18.0,"relics_obtained":["Golden Idol"]},{"damage_healed":0.0,"max_hp_gain":0.0,"max_hp_loss":0.0,"gold_gain":0.0,"event_name":"Lab","player_choice":"Got Potions","floor":14.0,"gold_loss":0.0,"damage_taken":0.0},{"damage_healed":0,"gold_gain":99,"player_choice":"Stole From Cult","damage_taken":0,"max_hp_gain":0,"max_hp_loss":0,"event_name":"Nest","floor":20,"gold_loss":0},{"damage_healed":0,"gold_gain":0,"player_choice":"Inject Mutagens","damage_taken":0,"relics_obtained":["MutagenicStrength"],"max_hp_gain":0,"max_hp_loss":0,"event_name":"Drug Dealer","floor":21,"gold_loss":0},{"damage_healed":0,"gold_gain":0,"player_choice":"Ignored","damage_taken":0,"max_hp_gain":0,"max_hp_loss":0,"event_name":"Vampires","floor":25,"gold_loss":0},{"damage_healed":0,"gold_gain":0,"player_choice":"Fight","damage_taken":0,"max_hp_gain":0,"max_hp_loss":0,"event_name":"Mysterious Sphere","floor":37,"gold_loss":0},{"damage_healed":80,"gold_gain":0,"player_choice":"Heal","damage_taken":0,"max_hp_gain":0,"max_hp_loss":12,"event_name":"The Moai Head","floor":45,"gold_loss":0}],"is_beta":false,"boss_relics":[{"not_picked":["Coffee Dripper","Runic Dome"],"picked":"Empty Cage"},{"not_picked":["Black Star","Pandora\u0027s Box"],"picked":"Cursed Key"}],"items_purged_floors":[11,19,36,39],"is_endless":false,"potions_floor_spawned":[1,3,5,18,22,29,31,35,37,47],"killed_by":"Awakened One","ascension_level":4}