{"gold_per_floor":[110,129,185,19,31,31,56,80,106,122,148,148,148,165,165,260,260,278,278,66,85,8,40,115,115,191,191,191,217,235,235,235,339,339,357,357],"floor_reached":36,"playtime":2260,"items_purged":["Defend_R","Strike_R"],"score":510,"play_id":"658d17bf-a82d-4d3a-a4b6-be156abc4a6f","local_time":"20190717235229","is_ascension_mode":true,"campfire_choices":[{"data":"True Grit","floor":6,"key":"SMITH"},{"data":"Feel No Pain","floor":12,"key":"SMITH"},{"data":"Uppercut","floor":15,"key":"SMITH"},{"data":"Demon Form","floor":28,"key":"SMITH"},{"floor":32,"key":"REST"}],"neow_cost":"NONE","seed_source_timestamp":97386236528400,"circlet_count":0,"master_deck":["Strike_R+1","Strike_R+1","Strike_R+1","Strike_R+1","Defend_R+1","Defend_R+1","Defend_R+1","Bash","Uppercut+1","True Grit+1","Feel No Pain+1","True Grit","Dropkick","Flame Barrier","Battle Trance","Sever Soul","Double Tap+1","Demon Form+1","Armaments","Corruption","Ghostly Armor+1","Feel No Pain","Carnage","Reaper","Warcry+1","J.A.X.+1","Armaments+1","Flex+1","Armaments+1"],"relics":["Burning Blood","Omamori","Lantern","Boot","Juzu Bracelet","Blue Candle","Velvet Choker","Centennial Puzzle","War Paint","Toxic Egg 2","Strawberry","Ancient Tea Set","Orrery"],"potions_floor_usage":[16,18,29,33],"damage_taken":[{"damage":0,"enemies":"2 Louse","floor":1,"turns":3},{"damage":10,"enemies":"Jaw Worm","floor":2,"turns":4},{"damage":0,"enemies":"Cultist","floor":5,"turns":4},{"damage":16,"enemies":"3 Sentries","floor":7,"turns":12},{"damage":0,"enemies":"Exordium Thugs","floor":10,"turns":5},{"damage":17,"enemies":"Gremlin Nob","floor":11,"turns":4},{"damage":13,"enemies":"Gremlin Gang","floor":14,"turns":6},{"damage":20,"enemies":"Slime Boss","floor":16,"turns":12},{"damage":10,"enemies":"2 Thieves","floor":18,"turns":4},{"damage":9,"enemies":"Shell Parasite","floor":21,"turns":6},{"damage":29,"enemies":"Gremlin Leader","floor":23,"turns":9},{"damage":26,"enemies":"Slavers","floor":29,"turns":5},{"damage":3,"enemies":"Cultist and Chosen","floor":30,"turns":8},{"damage":32,"enemies":"Champ","floor":33,"turns":9},{"damage":14,"enemies":"3 Shapes","floor":35,"turns":6},{"damage":107,"enemies":"2 Orb Walkers","floor":36,"turns":7}],"seed_played":"-1540175252181292222","potions_obtained":[{"floor":5,"key":"FearPotion"},{"floor":7,"key":"SteroidPotion"},{"floor":10,"key":"Ancient Potion"},{"floor":21,"key":"Block Potion"},{"floor":30,"key":"GamblersBrew"}],"is_trial":false,"path_per_floor":["M","M","?","$","M","R","E","T","T","M","E","R","?","M","R","B",null,"M","?","$","M","$","E","?","?","T","?","R","E","M","?","R","B",null,"M","?"],"character_chosen":"IRONCLAD","items_purchased":["Feel No Pain","True Grit","Corruption","Ghostly Armor","Carnage"],"campfire_rested":1,"item_purchase_floors":[4,4,20,20,22],"current_hp_per_floor":[80,76,76,76,80,80,70,70,70,76,65,65,65,58,58,44,71,67,67,67,64,64,41,33,33,33,40,40,20,23,23,49,37,75,82,0],"gold":357,"neow_bonus":"RANDOM_COMMON_RELIC","is_prod":false,"is_daily":false,"chose_seed":false,"campfire_upgraded":4,"win_rate":0,"timestamp":1563421949,"path_taken":["M","M","?","$","M","R","E","?","T","M","E","R","?","M","R","BOSS","M","?","$","M","$","E","?","?","T","?","R","E","M","?","R","BOSS","M","?"],"build_version":"2019-07-17","purchased_purges":2,"victory":false,"max_hp_per_floor":[80,80,80,80,80,80,80,80,80,80,80,80,80,80,80,80,80,80,80,80,80,80,80,80,80,80,87,87,87,87,87,87,87,87,87,87],"card_choices":[{"not_picked":["Wild Strike","Heavy Blade"],"picked":"Uppercut","floor":1},{"not_picked":["Blood for Blood","Rampage"],"picked":"True Grit","floor":2},{"not_picked":["Pommel Strike","Hemokinesis"],"picked":"Dropkick","floor":5},{"not_picked":["Whirlwind","Clothesline"],"picked":"Flame Barrier","floor":7},{"not_picked":["Flex","Feel No Pain"],"picked":"Battle Trance","floor":10},{"not_picked":["Clash","Dark Embrace"],"picked":"Sever Soul","floor":11},{"not_picked":["Clash","Flex","Dropkick"],"picked":"SKIP","floor":14},{"not_picked":["Immolate","Berserk"],"picked":"Demon Form","floor":16},{"not_picked":["Havoc+1","Perfected Strike+1"],"picked":"Armaments","floor":18},{"not_picked":["Searing Blow","Flex+1"],"picked":"Feel No Pain","floor":21},{"not_picked":["Armaments","Clothesline"],"picked":"Reaper","floor":23},{"not_picked":["Searing Blow+1","Sever Soul+1"],"picked":"Warcry+1","floor":29},{"not_picked":["Blood for Blood","Headbutt","Dual Wield+1"],"picked":"SKIP","floor":30},{"not_picked":["Clash+1","Perfected Strike+1"],"picked":"Armaments+1","floor":34},{"not_picked":["Dropkick","Perfected Strike"],"picked":"Flex+1","floor":34},{"not_picked":["Flame Barrier+1","Perfected Strike+1"],"picked":"Armaments+1","floor":35}],"player_experience":389680,"relics_obtained":[{"floor":7,"key":"Lantern"},{"floor":8,"key":"Boot"},{"floor":9,"key":"Juzu Bracelet"},{"floor":11,"key":"Blue Candle"},{"floor":23,"key":"War Paint"},{"floor":26,"key":"Toxic Egg 2"},{"floor":29,"key":"Ancient Tea Set"}],"event_choices":[{"damage_healed":0,"gold_gain":56,"player_choice":"Gained Gold","damage_taken":0,"max_hp_gain":0,"max_hp_loss":0,"event_name":"Golden Wing","floor":3,"gold_loss":0},{"damage_healed":0,"gold_gain":0,"player_choice":"1 cards matched","damage_taken":0,"max_hp_gain":0,"max_hp_loss":0,"event_name":"Match and Keep!","floor":13,"gold_loss":0,"cards_obtained":["Double Tap"]},{"damage_healed":0,"gold_gain":0,"player_choice":"Gave Potion","damage_taken":0,"relics_obtained":["Centennial Puzzle"],"max_hp_gain":0,"max_hp_loss":0,"event_name":"WeMeetAgain","floor":19,"gold_loss":0},{"damage_healed":0,"gold_gain":75,"player_choice":"Touch","damage_taken":8,"max_hp_gain":0,"max_hp_loss":0,"event_name":"FaceTrader","floor":24,"gold_loss":0},{"damage_healed":0,"gold_gain":0,"player_choice":"Simplicity","damage_taken":0,"max_hp_gain":0,"max_hp_loss":0,"event_name":"Back to Basics","floor":25,"gold_loss":0,"cards_upgraded":["Strike_R","Strike_R","Strike_R","Strike_R","Defend_R","Defend_R","Defend_R"]},{"damage_healed":0,"gold_gain":0,"player_choice":"Opened","damage_taken":0,"relics_obtained":["Strawberry"],"max_hp_gain":0,"max_hp_loss":0,"event_name":"The Mausoleum","floor":27,"gold_loss":0},{"damage_healed":0,"gold_gain":0,"player_choice":"Obtain J.A.X.","damage_taken":0,"max_hp_gain":0,"max_hp_loss":0,"event_name":"Drug Dealer","floor":31,"gold_loss":0,"cards_obtained":["J.A.X."]},{"damage_healed":0,"gold_gain":0,"player_choice":"Fight","damage_taken":0,"max_hp_gain":0,"max_hp_loss":0,"event_name":"Mysterious Sphere","floor":36,"gold_loss":0}],"is_beta":false,"boss_relics":[{"not_picked":["Astrolabe","Tiny House"],"picked":"Velvet Choker"},{"not_picked":["Coffee Dripper","Mark of Pain"],"picked":"Orrery"}],"items_purged_floors":[4,20],"is_endless":false,"potions_floor_spawned":[5,7,10,14,21,30],"killed_by":"2 Orb Walkers","ascension_level":5}