{"gold_per_floor":[214,214,41,55,55,55,17,32,77,77,77,412,424,439,439,535,535,551,76,90,102,118,118,138,138,138,138,150,150,150],"floor_reached":30,"playtime":3279,"items_purged":["Strike_G","Defend_G"],"score":267,"play_id":"164c1210-5d15-4cab-9f98-882182b62c14","local_time":"20190806074015","is_ascension_mode":true,"campfire_choices":[{"data":"Neutralize","floor":6,"key":"SMITH"},{"data":"Survivor","floor":10,"key":"SMITH"},{"data":"Backflip","floor":15,"key":"SMITH"},{"floor":23,"key":"REST"},{"data":"Dodge and Roll","floor":25,"key":"SMITH"},{"data":"PiercingWail","floor":27,"key":"SMITH"},{"floor":29,"key":"REST"}],"neow_cost":"NONE","seed_source_timestamp":257456641928915,"circlet_count":0,"master_deck":["Strike_G","Strike_G","Strike_G","Strike_G","Defend_G","Defend_G","Defend_G","Defend_G","Survivor+1","Neutralize+1","Bane+1","Poisoned Stab+1","All Out Attack+1","Dash+1","Dodge and Roll+1","Backflip+1","Envenom","Acrobatics","Cloak And Dagger","Concentrate","PiercingWail+1","Bouncing Flask","Tools of the Trade","Deadly Poison"],"relics":["Ring of the Snake","Molten Egg 2","Orichalcum","Unceasing Top","Old Coin","Orrery","Bird Faced Urn","Bottled Tornado"],"potions_floor_usage":[16,18,20,21,24,28,28,30],"damage_taken":[{"damage":0,"enemies":"Jaw Worm","floor":1,"turns":4},{"damage":0,"enemies":"2 Louse","floor":4,"turns":3},{"damage":0,"enemies":"Cultist","floor":8,"turns":2},{"damage":14,"enemies":"Lagavulin","floor":12,"turns":4},{"damage":0,"enemies":"Gremlin Gang","floor":13,"turns":1},{"damage":0,"enemies":"Exordium Thugs","floor":14,"turns":4},{"damage":14,"enemies":"The Guardian","floor":16,"turns":12},{"damage":0,"enemies":"Chosen","floor":18,"turns":4},{"damage":16,"enemies":"3 Byrds","floor":20,"turns":4},{"damage":24,"enemies":"Cultist and Chosen","floor":21,"turns":6},{"damage":33,"enemies":"3 Cultists","floor":22,"turns":7},{"damage":13,"enemies":"Shelled Parasite and Fungi","floor":24,"turns":9},{"damage":1,"enemies":"Cultist and Chosen","floor":28,"turns":8},{"damage":58,"enemies":"Gremlin Leader","floor":30,"turns":8}],"seed_played":"3810956407841748196","potions_obtained":[{"floor":4,"key":"Ancient Potion"},{"floor":12,"key":"SkillPotion"},{"floor":16,"key":"GhostInAJar"},{"floor":20,"key":"Ancient Potion"},{"floor":22,"key":"Fire Potion"},{"floor":24,"key":"Weak Potion"},{"floor":28,"key":"Strength Potion"}],"is_trial":false,"path_per_floor":["M","?","$","M","?","R","$","M","T","R","T","E","M","M","R","B",null,"M","$","M","M","M","R","M","R","T","R","M","R","E"],"character_chosen":"THE_SILENT","items_purchased":["Bane+1","Block Potion","All Out Attack+1","PiercingWail","Bird Faced Urn","Explosive Potion"],"campfire_rested":2,"item_purchase_floors":[3,3,7,19,19,19],"current_hp_per_floor":[70,58,58,58,63,63,63,63,63,63,63,49,49,49,49,35,75,75,75,61,39,10,32,21,21,21,21,24,46,0],"gold":150,"neow_bonus":"HUNDRED_GOLD","is_prod":false,"is_daily":false,"chose_seed":false,"campfire_upgraded":5,"win_rate":0,"timestamp":1565095215,"path_taken":["M","?","$","M","?","R","?","M","T","R","?","E","M","M","R","BOSS","M","$","?","M","?","R","M","R","T","R","M","R","E"],"build_version":"2019-07-17","purchased_purges":2,"victory":false,"max_hp_per_floor":[70,70,70,70,75,75,75,75,75,75,75,75,75,75,75,75,75,75,75,75,75,75,75,75,75,75,75,75,75,75],"card_choices":[{"not_picked":["Blade Dance","Backflip","Heel Hook"],"picked":"SKIP","floor":1},{"not_picked":["Endless Agony+1","Accuracy"],"picked":"Poisoned Stab+1","floor":4},{"not_picked":["Sucker Punch+1","Slice+1","Outmaneuver"],"picked":"SKIP","floor":8},{"not_picked":["Crippling Poison","Outmaneuver"],"picked":"Dash+1","floor":12},{"not_picked":["Cloak And Dagger","Sucker Punch+1"],"picked":"Dodge and Roll","floor":13},{"not_picked":["Endless Agony+1","Dagger Throw+1"],"picked":"Backflip","floor":14},{"not_picked":["Grand Finale+1","Glass Knife+1"],"picked":"Envenom","floor":16},{"not_picked":["Dagger Spray+1","Poisoned Stab+1"],"picked":"Acrobatics","floor":17},{"not_picked":["Quick Slash+1","Backflip"],"picked":"Cloak And Dagger","floor":17},{"not_picked":["Backflip","Bane+1"],"picked":"Concentrate","floor":18},{"not_picked":["Prepared+1","Masterful Stab+1"],"picked":"Bouncing Flask","floor":20},{"not_picked":["Flying Knee+1","Dagger Throw+1"],"picked":"Tools of the Trade","floor":21},{"not_picked":["Prepared+1","Escape Plan","Dodge and Roll"],"picked":"SKIP","floor":22},{"not_picked":["Choke+1","Dash+1"],"picked":"Deadly Poison","floor":24},{"not_picked":["Deadly Poison+1","Concentrate+1","Underhanded Strike+1"],"picked":"SKIP","floor":28}],"player_experience":369175,"relics_obtained":[{"floor":9,"key":"Orichalcum"},{"floor":11,"key":"Unceasing Top"},{"floor":12,"key":"Old Coin"},{"floor":26,"key":"Bottled Tornado"}],"event_choices":[{"damage_healed":0,"gold_gain":0,"player_choice":"Success","damage_taken":12,"relics_obtained":["Molten Egg 2"],"max_hp_gain":0,"max_hp_loss":0,"event_name":"Scrap Ooze","floor":2,"gold_loss":0},{"damage_healed":0,"gold_gain":0,"player_choice":"Donut","damage_taken":0,"max_hp_gain":5,"max_hp_loss":0,"event_name":"Big Fish","floor":5,"gold_loss":0}],"is_beta":false,"boss_relics":[{"not_picked":["Cursed Key","White Beast Statue"],"picked":"Orrery"}],"items_purged_floors":[3,19],"is_endless":false,"potions_floor_spawned":[4,12,14,16,20,22,24,28],"killed_by":"Gremlin Leader","ascension_level":3}