{"gold_per_floor":[112,112,132,144,154,329,329,343,366,32,32,47,47,65,65,144,144,155,166,183,195,60,60,93,93,93,143,143,205,4,22,22,99,99,116,136,13,119,180,214,214,264,264,264,290,63,78,93,93,93],"floor_reached":51,"playtime":4112,"items_purged":["Doubt","Backstab"],"score":1241,"play_id":"1996cab2-0c04-42c6-a9d4-dde26c79783d","local_time":"20190802141218","is_ascension_mode":true,"campfire_choices":[{"data":"Tools of the Trade","floor":7,"key":"SMITH"},{"data":"Blur","floor":11,"key":"SMITH"},{"data":"Cloak And Dagger","floor":15,"key":"SMITH"},{"floor":23,"key":"REST"},{"data":"Tactician","floor":25,"key":"SMITH"},{"data":"Tactician","floor":28,"key":"SMITH"},{"floor":32,"key":"REST"},{"floor":41,"key":"REST"},{"floor":44,"key":"REST"},{"floor":49,"key":"REST"}],"neow_cost":"NONE","seed_source_timestamp":1031834462119600,"circlet_count":0,"master_deck":["AscendersBane","Survivor","Neutralize","Choke","Tools of the Trade+1","Acrobatics","Backstab","Tactician+1","Bullet Time","Underhanded Strike","Slice","Bouncing Flask","Predator","Blur+1","Cloak And Dagger+1","Tactician+1","Acrobatics","Backstab","Leg Sweep","Noxious Fumes","Cloak And Dagger","Leg Sweep","Footwork","Blur","PiercingWail","After Image","Deflect","Tactician+1","Deflect","Acrobatics+1","Deflect+1","Infinite Blades","Deflect","Parasite","Crippling Poison+1","Parasite","Noxious Fumes+1","Blur+1","Flash of Steel+1","Acrobatics+1","Cloak And Dagger+1"],"relics":["Pandora\u0027s Box","Centennial Puzzle","Snake Skull","Kunai","SsserpentHead","Black Star","Regal Pillow","Prayer Wheel","Matryoshka","Cursed Key","Tiny Chest","Happy Flower","Vajra","Molten Egg 2","Singing Bowl","Toxic Egg 2","Blood Vial","Question Card"],"potions_floor_usage":[4,16,16,20,31,36,40,50],"damage_taken":[{"damage":0,"enemies":"Cultist","floor":1,"turns":2},{"damage":12,"enemies":"Small Slimes","floor":3,"turns":3},{"damage":0,"enemies":"Jaw Worm","floor":4,"turns":1},{"damage":11,"enemies":"Exordium Thugs","floor":5,"turns":3},{"damage":0,"enemies":"Lots of Slimes","floor":8,"turns":4},{"damage":8,"enemies":"Red Slaver","floor":12,"turns":3},{"damage":3,"enemies":"Looter","floor":14,"turns":2},{"damage":2,"enemies":"Hexaghost","floor":16,"turns":8},{"damage":3,"enemies":"Chosen","floor":18,"turns":2},{"damage":8,"enemies":"3 Byrds","floor":19,"turns":5},{"damage":10,"enemies":"Centurion and Healer","floor":20,"turns":3},{"damage":15,"enemies":"Cultist and Chosen","floor":21,"turns":5},{"damage":10,"enemies":"Gremlin Leader","floor":24,"turns":7},{"damage":15,"enemies":"Snake Plant","floor":29,"turns":5},{"damage":2,"enemies":"Centurion and Healer","floor":31,"turns":4},{"damage":16,"enemies":"Automaton","floor":33,"turns":10},{"damage":3,"enemies":"3 Shapes","floor":35,"turns":4},{"damage":6,"enemies":"3 Darklings","floor":36,"turns":6},{"damage":25,"enemies":"4 Shapes","floor":39,"turns":8},{"damage":21,"enemies":"Nemesis","floor":40,"turns":9},{"damage":26,"enemies":"Reptomancer","floor":45,"turns":9},{"damage":7,"enemies":"Sphere and 2 Shapes","floor":47,"turns":7},{"damage":15,"enemies":"Spire Growth","floor":48,"turns":7},{"damage":3,"enemies":"Awakened One","floor":50,"turns":17}],"seed_played":"-6655580277288456207","potions_obtained":[{"floor":1,"key":"Explosive Potion"},{"floor":3,"key":"Poison Potion"},{"floor":8,"key":"Poison Potion"},{"floor":14,"key":"Regen Potion"},{"floor":16,"key":"FearPotion"},{"floor":29,"key":"FearPotion"},{"floor":33,"key":"GhostInAJar"},{"floor":35,"key":"Ancient Potion"},{"floor":36,"key":"PowerPotion"},{"floor":47,"key":"GamblersBrew"}],"is_trial":false,"path_per_floor":["M","?","M","M","M","?","R","M","T","$","R","M","?","M","R","B",null,"M","M","M","M","$","R","E","R","T","?","R","M","$","M","R","B",null,"M","M","$","T","M","E","R","?","T","R","E","$","M","M","R","B",null],"character_chosen":"THE_SILENT","items_purchased":["Kunai","Cloak And Dagger","Leg Sweep","Footwork","Blur","PiercingWail","Infinite Blades","Deflect","Blur+1","Flash of Steel+1"],"campfire_rested":5,"item_purchase_floors":[10,22,22,30,30,30,37,37,46,46],"current_hp_per_floor":[59,59,47,47,36,36,36,36,36,36,36,28,28,25,25,38,59,56,48,38,23,23,42,32,32,32,32,32,17,17,15,49,33,58,55,49,49,49,24,3,37,37,37,66,40,40,37,26,62,61],"gold":93,"neow_bonus":"BOSS_RELIC","is_prod":false,"is_daily":false,"chose_seed":false,"campfire_upgraded":5,"win_rate":0,"timestamp":1564769538,"path_taken":["M","?","M","?","M","?","R","M","T","$","R","M","?","M","R","BOSS","M","M","M","M","$","R","E","R","T","?","R","?","$","M","R","BOSS","M","M","$","?","?","E","R","?","T","R","E","$","M","M","R","BOSS"],"build_version":"2019-07-17","purchased_purges":2,"victory":true,"max_hp_per_floor":[66,66,66,66,66,66,66,66,66,66,66,66,66,66,66,66,66,66,66,66,66,66,66,66,66,66,66,66,66,66,66,66,66,66,66,66,66,66,66,66,66,66,66,66,66,66,68,70,70,70],"card_choices":[{"not_picked":["Skewer","Eviscerate"],"picked":"Predator","floor":1},{"not_picked":["Backstab","Blade Dance"],"picked":"Blur","floor":3},{"not_picked":["Blur","Caltrops"],"picked":"Cloak And Dagger","floor":4},{"not_picked":["Slice","Terror","Flechettes"],"picked":"SKIP","floor":5},{"not_picked":["Backstab","Crippling Poison"],"picked":"Tactician","floor":8},{"not_picked":["Prepared","Escape Plan"],"picked":"Acrobatics","floor":12},{"not_picked":["Poisoned Stab","Choke","Finisher"],"picked":"SKIP","floor":14},{"not_picked":["Concentrate","Quick Slash"],"picked":"Backstab","floor":18},{"not_picked":["Choke","Deadly Poison","Slice+1"],"picked":"SKIP","floor":19},{"not_picked":["Predator","PiercingWail"],"picked":"Leg Sweep","floor":20},{"not_picked":["Dash","Dagger Throw"],"picked":"Noxious Fumes","floor":21},{"not_picked":["Flying Knee","Poisoned Stab","Endless Agony"],"picked":"SKIP","floor":24},{"not_picked":["Outmaneuver","Underhanded Strike","Bane+1"],"picked":"SKIP","floor":29},{"not_picked":["Dagger Spray","Sucker Punch","Quick Slash"],"picked":"SKIP","floor":29},{"not_picked":["Blur","Predator"],"picked":"After Image","floor":31},{"not_picked":["Dagger Spray","Bouncing Flask"],"picked":"Deflect","floor":31},{"not_picked":["Dagger Spray","Acrobatics"],"picked":"Tactician+1","floor":35},{"not_picked":["Slice","Dagger Spray+1"],"picked":"Deflect","floor":35},{"not_picked":["Bane","Underhanded Strike"],"picked":"Acrobatics+1","floor":36},{"not_picked":["Phantasmal Killer","Leg Sweep+1"],"picked":"Deflect+1","floor":36},{"not_picked":["Masterful Stab","Blade Dance"],"picked":"Crippling Poison+1","floor":39},{"not_picked":["Backstab","Wraith Form v2","Underhanded Strike+1"],"picked":"SKIP","floor":39},{"not_picked":["Heel Hook","Predator+1","Slice"],"picked":"SKIP","floor":40},{"not_picked":["Deflect+1","Backflip+1"],"picked":"Noxious Fumes+1","floor":45},{"not_picked":["Sucker Punch+1","Flying Knee+1","Deadly Poison+1"],"picked":"Acrobatics+1","floor":47},{"not_picked":["Underhanded Strike+1","Outmaneuver+1","Dodge and Roll+1","Bullet Time+1"],"picked":"Singing Bowl","floor":47},{"not_picked":["Blade Dance+1","Masterful Stab+1","Expertise+1"],"picked":"Cloak And Dagger+1","floor":48},{"not_picked":["Blade Dance+1","Flying Knee+1","Backstab+1","Dodge and Roll+1"],"picked":"Singing Bowl","floor":48}],"player_experience":626300,"relics_obtained":[{"floor":9,"key":"Snake Skull"},{"floor":24,"key":"Regal Pillow"},{"floor":24,"key":"Prayer Wheel"},{"floor":26,"key":"Matryoshka"},{"floor":38,"key":"Tiny Chest"},{"floor":38,"key":"Happy Flower"},{"floor":40,"key":"Vajra"},{"floor":40,"key":"Molten Egg 2"},{"floor":43,"key":"Singing Bowl"},{"floor":43,"key":"Toxic Egg 2"},{"floor":45,"key":"Blood Vial"},{"floor":45,"key":"Question Card"}],"event_choices":[{"damage_healed":0,"gold_gain":0,"player_choice":"Gave Potion","damage_taken":0,"relics_obtained":["Centennial Puzzle"],"max_hp_gain":0,"max_hp_loss":0,"event_name":"WeMeetAgain","floor":2,"gold_loss":0},{"damage_healed":0,"gold_gain":175,"player_choice":"AGREE","damage_taken":0,"max_hp_gain":0,"max_hp_loss":0,"event_name":"Liars Game","floor":6,"gold_loss":0,"cards_obtained":["Doubt"]},{"damage_healed":0,"gold_gain":0,"player_choice":"Trade","damage_taken":0,"relics_obtained":["SsserpentHead"],"max_hp_gain":0,"max_hp_loss":0,"event_name":"FaceTrader","floor":13,"gold_loss":0},{"damage_healed":0,"gold_gain":0,"player_choice":"0 cards matched","damage_taken":0,"max_hp_gain":0,"max_hp_loss":0,"event_name":"Match and Keep!","floor":27,"gold_loss":0,"cards_obtained":[]},{"damage_healed":0,"gold_gain":0,"player_choice":"Ignored","damage_taken":0,"max_hp_gain":0,"max_hp_loss":0,"event_name":"Mysterious Sphere","floor":42,"gold_loss":0}],"is_beta":false,"boss_relics":[{"not_picked":["Astrolabe","Calling Bell"],"picked":"Black Star"},{"not_picked":["WristBlade","Runic Dome"],"picked":"Cursed Key"}],"items_purged_floors":[10,46],"is_endless":false,"potions_floor_spawned":[1,3,8,14,16,29,33,35,36,47],"ascension_level":14}