{"gold_per_floor":[112,62,36,53,64,127,10,38,62,96,113,133,133],"floor_reached":13,"playtime":562,"items_purged":[],"score":158,"play_id":"3d0ed7e7-15e1-42a1-b3a6-759685d42f8d","local_time":"20190802112801","is_ascension_mode":true,"campfire_choices":[],"neow_cost":"NONE","seed_source_timestamp":1025533455673500,"circlet_count":0,"master_deck":["AscendersBane","Strike_R","Strike_R","Strike_R","Strike_R","Defend_R+1","Defend_R+1","Defend_R","Defend_R","Bash","Clothesline","True Grit","Anger","Bludgeon","Metallicize","Shrug It Off","Armaments","Twin Strike"],"relics":["Burning Blood","Tiny Chest","Juzu Bracelet","Vajra","War Paint"],"potions_floor_usage":[0,6,8,8,10,12],"damage_taken":[{"damage":8,"enemies":"Jaw Worm","floor":1,"turns":5},{"damage":6,"enemies":"2 Louse","floor":4,"turns":4},{"damage":0,"enemies":"Small Slimes","floor":5,"turns":4},{"damage":24,"enemies":"Gremlin Nob","floor":6,"turns":4},{"damage":17,"enemies":"Lagavulin","floor":8,"turns":7},{"damage":24,"enemies":"3 Sentries","floor":10,"turns":7},{"damage":15,"enemies":"Gremlin Gang","floor":11,"turns":6},{"damage":7,"enemies":"3 Louse","floor":12,"turns":3},{"damage":24,"enemies":"Gremlin Nob","floor":13,"turns":3}],"seed_played":"-7306565005387064829","potions_obtained":[{"floor":0,"key":"Block Potion"},{"floor":0,"key":"Weak Potion"},{"floor":0,"key":"Fruit Juice"},{"floor":4,"key":"Explosive Potion"},{"floor":6,"key":"SteroidPotion"},{"floor":11,"key":"Energy Potion"}],"is_trial":false,"path_per_floor":["M","?","$","M","M","E","$","E","T","E","M","M","E"],"character_chosen":"IRONCLAD","items_purchased":["True Grit","Metallicize","Shrug It Off"],"campfire_rested":0,"item_purchase_floors":[3,7,7],"current_hp_per_floor":[75,75,75,75,81,63,63,52,52,34,25,24,0],"gold":133,"neow_bonus":"THREE_SMALL_POTIONS","is_prod":false,"is_daily":false,"chose_seed":false,"campfire_upgraded":0,"win_rate":0,"timestamp":1564759681,"path_taken":["M","?","$","M","M","E","$","E","T","E","M","M","E"],"build_version":"2019-07-17","purchased_purges":0,"victory":false,"max_hp_per_floor":[85,85,85,85,85,85,85,85,85,85,85,85,85],"card_choices":[{"not_picked":["Armaments","Hemokinesis"],"picked":"Clothesline","floor":1},{"not_picked":["Cleave","Wild Strike"],"picked":"Anger","floor":4},{"not_picked":["Body Slam","Wild Strike"],"picked":"Bludgeon","floor":5},{"not_picked":["Anger","Iron Wave","Blood for Blood"],"picked":"SKIP","floor":6},{"not_picked":["Rampage","Corruption","Havoc"],"picked":"SKIP","floor":8},{"not_picked":["Flex","Clash"],"picked":"Armaments","floor":10},{"not_picked":["Intimidate","True Grit","Body Slam"],"picked":"SKIP","floor":11},{"not_picked":["Clash","Wild Strike"],"picked":"Twin Strike","floor":12}],"player_experience":622065,"relics_obtained":[{"floor":6,"key":"Tiny Chest"},{"floor":8,"key":"Juzu Bracelet"},{"floor":9,"key":"Vajra"},{"floor":10,"key":"War Paint"}],"event_choices":[{"cards_removed":["Strike_R"],"damage_healed":0,"gold_gain":0,"player_choice":"Card Removal","damage_taken":0,"max_hp_gain":0,"max_hp_loss":0,"event_name":"The Cleric","floor":2,"gold_loss":50}],"is_beta":false,"boss_relics":[],"items_purged_floors":[],"is_endless":false,"potions_floor_spawned":[4,6,11],"killed_by":"Gremlin Nob","ascension_level":10}