{"gold_per_floor":[14,14,39,53,74,117,117,153,153,153,196,33,33,58,58,151,151,171,194,208,229,229,229],"floor_reached":23,"playtime":953,"items_purged":[],"score":373,"play_id":"05d110b2-2f66-4a93-a451-ce43b091afdc","local_time":"20190815004801","is_ascension_mode":true,"campfire_choices":[{"data":"Bash","floor":7,"key":"SMITH"},{"floor":10,"key":"REST"},{"data":"Immolate","floor":15,"key":"SMITH"}],"neow_cost":"NO_GOLD","seed_source_timestamp":227403702771600,"circlet_count":0,"master_deck":["AscendersBane","Strike_R","Defend_R","Defend_R","Defend_R","Defend_R","Bash+1","Clothesline","Rampage","Feel No Pain","Disarm","Seeing Red","Immolate+1","Bandage Up","Fiend Fire","Thunderclap","Impervious","Corruption","True Grit","Pummel"],"relics":["Burning Blood","Golden Idol","Matryoshka","Vajra","Regal Pillow","Self Forming Clay","Sundial","Eternal Feather"],"potions_floor_usage":[8,16,16,19,21,23],"damage_taken":[{"damage":7,"enemies":"Jaw Worm","floor":1,"turns":3},{"damage":0,"enemies":"2 Louse","floor":3,"turns":3},{"damage":2,"enemies":"Cultist","floor":4,"turns":4},{"damage":11,"enemies":"3 Louse","floor":5,"turns":3},{"damage":42,"enemies":"Gremlin Nob","floor":6,"turns":5},{"damage":20,"enemies":"Lagavulin","floor":8,"turns":5},{"damage":21,"enemies":"3 Sentries","floor":11,"turns":8},{"damage":12,"enemies":"Lots of Slimes","floor":14,"turns":2},{"damage":20,"enemies":"The Guardian","floor":16,"turns":11},{"damage":0,"enemies":"Chosen","floor":18,"turns":4},{"damage":12,"enemies":"3 Byrds","floor":19,"turns":3},{"damage":20,"enemies":"Cultist and Chosen","floor":20,"turns":7},{"damage":18,"enemies":"3 Cultists","floor":21,"turns":5},{"damage":48,"enemies":"Book of Stabbing","floor":23,"turns":8}],"seed_played":"-36431122346844889","potions_obtained":[{"floor":3,"key":"SkillPotion"},{"floor":5,"key":"LiquidBronze"},{"floor":14,"key":"SteroidPotion"},{"floor":16,"key":"Swift Potion"},{"floor":20,"key":"Strength Potion"},{"floor":21,"key":"Energy Potion"}],"is_trial":false,"path_per_floor":["M","?","M","M","M","E","R","E","T","R","E","$","?","M","R","B",null,"M","M","M","M","?","E"],"character_chosen":"IRONCLAD","items_purchased":["Immolate","Bandage Up"],"campfire_rested":1,"item_purchase_floors":[12,12],"current_hp_per_floor":[67,67,68,68,63,27,27,13,13,48,33,33,33,31,31,21,56,66,60,50,42,42,0],"gold":229,"neow_bonus":"REMOVE_TWO","is_prod":false,"is_daily":false,"chose_seed":false,"campfire_upgraded":2,"win_rate":0,"timestamp":1565844481,"path_taken":["M","?","M","M","M","E","R","E","T","R","E","$","?","?","R","BOSS","M","M","M","M","?","E"],"build_version":"2019-07-17","purchased_purges":0,"victory":false,"max_hp_per_floor":[75,68,68,68,68,68,68,68,68,68,68,68,68,68,68,68,68,68,68,68,68,68,68],"card_choices":[{"not_picked":["Pommel Strike","Headbutt"],"picked":"Clothesline","floor":1},{"not_picked":["Havoc","Heavy Blade","Clothesline"],"picked":"SKIP","floor":3},{"not_picked":["Armaments","Havoc"],"picked":"Rampage","floor":4},{"not_picked":["Evolve","Heavy Blade"],"picked":"Feel No Pain","floor":5},{"not_picked":["Dropkick","Entrench","Perfected Strike"],"picked":"SKIP","floor":6},{"not_picked":["Burning Pact","Sword Boomerang"],"picked":"Disarm","floor":8},{"not_picked":["Headbutt","Searing Blow"],"picked":"Seeing Red","floor":11},{"not_picked":["Wild Strike","Blood for Blood","Reckless Charge"],"picked":"SKIP","floor":14},{"not_picked":["Limit Break","Reaper"],"picked":"Fiend Fire","floor":16},{"not_picked":["Clash","Iron Wave"],"picked":"Thunderclap","floor":18},{"not_picked":["Dual Wield","Burning Pact"],"picked":"Impervious","floor":19},{"not_picked":["Inflame","Armaments"],"picked":"Corruption","floor":20},{"not_picked":["Headbutt","Clothesline"],"picked":"True Grit","floor":21}],"player_experience":760237,"relics_obtained":[{"floor":6,"key":"Matryoshka"},{"floor":8,"key":"Vajra"},{"floor":9,"key":"Regal Pillow"},{"floor":9,"key":"Self Forming Clay"},{"floor":11,"key":"Sundial"}],"event_choices":[{"damage_healed":0,"gold_gain":0,"player_choice":"Lose Max HP","damage_taken":0,"relics_obtained":["Golden Idol"],"max_hp_gain":0,"max_hp_loss":7,"event_name":"Golden Idol","floor":2,"gold_loss":0},{"cards_removed":["Strike_R"],"damage_healed":0,"gold_gain":0,"player_choice":"Offered Basic","damage_taken":0,"max_hp_gain":0,"max_hp_loss":0,"event_name":"Bonfire Elementals","floor":13,"gold_loss":0},{"damage_healed":0,"gold_gain":0,"cards_transformed":["Strike_R"],"player_choice":"Transformed","damage_taken":0,"max_hp_gain":0,"max_hp_loss":0,"event_name":"Transmorgrifier","floor":22,"gold_loss":0,"cards_obtained":["Pummel"]}],"is_beta":false,"boss_relics":[{"not_picked":["Ectoplasm","Fusion Hammer"],"picked":"Eternal Feather"}],"items_purged_floors":[],"is_endless":false,"potions_floor_spawned":[3,5,14,16,20,21],"killed_by":"Book of Stabbing","ascension_level":15}