{"gold_per_floor":[118,42,62,81,92,92,123,123,123,77,77,95,395,395,395,500,500,516,516,566,582,582],"floor_reached":22,"playtime":820,"items_purged":[],"score":258,"play_id":"852b4c5c-6cd9-4c79-88e7-2270a223c584","local_time":"20190728224852","is_ascension_mode":true,"campfire_choices":[{"data":"True Grit","floor":6,"key":"SMITH"},{"data":"Armaments","floor":8,"key":"SMITH"},{"data":"True Grit","floor":11,"key":"SMITH"},{"data":"Uppercut","floor":15,"key":"SMITH"}],"neow_cost":"TEN_PERCENT_HP_LOSS","seed_source_timestamp":634106608362900,"circlet_count":0,"master_deck":["Strike_R","Strike_R","Strike_R","Strike_R","Defend_R","Defend_R","Defend_R","Bash","Hemokinesis","True Grit+1","Inflame","Uppercut+1","Armaments+1","True Grit+1","Headbutt","Parasite","Double Tap","Bloodletting","Writhe"],"relics":["Burning Blood","Red Skull","Blue Candle","Old Coin","Runic Cube","Darkstone Periapt"],"potions_floor_usage":[12,16,16],"damage_taken":[{"damage":0,"enemies":"2 Louse","floor":1,"turns":3},{"damage":3,"enemies":"Small Slimes","floor":3,"turns":3},{"damage":3,"enemies":"Cultist","floor":4,"turns":3},{"damage":3,"enemies":"2 Fungi Beasts","floor":5,"turns":3},{"damage":27,"enemies":"Gremlin Nob","floor":7,"turns":4},{"damage":12,"enemies":"Gremlin Gang","floor":12,"turns":5},{"damage":13,"enemies":"Hexaghost","floor":16,"turns":7},{"damage":47,"enemies":"Spheric Guardian","floor":18,"turns":6},{"damage":17,"enemies":"Shell Parasite","floor":21,"turns":5},{"damage":24,"enemies":"Centurion and Healer","floor":22,"turns":3}],"seed_played":"7520763091192352382","potions_obtained":[{"floor":1,"key":"BloodPotion"},{"floor":7,"key":"Fire Potion"},{"floor":12,"key":"PowerPotion"},{"floor":18,"key":"FearPotion"}],"is_trial":false,"path_per_floor":["M","$","M","M","M","R","E","R","T","$","R","M","?","?","R","B",null,"M","?","?","M","M"],"character_chosen":"IRONCLAD","items_purchased":["Hemokinesis","True Grit"],"campfire_rested":0,"item_purchase_floors":[2,10],"current_hp_per_floor":[72,72,72,72,72,72,51,51,51,51,51,45,20,38,38,49,66,25,31,31,20,0],"gold":582,"neow_bonus":"REMOVE_TWO","is_prod":false,"is_daily":false,"chose_seed":false,"campfire_upgraded":4,"win_rate":0,"timestamp":1564368532,"path_taken":["M","$","M","M","M","R","E","R","T","$","R","M","?","?","R","BOSS","M","?","?","M","?"],"build_version":"2019-07-17","purchased_purges":0,"victory":false,"max_hp_per_floor":[72,72,72,72,72,72,72,72,72,72,72,72,72,72,72,72,72,72,78,78,78,78],"card_choices":[{"not_picked":["Sentinel","Perfected Strike","Heavy Blade"],"picked":"SKIP","floor":1},{"not_picked":["Wild Strike","Rampage"],"picked":"True Grit","floor":3},{"not_picked":["Dark Embrace","Headbutt"],"picked":"Inflame","floor":4},{"not_picked":["Disarm","Pummel"],"picked":"Uppercut","floor":5},{"not_picked":["Twin Strike","Entrench"],"picked":"Armaments","floor":7},{"not_picked":["Sword Boomerang","Flex"],"picked":"Headbutt","floor":12},{"not_picked":["Dark Embrace","Barricade"],"picked":"Double Tap","floor":16},{"not_picked":["Evolve+1","Sword Boomerang"],"picked":"Bloodletting","floor":18},{"not_picked":["Second Wind","Flex+1","Body Slam"],"picked":"SKIP","floor":21}],"player_experience":574543,"relics_obtained":[{"floor":7,"key":"Red Skull"},{"floor":9,"key":"Blue Candle"}],"event_choices":[{"damage_healed":0,"gold_gain":0,"player_choice":"Success","damage_taken":25,"relics_obtained":["Old Coin"],"max_hp_gain":0,"max_hp_loss":0,"event_name":"Scrap Ooze","floor":13,"gold_loss":0},{"damage_healed":18,"gold_gain":0,"player_choice":"Healed and dodged fight","damage_taken":0,"max_hp_gain":0,"max_hp_loss":0,"event_name":"Mushrooms","floor":14,"gold_loss":0,"cards_obtained":["Parasite"]},{"damage_healed":0,"gold_gain":0,"player_choice":"Opened","damage_taken":0,"relics_obtained":["Darkstone Periapt"],"max_hp_gain":0,"max_hp_loss":0,"event_name":"The Mausoleum","floor":19,"gold_loss":0,"cards_obtained":["Writhe"]},{"damage_healed":0,"gold_gain":100,"player_choice":"Bet on Murderer","damage_taken":0,"max_hp_gain":0,"max_hp_loss":0,"event_name":"The Joust","floor":20,"gold_loss":50}],"is_beta":false,"boss_relics":[{"not_picked":["Runic Pyramid","Runic Dome"],"picked":"Runic Cube"}],"items_purged_floors":[],"is_endless":false,"potions_floor_spawned":[1,7,12,18],"killed_by":"Centurion and Healer","ascension_level":8}