{"gold_per_floor":[112,92,103,29,29,29,40,73,73,89,123,123,123,138,138,261,261,285,210,228,228,228,246,99,99,99,119,119],"floor_reached":28,"playtime":1425,"items_purged":["Writhe"],"score":348,"play_id":"d1421e57-caf7-4478-9c6a-7beafcc5d1da","local_time":"20190717200238","is_ascension_mode":true,"campfire_choices":[{"data":"Whirlwind","floor":6,"key":"SMITH"},{"data":"Second Wind","floor":12,"key":"SMITH"},{"data":"Armaments","floor":15,"key":"SMITH"},{"data":"Corruption","floor":25,"key":"SMITH"}],"neow_cost":"PERCENT_DAMAGE","seed_source_timestamp":84428878137600,"circlet_count":0,"master_deck":["Strike_R","Strike_R","Defend_R","Defend_R","Defend_R","Bash","Ghostly Armor","Combust+1","Whirlwind+1","Second Wind+1","Wild Strike","Inflame","Bludgeon+1","Armaments+1","Limit Break","Offering+1","Infernal Blade+1","Clothesline+1","True Grit+1","Corruption+1","Armaments+1"],"relics":["Burning Blood","Peace Pipe","Question Card","Molten Egg 2","Golden Idol","Astrolabe","Gremlin Horn","Meat on the Bone"],"potions_floor_usage":[8,11,14,16,23,28,28,28],"damage_taken":[{"damage":7,"enemies":"Jaw Worm","floor":1,"turns":3},{"damage":0,"enemies":"Cultist","floor":3,"turns":4},{"damage":0,"enemies":"2 Louse","floor":7,"turns":1},{"damage":24,"enemies":"Lagavulin","floor":8,"turns":5},{"damage":3,"enemies":"Large Slime","floor":10,"turns":4},{"damage":13,"enemies":"3 Sentries","floor":11,"turns":4},{"damage":0,"enemies":"Looter","floor":14,"turns":2},{"damage":7,"enemies":"Slime Boss","floor":16,"turns":7},{"damage":9,"enemies":"Chosen","floor":18,"turns":4},{"damage":17,"enemies":"Shell Parasite","floor":20,"turns":4},{"damage":21,"enemies":"Shelled Parasite and Fungi","floor":23,"turns":9},{"damage":30,"enemies":"Centurion and Healer","floor":27,"turns":5},{"damage":64,"enemies":"Slavers","floor":28,"turns":4}],"seed_played":"1352065754961272956","potions_obtained":[{"floor":2,"key":"Explosive Potion"},{"floor":3,"key":"Block Potion"},{"floor":8,"key":"SkillPotion"},{"floor":10,"key":"FearPotion"},{"floor":11,"key":"SpeedPotion"},{"floor":18,"key":"SkillPotion"},{"floor":20,"key":"Explosive Potion"}],"is_trial":false,"path_per_floor":["M","?","M","$","?","R","M","E","T","M","E","R","?","M","R","B",null,"M","?","M","?","?","M","$","R","T","M","E"],"character_chosen":"IRONCLAD","items_purchased":["Whirlwind","Regen Potion"],"campfire_rested":0,"item_purchase_floors":[4,24],"current_hp_per_floor":[71,71,77,77,77,77,83,65,65,68,61,61,61,67,67,66,83,80,80,69,69,69,54,54,54,54,42,0],"gold":119,"neow_bonus":"TWENTY_PERCENT_HP_BONUS","is_prod":false,"is_daily":false,"chose_seed":false,"campfire_upgraded":4,"win_rate":0,"timestamp":1563408158,"path_taken":["M","?","?","$","?","R","M","E","T","M","E","R","?","M","R","BOSS","M","?","M","?","?","M","$","R","T","?","E"],"build_version":"2019-07-05","purchased_purges":1,"victory":false,"max_hp_per_floor":[96,96,96,96,96,96,96,96,96,96,96,96,89,89,89,89,89,89,89,89,89,89,89,89,89,89,89,89],"card_choices":[{"not_picked":["True Grit","Reckless Charge"],"picked":"Ghostly Armor","floor":1},{"not_picked":["Body Slam","Clash"],"picked":"Combust","floor":3},{"not_picked":["Twin Strike","Seeing Red"],"picked":"Second Wind","floor":7},{"not_picked":["Iron Wave","Clash"],"picked":"Wild Strike","floor":8},{"not_picked":["Perfected Strike","Body Slam","Anger"],"picked":"Inflame","floor":10},{"not_picked":["Wild Strike","Perfected Strike","True Grit"],"picked":"Bludgeon","floor":11},{"not_picked":["Sword Boomerang+1","Perfected Strike+1","Anger+1"],"picked":"Armaments","floor":14},{"not_picked":["Bludgeon+1","Brutality","Barricade"],"picked":"Limit Break","floor":16},{"not_picked":["Armaments","Heavy Blade+1","Thunderclap+1"],"picked":"True Grit+1","floor":18},{"not_picked":["Havoc+1","Thunderclap+1","Body Slam+1"],"picked":"Corruption","floor":20},{"not_picked":["Inflame","Shrug It Off","Perfected Strike+1"],"picked":"Armaments+1","floor":23},{"not_picked":["Headbutt+1","Combust","Anger+1","Havoc"],"picked":"SKIP","floor":27}],"player_experience":385478,"relics_obtained":[{"floor":8,"key":"Peace Pipe"},{"floor":9,"key":"Question Card"},{"floor":11,"key":"Molten Egg 2"},{"floor":26,"key":"Meat on the Bone"}],"event_choices":[{"damage_healed":0,"gold_gain":0,"player_choice":"Bought 1 Potion","damage_taken":0,"max_hp_gain":0,"max_hp_loss":0,"event_name":"The Woman in Blue","floor":2,"gold_loss":0},{"damage_healed":0,"gold_gain":0,"player_choice":"Grow","damage_taken":0,"max_hp_gain":0,"max_hp_loss":0,"event_name":"Living Wall","floor":5,"gold_loss":0,"cards_upgraded":["Combust"]},{"damage_healed":0,"gold_gain":0,"player_choice":"Lose Max HP","damage_taken":0,"relics_obtained":["Golden Idol"],"max_hp_gain":0,"max_hp_loss":7,"event_name":"Golden Idol","floor":13,"gold_loss":0},{"cards_removed":["Strike_R"],"damage_healed":0,"gold_gain":0,"player_choice":"Gave Gold","damage_taken":0,"max_hp_gain":0,"max_hp_loss":0,"event_name":"Beggar","floor":19,"gold_loss":75},{"damage_healed":0,"gold_gain":0,"player_choice":"Opened","damage_taken":0,"relics_obtained":["Gremlin Horn"],"max_hp_gain":0,"max_hp_loss":0,"event_name":"The Mausoleum","floor":21,"gold_loss":0,"cards_obtained":["Writhe"]},{"damage_healed":0,"gold_gain":0,"player_choice":"Ignored","damage_taken":0,"max_hp_gain":0,"max_hp_loss":0,"event_name":"Vampires","floor":22,"gold_loss":0}],"is_beta":false,"boss_relics":[{"not_picked":["Runic Cube","Empty Cage"],"picked":"Astrolabe"}],"items_purged_floors":[24],"is_endless":false,"potions_floor_spawned":[3,8,10,11,18,20],"killed_by":"Slavers","ascension_level":5}