{"gold_per_floor":[119,137,26,45,45,45,15,54,105,23,66,66,9,33,33,158,158,173,22,36,56,69,69,69,94,94,94],"floor_reached":27,"playtime":1411,"items_purged":["Strike_R","Strike_R"],"score":312,"play_id":"8f559687-ea12-4141-a327-7cd9a057ea33","local_time":"20190728180938","is_ascension_mode":true,"campfire_choices":[{"data":"Whirlwind","floor":6,"key":"SMITH"},{"data":"Juggernaut","floor":12,"key":"SMITH"},{"data":"Dark Embrace","floor":15,"key":"SMITH"},{"data":"True Grit","floor":23,"key":"SMITH"}],"neow_cost":"NONE","seed_source_timestamp":616760815300000,"circlet_count":0,"master_deck":["Strike_R","Strike_R+1","Strike_R","Defend_R","Defend_R","Defend_R","Defend_R","Bash+1","Dark Embrace+1","Spot Weakness","Pummel","Whirlwind+1","Juggernaut+1","Metallicize","Immolate","Battle Trance+1","True Grit+1","Warcry+1","Impervious","Armaments"],"relics":["Burning Blood","Golden Idol","Oddly Smooth Stone","Whetstone","Omamori","Happy Flower","Philosopher\u0027s Stone","Vajra","Sundial"],"potions_floor_usage":[8,16,18,21,21,22,27],"damage_taken":[{"damage":8,"enemies":"Jaw Worm","floor":1,"turns":5},{"damage":1,"enemies":"Cultist","floor":2,"turns":4},{"damage":0,"enemies":"2 Louse","floor":4,"turns":2},{"damage":2,"enemies":"Looter","floor":7,"turns":4},{"damage":15,"enemies":"3 Sentries","floor":8,"turns":3},{"damage":16,"enemies":"Lagavulin","floor":11,"turns":7},{"damage":10,"enemies":"3 Louse","floor":14,"turns":3},{"damage":35,"enemies":"Slime Boss","floor":16,"turns":8},{"damage":13,"enemies":"3 Byrds","floor":18,"turns":3},{"damage":3,"enemies":"Shell Parasite","floor":20,"turns":4},{"damage":23,"enemies":"Chosen and Byrds","floor":21,"turns":3},{"damage":3,"enemies":"Centurion and Healer","floor":22,"turns":3},{"damage":0,"enemies":"Cultist and Chosen","floor":25,"turns":4},{"damage":51,"enemies":"Masked Bandits","floor":27,"turns":3}],"seed_played":"-6804566950564438935","potions_obtained":[{"floor":1,"key":"SteroidPotion"},{"floor":8,"key":"Ancient Potion"},{"floor":11,"key":"Dexterity Potion"},{"floor":14,"key":"LiquidBronze"},{"floor":16,"key":"PowerPotion"},{"floor":21,"key":"Weak Potion"},{"floor":22,"key":"Block Potion"}],"is_trial":false,"path_per_floor":["M","M","$","M","?","R","M","E","T","$","E","R","?","M","R","B",null,"M","$","M","M","M","R","?","M","T","?"],"character_chosen":"IRONCLAD","items_purchased":["Whirlwind","Metallicize","True Grit"],"campfire_rested":0,"item_purchase_floors":[3,10,19],"current_hp_per_floor":[70,75,75,80,60,60,64,55,55,55,45,45,45,41,41,12,63,56,56,59,42,45,45,45,51,51,0],"gold":94,"neow_bonus":"ONE_RANDOM_RARE_CARD","is_prod":false,"is_daily":false,"chose_seed":false,"campfire_upgraded":4,"win_rate":0,"timestamp":1564351778,"path_taken":["M","M","$","M","?","R","M","E","T","$","E","R","?","M","R","BOSS","M","$","M","M","?","R","?","M","T","?"],"build_version":"2019-07-17","purchased_purges":2,"victory":false,"max_hp_per_floor":[80,80,80,80,80,80,80,80,80,80,80,80,80,80,80,80,80,80,80,80,80,80,80,80,80,80,80],"card_choices":[{"not_picked":["Rage","Clothesline"],"picked":"Spot Weakness","floor":1},{"not_picked":["Wild Strike","Entrench"],"picked":"Pummel","floor":2},{"not_picked":["Havoc","Wild Strike","Clash"],"picked":"SKIP","floor":4},{"not_picked":["Flex","Disarm","Havoc"],"picked":"SKIP","floor":7},{"not_picked":["Hemokinesis","Cleave"],"picked":"Juggernaut","floor":8},{"not_picked":["Disarm","Flex","Clothesline"],"picked":"SKIP","floor":11},{"not_picked":["Intimidate","Sever Soul","Twin Strike"],"picked":"SKIP","floor":14},{"not_picked":["Demon Form","Dark Embrace"],"picked":"Immolate","floor":16},{"not_picked":["Inflame","Pommel Strike"],"picked":"Battle Trance+1","floor":18},{"not_picked":["Anger+1","Iron Wave"],"picked":"Warcry+1","floor":20},{"not_picked":["Wild Strike","Evolve","Pommel Strike"],"picked":"SKIP","floor":21},{"not_picked":["Anger","Clothesline"],"picked":"Impervious","floor":22},{"not_picked":["Spot Weakness","Flex"],"picked":"Armaments","floor":25}],"player_experience":567884,"relics_obtained":[{"floor":8,"key":"Oddly Smooth Stone"},{"floor":9,"key":"Whetstone"},{"floor":11,"key":"Omamori"},{"floor":26,"key":"Sundial"}],"event_choices":[{"damage_healed":0,"gold_gain":0,"player_choice":"Take Damage","damage_taken":20,"relics_obtained":["Golden Idol"],"max_hp_gain":0,"max_hp_loss":0,"event_name":"Golden Idol","floor":5,"gold_loss":0},{"damage_healed":0,"gold_gain":0,"player_choice":"Paid Gold","damage_taken":0,"relics_obtained":["Happy Flower"],"max_hp_gain":0,"max_hp_loss":0,"event_name":"WeMeetAgain","floor":13,"gold_loss":57},{"damage_healed":0,"gold_gain":0,"player_choice":"Opened","damage_taken":0,"relics_obtained":["Vajra"],"max_hp_gain":0,"max_hp_loss":0,"event_name":"The Mausoleum","floor":24,"gold_loss":0},{"damage_healed":0,"gold_gain":0,"player_choice":"Fought Bandits","damage_taken":0,"max_hp_gain":0,"max_hp_loss":0,"event_name":"Masked Bandits","floor":27,"gold_loss":0}],"is_beta":false,"boss_relics":[{"not_picked":["Black Star","Calling Bell"],"picked":"Philosopher\u0027s Stone"}],"items_purged_floors":[3,19],"is_endless":false,"potions_floor_spawned":[1,8,11,14,16,21,22],"killed_by":"Masked Bandits","ascension_level":8}