{"gold_per_floor":[209,228,76,76,92,92,117,117,117,43,43,8,37,37,37,134,134,148,148,163,127,141,141,141,176,201,201],"floor_reached":27,"playtime":1211,"items_purged":["Strike_R"],"score":321,"play_id":"33017f85-a7fe-4b1c-b2a3-783112d125ba","local_time":"20190717213432","is_ascension_mode":true,"campfire_choices":[{"data":"Seeing Red","floor":6,"key":"SMITH"},{"floor":11,"key":"REST"},{"data":"Feel No Pain","floor":15,"key":"SMITH"},{"floor":23,"key":"REST"}],"neow_cost":"NONE","seed_source_timestamp":90157891485200,"circlet_count":0,"master_deck":["Strike_R","Strike_R","Strike_R","Strike_R","Defend_R","Defend_R","Defend_R","Defend_R","Bash","Shrug It Off+1","Pommel Strike+1","Flame Barrier","Seeing Red+1","Corruption+1","Feel No Pain+1","Feel No Pain","Dark Embrace","Armaments+1","Carnage+1","Ghostly Armor","Rampage+1","Spot Weakness+1","Decay","Shockwave"],"relics":["Burning Blood","Dodecahedron","Darkstone Periapt","Molten Egg 2","Mark of Pain","Mango","Happy Flower"],"potions_floor_usage":[16,16,20],"damage_taken":[{"damage":1,"enemies":"Cultist","floor":1,"turns":3},{"damage":2,"enemies":"Jaw Worm","floor":2,"turns":5},{"damage":0,"enemies":"2 Louse","floor":5,"turns":2},{"damage":50,"enemies":"Lagavulin","floor":7,"turns":11},{"damage":12,"enemies":"3 Sentries","floor":13,"turns":9},{"damage":63,"enemies":"Slime Boss","floor":16,"turns":20},{"damage":2,"enemies":"Spheric Guardian","floor":18,"turns":6},{"damage":6,"enemies":"Chosen","floor":20,"turns":4},{"damage":52,"enemies":"Snake Plant","floor":22,"turns":6},{"damage":39,"enemies":"Book of Stabbing","floor":25,"turns":6},{"damage":40,"enemies":"Gremlin Leader","floor":27,"turns":2}],"seed_played":"-3594032066272583621","potions_obtained":[{"floor":5,"key":"Regen Potion"},{"floor":7,"key":"Block Potion"},{"floor":16,"key":"SkillPotion"}],"is_trial":false,"path_per_floor":["M","M","$","?","M","R","E","?","T","$","R","?","E","$","R","B",null,"M","?","M","$","M","R","?","E","T","E"],"character_chosen":"IRONCLAD","items_purchased":["Flame Barrier","Feel No Pain","Rampage+1"],"campfire_rested":2,"item_purchase_floors":[3,10,21],"current_hp_per_floor":[80,80,80,64,70,70,26,26,26,26,50,70,64,64,64,22,66,70,70,70,70,24,48,54,35,35,0],"gold":201,"neow_bonus":"HUNDRED_GOLD","is_prod":false,"is_daily":false,"chose_seed":false,"campfire_upgraded":2,"win_rate":0,"timestamp":1563413672,"path_taken":["M","?","$","?","M","R","E","?","T","?","R","?","E","$","R","BOSS","M","?","M","$","M","R","?","E","T","E"],"build_version":"2019-07-17","purchased_purges":1,"victory":false,"max_hp_per_floor":[80,80,80,80,80,80,80,80,80,80,80,80,80,80,80,80,80,80,80,80,80,80,80,86,100,100,100],"card_choices":[{"not_picked":["Iron Wave","Pommel Strike"],"picked":"Shrug It Off","floor":1},{"not_picked":["Flame Barrier","Sentinel"],"picked":"Pommel Strike","floor":2},{"not_picked":["Shrug It Off","Clash"],"picked":"Seeing Red","floor":5},{"not_picked":["Body Slam","Intimidate"],"picked":"Corruption","floor":7},{"not_picked":["Flex","Clash"],"picked":"Feel No Pain","floor":13},{"not_picked":["Reaper+1","Exhume"],"picked":"Dark Embrace","floor":16},{"not_picked":["Feel No Pain+1","Flex"],"picked":"Armaments+1","floor":18},{"not_picked":["Iron Wave+1","Thunderclap+1"],"picked":"Ghostly Armor","floor":20},{"not_picked":["Anger+1","Burning Pact"],"picked":"Spot Weakness+1","floor":22},{"not_picked":["Warcry","Perfected Strike+1"],"picked":"Shockwave","floor":25}],"player_experience":386903,"relics_obtained":[{"floor":7,"key":"Dodecahedron"},{"floor":9,"key":"Darkstone Periapt"},{"floor":13,"key":"Molten Egg 2"},{"floor":25,"key":"Mango"},{"floor":26,"key":"Happy Flower"}],"event_choices":[{"damage_healed":0,"gold_gain":0,"player_choice":"Entered Light","damage_taken":16,"max_hp_gain":0,"max_hp_loss":0,"event_name":"Shining Light","floor":4,"gold_loss":0,"cards_upgraded":["Shrug It Off","Pommel Strike"]},{"damage_healed":0,"gold_gain":0,"player_choice":"Grow","damage_taken":0,"max_hp_gain":0,"max_hp_loss":0,"event_name":"Living Wall","floor":8,"gold_loss":0,"cards_upgraded":["Corruption"]},{"damage_healed":20,"gold_gain":0,"player_choice":"Healed","damage_taken":0,"max_hp_gain":0,"max_hp_loss":0,"event_name":"The Cleric","floor":12,"gold_loss":35},{"damage_healed":0,"gold_gain":0,"player_choice":"Read","damage_taken":0,"max_hp_gain":0,"max_hp_loss":0,"event_name":"The Library","floor":19,"gold_loss":0,"cards_obtained":["Carnage"]},{"damage_healed":0,"gold_gain":0,"player_choice":"Smashed Altar","damage_taken":0,"max_hp_gain":0,"max_hp_loss":0,"event_name":"Forgotten Altar","floor":24,"gold_loss":0,"cards_obtained":["Decay"]}],"is_beta":false,"boss_relics":[{"not_picked":["Empty Cage","White Beast Statue"],"picked":"Mark of Pain"}],"items_purged_floors":[3],"is_endless":false,"potions_floor_spawned":[5,7,16],"killed_by":"Gremlin Leader","ascension_level":5}