{"gold_per_floor":[117,135,49,60,60,60,85,85,85,118,118,128,4,4,4,109,109,127,137,155,155,76,105,105,117,193,193,193,193,218,232,232,334,334,353,23,0,11,111,111,136,136,161,161,196,216,244,244,244,244],"floor_reached":51,"playtime":2320,"items_purged":["Strike_R","Strike_R"],"score":1281,"play_id":"f09207c8-6b55-4852-a987-e93c600eb04b","local_time":"20190807124848","is_ascension_mode":true,"campfire_choices":[{"data":"Bash","floor":6,"key":"SMITH"},{"data":"Flame Barrier","floor":8,"key":"SMITH"},{"data":"Demon Form","floor":11,"key":"SMITH"},{"data":"Armaments","floor":15,"key":"SMITH"},{"data":"Whirlwind","floor":24,"key":"SMITH"},{"data":"Heavy Blade","floor":27,"key":"SMITH"},{"data":"Metallicize","floor":29,"key":"SMITH"},{"floor":32,"key":"REST"},{"data":"Demon Form","floor":40,"key":"SMITH"},{"data":"Offering","floor":44,"key":"SMITH"},{"floor":49,"key":"REST"}],"neow_cost":"NONE","seed_source_timestamp":217631980612500,"circlet_count":0,"master_deck":["AscendersBane","Strike_R","Strike_R","Defend_R","Defend_R","Defend_R","Bash+1","Demon Form+1","Flame Barrier+1","Blind","Reaper","Heavy Blade+1","Metallicize+1","Armaments+1","Cleave","Offering+1","Heavy Blade","Shrug It Off","Whirlwind+1","Blood for Blood","Immolate","Demon Form+1","Pummel","Sword Boomerang+1","Clothesline+1","Clothesline+1"],"relics":["Black Blood","Letter Opener","Strawberry","Omamori","Orichalcum","Snecko Eye","Mummified Hand","Art of War","Tiny Chest","Question Card","Happy Flower","Oddly Smooth Stone","Red Mask","Magic Flower","Bronze Scales","PreservedInsect","Pear","Singing Bowl"],"potions_floor_usage":[16,20,23,33,41,46,50],"damage_taken":[{"damage":1,"enemies":"Cultist","floor":1,"turns":3},{"damage":17,"enemies":"2 Louse","floor":2,"turns":5},{"damage":4,"enemies":"Jaw Worm","floor":4,"turns":4},{"damage":13,"enemies":"Lagavulin","floor":7,"turns":8},{"damage":50,"enemies":"Gremlin Nob","floor":10,"turns":6},{"damage":1,"enemies":"Exordium Wildlife","floor":12,"turns":4},{"damage":8,"enemies":"Hexaghost","floor":16,"turns":9},{"damage":6,"enemies":"3 Byrds","floor":18,"turns":1},{"damage":11,"enemies":"Chosen","floor":19,"turns":4},{"damage":30,"enemies":"Sentry and Sphere","floor":20,"turns":6},{"damage":51,"enemies":"Book of Stabbing","floor":23,"turns":7},{"damage":6,"enemies":"Shelled Parasite and Fungi","floor":25,"turns":3},{"damage":6,"enemies":"Gremlin Leader","floor":30,"turns":4},{"damage":12,"enemies":"3 Cultists","floor":31,"turns":3},{"damage":41,"enemies":"Automaton","floor":33,"turns":8},{"damage":27,"enemies":"3 Shapes","floor":35,"turns":3},{"damage":6,"enemies":"Orb Walker","floor":38,"turns":2},{"damage":8,"enemies":"Mind Bloom Boss Battle","floor":39,"turns":5},{"damage":30,"enemies":"Reptomancer","floor":41,"turns":4},{"damage":23,"enemies":"Nemesis","floor":45,"turns":3},{"damage":12,"enemies":"Jaw Worm Horde","floor":46,"turns":3},{"damage":0,"enemies":"Giant Head","floor":47,"turns":5},{"damage":68,"enemies":"Awakened One","floor":50,"turns":9}],"seed_played":"-3756258121839353036","potions_obtained":[{"floor":1,"key":"SkillPotion"},{"floor":10,"key":"SpeedPotion"},{"floor":16,"key":"Swift Potion"},{"floor":18,"key":"BloodPotion"},{"floor":23,"key":"Swift Potion"},{"floor":33,"key":"LiquidBronze"},{"floor":41,"key":"GamblersBrew"},{"floor":47,"key":"Block Potion"}],"is_trial":false,"path_per_floor":["M","M","$","M","?","R","E","R","T","E","R","M","$","?","R","B",null,"M","M","M","?","$","E","R","M","T","R","T","R","E","M","R","B",null,"M","$","?","M","?","R","E","?","T","R","E","M","E","?","R","B",null],"character_chosen":"IRONCLAD","items_purchased":["Blind","Cleave","Whirlwind","Oddly Smooth Stone","Pummel"],"campfire_rested":2,"item_purchase_floors":[3,13,22,36,36],"current_hp_per_floor":[77,66,66,68,68,68,61,61,68,33,33,46,46,46,46,44,76,76,71,58,58,58,34,34,56,56,56,56,56,56,50,76,41,76,59,59,59,63,65,65,50,50,50,50,52,55,70,70,97,86],"gold":244,"neow_bonus":"ONE_RANDOM_RARE_CARD","is_prod":false,"is_daily":false,"chose_seed":false,"campfire_upgraded":9,"win_rate":0,"timestamp":1565196528,"path_taken":["M","M","$","M","?","R","E","R","T","E","R","M","?","?","R","BOSS","M","?","M","?","$","E","R","M","T","R","?","R","E","?","R","BOSS","M","$","?","M","?","R","E","?","T","R","E","M","E","?","R","BOSS"],"build_version":"2019-07-17","purchased_purges":2,"victory":true,"max_hp_per_floor":[80,80,80,80,80,80,80,80,87,87,87,87,87,87,87,87,87,87,87,87,87,87,87,87,87,87,87,87,87,87,87,87,87,87,87,87,87,87,87,87,87,87,87,87,97,97,97,97,97,97],"card_choices":[{"not_picked":["Second Wind","Perfected Strike","Havoc"],"picked":"SKIP","floor":1},{"not_picked":["Ghostly Armor","True Grit"],"picked":"Flame Barrier","floor":2},{"not_picked":["Thunderclap","Disarm"],"picked":"Reaper","floor":4},{"not_picked":["Iron Wave","Headbutt"],"picked":"Heavy Blade","floor":7},{"not_picked":["Searing Blow","Headbutt"],"picked":"Metallicize","floor":10},{"not_picked":["Blood for Blood","Cleave"],"picked":"Armaments","floor":12},{"not_picked":["Double Tap","Brutality"],"picked":"Offering","floor":16},{"not_picked":["Clash+1","Twin Strike+1","Havoc"],"picked":"SKIP","floor":18},{"not_picked":["Disarm+1","Warcry"],"picked":"Heavy Blade","floor":19},{"not_picked":["Warcry","Anger+1"],"picked":"Shrug It Off","floor":20},{"not_picked":["True Grit","Sentinel","Sever Soul"],"picked":"SKIP","floor":23},{"not_picked":["Shrug It Off","Pummel"],"picked":"Blood for Blood","floor":25},{"not_picked":["Ghostly Armor","Seeing Red","Perfected Strike"],"picked":"Immolate","floor":30},{"not_picked":["Armaments","Clash","Second Wind","Headbutt+1"],"picked":"SKIP","floor":31},{"not_picked":["Offering","Reaper","Immolate"],"picked":"Demon Form","floor":33},{"not_picked":["Twin Strike+1","Battle Trance+1","Warcry+1","Shrug It Off"],"picked":"SKIP","floor":35},{"not_picked":["True Grit","Anger+1","Thunderclap","Pummel"],"picked":"SKIP","floor":38},{"not_picked":["True Grit","Twin Strike+1","Armaments"],"picked":"Sword Boomerang+1","floor":39},{"not_picked":["Rage","Feed","Metallicize+1"],"picked":"Clothesline+1","floor":41},{"not_picked":["Rupture","Flex","Sever Soul","Demon Form"],"picked":"SKIP","floor":45},{"not_picked":["Havoc","Warcry","Body Slam","Fiend Fire"],"picked":"SKIP","floor":46},{"not_picked":["Reaper","Uppercut","Dark Embrace"],"picked":"Clothesline+1","floor":47}],"player_experience":666733,"relics_obtained":[{"floor":7,"key":"Letter Opener"},{"floor":9,"key":"Strawberry"},{"floor":10,"key":"Omamori"},{"floor":23,"key":"Art of War"},{"floor":26,"key":"Tiny Chest"},{"floor":28,"key":"Question Card"},{"floor":30,"key":"Happy Flower"},{"floor":39,"key":"Magic Flower"},{"floor":41,"key":"Bronze Scales"},{"floor":43,"key":"PreservedInsect"},{"floor":45,"key":"Pear"},{"floor":47,"key":"Singing Bowl"}],"event_choices":[{"cards_removed":["Strike_R"],"damage_healed":0,"gold_gain":0,"player_choice":"Purged","damage_taken":0,"max_hp_gain":0,"max_hp_loss":0,"event_name":"Purifier","floor":5,"gold_loss":0},{"damage_healed":0,"gold_gain":0,"player_choice":"Gave Potion","damage_taken":0,"relics_obtained":["Orichalcum"],"max_hp_gain":0,"max_hp_loss":0,"event_name":"WeMeetAgain","floor":14,"gold_loss":0},{"damage_healed":0,"gold_gain":0,"player_choice":"Opened","damage_taken":0,"relics_obtained":["Mummified Hand"],"max_hp_gain":0,"max_hp_loss":0,"event_name":"The Mausoleum","floor":21,"gold_loss":0,"cards_obtained":["Writhe"]},{"damage_healed":0,"gold_gain":0,"player_choice":"Paid","damage_taken":0,"relics_obtained":["Red Mask"],"max_hp_gain":0,"max_hp_loss":0,"event_name":"Tomb of Lord Red Mask","floor":37,"gold_loss":23},{"damage_healed":0,"gold_gain":0,"player_choice":"Fight","damage_taken":0,"max_hp_gain":0,"max_hp_loss":0,"event_name":"MindBloom","floor":39,"gold_loss":0},{"cards_removed":["Defend_R"],"damage_healed":0,"gold_gain":0,"player_choice":"Removed Skill","damage_taken":0,"max_hp_gain":0,"max_hp_loss":0,"event_name":"Falling","floor":42,"gold_loss":0},{"damage_healed":0,"gold_gain":0,"player_choice":"Ignored","damage_taken":0,"max_hp_gain":0,"max_hp_loss":0,"event_name":"Mysterious Sphere","floor":48,"gold_loss":0}],"is_beta":false,"boss_relics":[{"not_picked":["Eternal Feather","Runic Cube"],"picked":"Snecko Eye"},{"not_picked":["Runic Dome","Pandora\u0027s Box"],"picked":"Black Blood"}],"items_purged_floors":[13,36],"is_endless":false,"potions_floor_spawned":[1,10,16,18,23,33,41,47],"ascension_level":10}