{"gold_per_floor":[109,109,121,132,132,132,164,164,164,66,66,79,96,14,14,114,114,128,160,160,176,186,186,206,206,279,279,298,198,297,314,314,314],"floor_reached":33,"playtime":1804,"items_purged":["Strike_G","Strike_G"],"score":272,"play_id":"e90e8a68-8624-4d46-90ee-0697f1c1cf7f","local_time":"20181021002336","is_ascension_mode":true,"campfire_choices":[{"data":"Predator","floor":6,"key":"SMITH"},{"data":"PiercingWail","floor":15,"key":"SMITH"},{"floor":23,"key":"REST"},{"floor":25,"key":"REST"},{"data":"Poisoned Stab","floor":27,"key":"SMITH"},{"floor":32,"key":"REST"}],"neow_cost":"NONE","seed_source_timestamp":1550184168899,"circlet_count":0,"master_deck":["Defend_G","Defend_G","Defend_G","Defend_G","Defend_G","Strike_G+1","Strike_G+1","Survivor","Neutralize+1","Predator+1","Caltrops+1","Slice","PiercingWail+1","Noxious Fumes+1","Dagger Spray","A Thousand Cuts+1","PiercingWail","Prepared+1","Bane","Poisoned Stab+1","Envenom+1","Flying Knee+1"],"relics":["Ring of the Snake","Happy Flower","Frozen Egg 2","Whetstone","WristBlade","Red Mask","Matryoshka"],"potions_floor_usage":[7,16,24,31,31],"damage_taken":[{"damage":0,"enemies":"Jaw Worm","floor":1,"turns":6},{"damage":0,"enemies":"Cultist","floor":3,"turns":4},{"damage":0,"enemies":"2 Louse","floor":4,"turns":3},{"damage":8,"enemies":"Lagavulin","floor":7,"turns":6},{"damage":0,"enemies":"Looter","floor":12,"turns":2},{"damage":0,"enemies":"Exordium Wildlife","floor":13,"turns":2},{"damage":12,"enemies":"Hexaghost","floor":16,"turns":8},{"damage":12,"enemies":"2 Thieves","floor":18,"turns":4},{"damage":41,"enemies":"Masked Bandits","floor":19,"turns":4},{"damage":4,"enemies":"Chosen","floor":21,"turns":5},{"damage":7,"enemies":"3 Cultists","floor":22,"turns":4},{"damage":15,"enemies":"Centurion and Healer","floor":24,"turns":5},{"damage":0,"enemies":"Chosen and Byrds","floor":28,"turns":5},{"damage":15,"enemies":"Shelled Parasite and Fungi","floor":31,"turns":5},{"damage":61,"enemies":"Collector","floor":33,"turns":7}],"seed_played":"4307215026501291029","potions_obtained":[{"floor":4,"key":"SpeedPotion"},{"floor":12,"key":"Dexterity Potion"},{"floor":19,"key":"GhostInAJar"},{"floor":24,"key":"SpeedPotion"},{"floor":28,"key":"PowerPotion"}],"is_trial":false,"path_per_floor":["M","?","M","M","?","R","E","?","T","$","?","M","M","$","R","B",null,"M","?","?","M","M","R","M","R","T","R","M","$","?","M","R"],"character_chosen":"THE_SILENT","items_purchased":["Slice","Noxious Fumes+1","Dagger Spray"],"campfire_rested":3,"item_purchase_floors":[10,14,14],"current_hp_per_floor":[70,70,70,70,75,75,67,67,67,67,67,67,67,67,67,55,75,63,22,22,18,11,33,18,40,40,40,40,40,40,25,47,0],"gold":314,"neow_bonus":"RANDOM_COMMON_RELIC","is_prod":false,"is_daily":false,"chose_seed":false,"campfire_upgraded":3,"win_rate":0,"timestamp":1540077816,"path_taken":["M","?","M","M","?","R","E","?","T","$","?","M","?","$","R","BOSS","M","?","?","?","M","R","M","R","T","R","M","$","?","M","R","BOSS"],"build_version":"2018-10-18","purchased_purges":2,"victory":false,"max_hp_per_floor":[70,70,70,70,75,75,75,75,75,75,75,75,75,75,75,75,75,75,75,75,75,75,75,75,75,75,75,75,75,75,75,75,75],"card_choices":[{"not_picked":["Deadly Poison","Blur","Masterful Stab"],"picked":"SKIP","floor":1},{"not_picked":["Poisoned Stab","Underhanded Strike","Prepared"],"picked":"SKIP","floor":3},{"not_picked":["Choke","Reflex"],"picked":"Predator","floor":4},{"not_picked":["Predator","Corpse Explosion"],"picked":"Caltrops","floor":7},{"not_picked":["Reflex","Prepared","Concentrate"],"picked":"SKIP","floor":12},{"not_picked":["Dash","Flechettes"],"picked":"PiercingWail","floor":13},{"not_picked":["Night Terror","Tools of the Trade+1"],"picked":"A Thousand Cuts+1","floor":16},{"not_picked":["Quick Slash","Prepared","Concentrate"],"picked":"SKIP","floor":18},{"not_picked":["Expertise","Eviscerate+1"],"picked":"PiercingWail","floor":19},{"not_picked":["Distraction","Deadly Poison"],"picked":"Prepared+1","floor":21},{"not_picked":["Flying Knee","Slice+1"],"picked":"Bane","floor":22},{"not_picked":["Dagger Spray","Deflect"],"picked":"Poisoned Stab","floor":24},{"not_picked":["Flying Knee","Reflex+1"],"picked":"Envenom+1","floor":28},{"not_picked":["Slice","Deadly Poison"],"picked":"Flying Knee+1","floor":31}],"player_experience":185971,"relics_obtained":[{"floor":7,"key":"Frozen Egg 2"},{"floor":9,"key":"Whetstone"},{"floor":19,"key":"Red Mask"},{"floor":26,"key":"Matryoshka"}],"event_choices":[{"damage_healed":0,"gold_gain":0,"player_choice":"Forge","damage_taken":0,"max_hp_gain":0,"max_hp_loss":0,"event_name":"Accursed Blacksmith","floor":2,"gold_loss":0,"cards_upgraded":["Neutralize"]},{"damage_healed":0,"gold_gain":0,"player_choice":"Donut","damage_taken":0,"max_hp_gain":5,"max_hp_loss":0,"event_name":"Big Fish","floor":5,"gold_loss":0},{"damage_healed":0,"gold_gain":0,"player_choice":"Ignored","damage_taken":0,"max_hp_gain":0,"max_hp_loss":0,"event_name":"Liars Game","floor":8,"gold_loss":0},{"damage_healed":0,"gold_gain":0,"player_choice":"Bought 0 Potions","damage_taken":0,"max_hp_gain":0,"max_hp_loss":0,"event_name":"The Woman in Blue","floor":11,"gold_loss":0},{"damage_healed":0,"gold_gain":0,"player_choice":"Fought Bandits","damage_taken":0,"max_hp_gain":0,"max_hp_loss":0,"event_name":"Masked Bandits","floor":19,"gold_loss":0},{"cards_removed":["Strike_G"],"damage_healed":0,"gold_gain":0,"player_choice":"Offered Basic","damage_taken":0,"max_hp_gain":0,"max_hp_loss":0,"event_name":"Bonfire Elementals","floor":20,"gold_loss":0},{"damage_healed":0,"gold_gain":99,"player_choice":"Stole From Cult","damage_taken":0,"max_hp_gain":0,"max_hp_loss":0,"event_name":"Nest","floor":30,"gold_loss":0}],"is_beta":false,"boss_relics":[{"not_picked":["Runic Dome","Pandora\u0027s Box"],"picked":"WristBlade"}],"items_purged_floors":[10,29],"is_endless":false,"potions_floor_spawned":[4,12,19,24,28],"killed_by":"Collector","ascension_level":2}