{"gold_per_floor":[114,289,289,306,306,306,18,49,105,105,117,117,129,144,144,244,244,262,10,22,35,52,52,65,65,65,65,79,79],"floor_reached":29,"playtime":2717,"items_purged":["Doubt","Strike_G"],"score":261,"play_id":"bac0507b-da12-43e0-9d9e-b41c1d4cae43","local_time":"20190807095615","is_ascension_mode":true,"campfire_choices":[{"data":"Quick Slash","floor":6.0,"key":"SMITH"},{"data":"Neutralize","floor":10.0,"key":"SMITH"},{"data":"Backflip","floor":12.0,"key":"SMITH"},{"floor":15.0,"key":"REST"},{"floor":23,"key":"REST"},{"floor":25,"key":"REST"}],"neow_cost":"NONE","seed_source_timestamp":0,"circlet_count":0,"master_deck":["Strike_G","Strike_G","Strike_G","Strike_G","Defend_G","Defend_G","Defend_G","Defend_G","Defend_G","Survivor","Neutralize+1","Deadly Poison","Quick Slash+1","Well Laid Plans","Backflip+1","All Out Attack","Burst","Cloak And Dagger","Crippling Poison","Leg Sweep"],"special_seed":0,"relics":["Ring of the Serpent","Art of War","Boot","Tiny Chest","Oddly Smooth Stone","Ginger"],"potions_floor_usage":[18,22,22,22],"damage_taken":[{"damage":2.0,"enemies":"Cultist","floor":1.0,"turns":5.0},{"damage":2.0,"enemies":"Small Slimes","floor":4.0,"turns":5.0},{"damage":22.0,"enemies":"3 Sentries","floor":8.0,"turns":12.0},{"damage":0.0,"enemies":"Jaw Worm","floor":11.0,"turns":3.0},{"damage":0.0,"enemies":"Gremlin Gang","floor":13.0,"turns":3.0},{"damage":4.0,"enemies":"Large Slime","floor":14.0,"turns":6.0},{"damage":19.0,"enemies":"Hexaghost","floor":16.0,"turns":12.0},{"damage":13,"enemies":"Spheric Guardian","floor":18,"turns":6},{"damage":3,"enemies":"Chosen","floor":20,"turns":5},{"damage":52,"enemies":"Centurion and Healer","floor":21,"turns":6},{"damage":0,"enemies":"Snecko","floor":22,"turns":5},{"damage":5,"enemies":"Snake Plant","floor":24,"turns":5},{"damage":15,"enemies":"3 Cultists","floor":28,"turns":5},{"damage":4,"enemies":"Centurion and Healer","floor":29,"turns":5}],"seed_played":"-5628358548964563320","potions_obtained":[{"floor":0.0,"key":"Swift Potion"},{"floor":0.0,"key":"Block Potion"},{"floor":0.0,"key":"Dexterity Potion"},{"floor":3.0,"key":"Fire Potion"},{"floor":13.0,"key":"Explosive Potion"},{"floor":20,"key":"PowerPotion"}],"is_trial":false,"path_per_floor":["M","?","?","M","?","R","$","E","T","R","M","R","M","M","R","B",null,"M","$","M","M","M","R","M","R","T","?","M","M"],"character_chosen":"THE_SILENT","items_purchased":["Well Laid Plans","Art of War","Oddly Smooth Stone"],"campfire_rested":3,"item_purchase_floors":[7,7,19],"current_hp_per_floor":[68,68,68,66,59,59,59,37,37,37,37,37,37,33,54,35,70,57,57,54,2,2,23,18,39,39,39,24,20],"gold":79,"neow_bonus":"THREE_SMALL_POTIONS","is_prod":false,"is_daily":false,"chose_seed":false,"campfire_upgraded":3,"win_rate":0,"timestamp":1565189775,"path_taken":["M","?","?","?","?","R","$","E","T","R","M","R","M","M","R","BOSS","M","$","M","M","?","R","M","R","T","?","M","M"],"build_version":"2019-07-17","purchased_purges":2,"victory":false,"max_hp_per_floor":[70,70,70,70,70,70,70,70,70,70,70,70,70,70,70,70,70,70,70,70,70,70,70,70,70,70,70,70,70],"card_choices":[{"not_picked":["Prepared","Acrobatics"],"picked":"Deadly Poison","floor":1.0},{"not_picked":["Finisher","Backflip"],"picked":"Quick Slash","floor":4.0},{"not_picked":["Finisher","Underhanded Strike","Flechettes"],"picked":"SKIP","floor":8.0},{"not_picked":["Dagger Spray","Cloak And Dagger"],"picked":"Backflip","floor":11.0},{"not_picked":["Finisher","Backflip"],"picked":"All Out Attack","floor":13.0},{"not_picked":["Quick Slash","Flying Knee","Masterful Stab"],"picked":"SKIP","floor":14.0},{"not_picked":["Doppelganger","Envenom"],"picked":"Burst","floor":16.0},{"not_picked":["Dash","Caltrops"],"picked":"Cloak And Dagger","floor":18},{"not_picked":["Bane+1","Dagger Throw","Setup"],"picked":"SKIP","floor":20},{"not_picked":["Backflip","Blade Dance"],"picked":"Crippling Poison","floor":21},{"not_picked":["Choke","Bouncing Flask"],"picked":"Leg Sweep","floor":22},{"not_picked":["Outmaneuver","Wraith Form v2","Blade Dance+1"],"picked":"SKIP","floor":24},{"not_picked":["Dagger Spray+1","Distraction","Infinite Blades"],"picked":"SKIP","floor":28}],"player_experience":375756,"relics_obtained":[{"floor":8.0,"key":"Boot"},{"floor":9.0,"key":"Tiny Chest"},{"floor":26,"key":"Ginger"}],"event_choices":[{"damage_healed":0.0,"max_hp_gain":0.0,"max_hp_loss":0.0,"gold_gain":175.0,"event_name":"Liars Game","player_choice":"AGREE","floor":2.0,"gold_loss":0.0,"damage_taken":0.0,"cards_obtained":["Doubt"]},{"damage_healed":0.0,"max_hp_gain":0.0,"max_hp_loss":0.0,"gold_gain":0.0,"event_name":"Lab","player_choice":"Got Potions","floor":3.0,"gold_loss":0.0,"damage_taken":0.0},{"damage_healed":0.0,"max_hp_gain":0.0,"max_hp_loss":0.0,"gold_gain":0.0,"event_name":"Wheel of Change","player_choice":"Damaged","floor":5.0,"gold_loss":0.0,"damage_taken":7.0},{"damage_healed":0,"gold_gain":0,"player_choice":"Ignored","damage_taken":0,"max_hp_gain":0,"max_hp_loss":0,"event_name":"Vampires","floor":27,"gold_loss":0}],"is_beta":false,"boss_relics":[{"not_picked":["Coffee Dripper","White Beast Statue"],"picked":"Ring of the Serpent"}],"items_purged_floors":[7,19],"is_endless":false,"potions_floor_spawned":[1,13,14,20,21],"killed_by":"Centurion and Healer","ascension_level":3}