{"gold_per_floor":[111,111,111,126,49,49,63,18,18,18,43,43,56,75,75,175,175,193,193,44,44,54,54,70,95,118,135,147,147,160,170,170,266,266,279,18,28,43,43],"floor_reached":39,"playtime":6369,"items_purged":["Strike_G"],"score":405,"play_id":"78dd90b4-4f79-411a-912c-8d5e4c109cf3","local_time":"20180627210748","is_ascension_mode":false,"campfire_choices":[{"data":"Footwork","floor":6,"key":"SMITH"},{"data":"Footwork","floor":10,"key":"SMITH"},{"data":"Footwork","floor":12,"key":"SMITH"},{"floor":15,"key":"REST"},{"floor":23,"key":"REST"},{"floor":29,"key":"REST"},{"floor":32,"key":"REST"}],"neow_cost":"NONE","seed_source_timestamp":753354255898758,"circlet_count":0,"master_deck":["Defend_G","Defend_G","Defend_G","Defend_G","Defend_G","Strike_G","Strike_G","Strike_G","Strike_G","Survivor","Neutralize","Well Laid Plans","Malaise","Footwork+1","Footwork+1","Footwork+1","After Image","Expertise","Noxious Fumes","Bouncing Flask","Dash","Dodge and Roll","Tools of the Trade","Backflip","Backflip","Dash","Dodge and Roll+1","Reflex+1"],"relics":["Ring of the Snake","Regal Pillow","Bottled Flame","Oddly Smooth Stone","Orrery","Thread and Needle","Blood Vial","Lizard Tail","Shuriken"],"potions_floor_usage":[11,22,25,25,25,28,38],"damage_taken":[{"damage":0,"enemies":"Small Slimes","floor":1,"turns":5},{"damage":4,"enemies":"Jaw Worm","floor":4,"turns":7},{"damage":0,"enemies":"2 Louse","floor":7,"turns":5},{"damage":0,"enemies":"Looter","floor":8,"turns":5},{"damage":14,"enemies":"3 Sentries","floor":11,"turns":13},{"damage":0,"enemies":"Large Slime","floor":13,"turns":9},{"damage":0,"enemies":"3 Louse","floor":14,"turns":8},{"damage":3,"enemies":"The Guardian","floor":16,"turns":27},{"damage":7,"enemies":"Shell Parasite","floor":18,"turns":8},{"damage":22,"enemies":"3 Byrds","floor":22,"turns":10},{"damage":2,"enemies":"Snecko","floor":24,"turns":9},{"damage":52,"enemies":"Slavers","floor":25,"turns":16},{"damage":0,"enemies":"Centurion and Healer","floor":27,"turns":13},{"damage":0,"enemies":"Snake Plant","floor":28,"turns":7},{"damage":0,"enemies":"Snecko","floor":30,"turns":7},{"damage":3,"enemies":"Slaver and Parasite","floor":31,"turns":12},{"damage":50,"enemies":"Automaton","floor":33,"turns":27},{"damage":46,"enemies":"3 Shapes","floor":35,"turns":8},{"damage":1,"enemies":"Orb Walker","floor":37,"turns":10},{"damage":38,"enemies":"Maw","floor":38,"turns":16},{"damage":51,"enemies":"Sphere and 2 Shapes","floor":39,"turns":3}],"seed_played":"4141774236377071585","potions_obtained":[{"floor":1,"key":"SkillPotion"},{"floor":11,"key":"PowerPotion"},{"floor":13,"key":"Fire Potion"},{"floor":16,"key":"FearPotion"},{"floor":18,"key":"SpeedPotion"},{"floor":22,"key":"SteroidPotion"},{"floor":27,"key":"SkillPotion"},{"floor":33,"key":"FearPotion"},{"floor":38,"key":"SpeedPotion"}],"is_trial":false,"path_per_floor":["M","?","?","M","$","R","M","M","T","R","E","R","M","M","R","B",null,"M","?","$","?","M","R","M","E","T","M","M","R","M","M","R","B",null,"M","$","M","M"],"character_chosen":"THE_SILENT","items_purchased":["Footwork","Dash","Shuriken"],"campfire_rested":4,"item_purchase_floors":[5,20,36],"current_hp_per_floor":[70,70,70,66,66,66,66,66,66,66,52,52,52,52,70,67,70,63,54,54,54,32,68,66,14,14,16,18,54,56,55,70,20,70,24,24,25,35,0],"gold":43,"neow_bonus":"RANDOM_COMMON_RELIC","is_prod":false,"is_daily":false,"chose_seed":false,"campfire_upgraded":3,"win_rate":0,"timestamp":1530130068,"path_taken":["M","?","?","M","$","R","M","M","T","R","E","R","M","M","R","BOSS","M","?","$","?","M","R","M","E","T","M","M","R","?","?","R","BOSS","M","$","M","M","M"],"build_version":"2018-06-21v2","purchased_purges":1,"victory":false,"max_hp_per_floor":[70,70,70,70,70,70,70,70,70,70,70,70,70,70,70,70,70,70,70,70,70,70,70,70,70,70,70,70,70,70,70,70,70,70,70,70,70,70,70],"card_choices":[{"not_picked":["Quick Slash","Dodge and Roll"],"picked":"Well Laid Plans","floor":1},{"not_picked":["Well Laid Plans","Terror"],"picked":"Malaise","floor":4},{"not_picked":["Deflect","Underhanded Strike"],"picked":"Footwork","floor":7},{"not_picked":["Flying Knee","Dagger Throw"],"picked":"Footwork","floor":8},{"not_picked":["Cloak And Dagger","Predator","Catalyst"],"picked":"SKIP","floor":11},{"not_picked":["Bane","PiercingWail","Deadly Poison"],"picked":"SKIP","floor":13},{"not_picked":["Flying Knee","Unload","Poisoned Stab"],"picked":"SKIP","floor":14},{"not_picked":["Night Terror","Corpse Explosion"],"picked":"After Image","floor":16},{"not_picked":["Quick Slash","Flying Knee"],"picked":"Expertise","floor":17},{"not_picked":["Quick Slash","Cloak And Dagger"],"picked":"Noxious Fumes","floor":17},{"not_picked":["Poisoned Stab","Slice"],"picked":"Bouncing Flask","floor":17},{"not_picked":["Poisoned Stab","Outmaneuver+1","Calculated Gamble"],"picked":"SKIP","floor":18},{"not_picked":["Cloak And Dagger","All Out Attack+1","Poisoned Stab"],"picked":"SKIP","floor":22},{"not_picked":["Skewer","Noxious Fumes+1"],"picked":"Dodge and Roll","floor":24},{"not_picked":["Eviscerate","Underhanded Strike"],"picked":"Tools of the Trade","floor":25},{"not_picked":["Underhanded Strike","Slice"],"picked":"Backflip","floor":27},{"not_picked":["Poisoned Stab+1","Noxious Fumes+1"],"picked":"Backflip","floor":28},{"not_picked":["Skewer+1","Backstab+1","Blade Dance+1"],"picked":"SKIP","floor":30},{"not_picked":["Poisoned Stab+1","Sucker Punch"],"picked":"Dash","floor":31},{"not_picked":["Deflect","Flechettes"],"picked":"Dodge and Roll+1","floor":35},{"not_picked":["Dagger Spray","Deflect"],"picked":"Reflex+1","floor":37},{"not_picked":["Acrobatics","Endless Agony+1","Quick Slash"],"picked":"SKIP","floor":38}],"player_experience":184211,"relics_obtained":[{"floor":9,"key":"Bottled Flame"},{"floor":11,"key":"Oddly Smooth Stone"},{"floor":25,"key":"Thread and Needle"},{"floor":26,"key":"Blood Vial"}],"event_choices":[{"event_name":"Golden Wing","player_choice":"Ignored","floor":2,"damage_taken":0},{"event_name":"Golden Idol","player_choice":"Ignored","floor":3,"damage_taken":0},{"event_name":"Cursed Tome","player_choice":"Stopped","floor":19,"damage_taken":0},{"event_name":"Vampires","player_choice":"Ignored","floor":21,"damage_taken":0}],"boss_relics":[{"not_picked":["Calling Bell","Fusion Hammer"],"picked":"Orrery"},{"not_picked":["Busted Crown","White Beast Statue"],"picked":"Lizard Tail"}],"items_purged_floors":[20],"is_endless":false,"potions_floor_spawned":[1,11,13,16,18,22,27,33,38],"killed_by":"Sphere and 2 Shapes","ascension_level":0}