{"gold_per_floor":[112,127,50,50,50,63,63,82,82,105,149,149,163,186,186,309,309,325,325,345,385,385,385,406,406,406,406,406,430,446,462,462,587,617,633,633,733,753,753,753,239,572,653,653,663,885,905,905],"floor_reached":48,"playtime":6129,"items_purged":["Writhe"],"score":484,"play_id":"2160a318-5609-4cdf-8c5c-207d3ee6efd7","local_time":"20180624214443","is_ascension_mode":false,"campfire_choices":[{"floor":12,"key":"REST"},{"data":"Wild Strike","floor":15,"key":"SMITH"},{"data":"Carnage","floor":23,"key":"SMITH"},{"data":"Barricade","floor":25,"key":"SMITH"},{"data":"Infernal Blade","floor":28,"key":"SMITH"},{"floor":32,"key":"REST"},{"floor":40,"key":"REST"},{"floor":44,"key":"DIG"}],"neow_cost":"NONE","seed_source_timestamp":496602743241203,"circlet_count":0,"master_deck":["Strike_R+1","Strike_R+1","Strike_R+1","Strike_R+1","Strike_R+1","Defend_R+1","Defend_R+1","Defend_R+1","Defend_R+1","Bash+1","Heavy Blade","Wild Strike+1","Entrench","Sword Boomerang","Body Slam","Clash","Injury","Perfected Strike","Impervious","Carnage+1","Combust","Infernal Blade+1","Barricade+1","Armaments","Body Slam","Dropkick","Writhe","Bludgeon","Iron Wave","Anger+1","Flex","Fiend Fire","Decay","Injury","Thunderclap+1","Shrug It Off","Thunderclap","Madness","Madness","Apotheosis","Flash of Steel","Entrench+1","Metallicize"],"relics":["Burning Blood","Orichalcum","Centennial Puzzle","Sozu","Red Mask","Kunai","Calling Bell","Tiny Chest","Mercury Hourglass","Unceasing Top","Shovel","Oddly Smooth Stone","Mummified Hand","Pear"],"potions_floor_usage":[33,33],"damage_taken":[{"damage":2,"enemies":"2 Louse","floor":1,"turns":3},{"damage":1,"enemies":"Cultist","floor":2,"turns":3},{"damage":0,"enemies":"Small Slimes","floor":6,"turns":3},{"damage":32,"enemies":"Exordium Thugs","floor":8,"turns":6},{"damage":10,"enemies":"Large Slime","floor":10,"turns":4},{"damage":19,"enemies":"Gremlin Nob","floor":11,"turns":4},{"damage":2,"enemies":"Gremlin Gang","floor":13,"turns":4},{"damage":1,"enemies":"Blue Slaver","floor":14,"turns":2},{"damage":22,"enemies":"Hexaghost","floor":16,"turns":9},{"damage":18,"enemies":"Spheric Guardian","floor":18,"turns":4},{"damage":8,"enemies":"Shell Parasite","floor":20,"turns":4},{"damage":29,"floor":21,"turns":6},{"damage":6,"enemies":"Centurion and Healer","floor":24,"turns":5},{"damage":15,"enemies":"Sentry and Sphere","floor":29,"turns":4},{"damage":6,"enemies":"Cultist and Chosen","floor":30,"turns":5},{"damage":19,"enemies":"Snecko","floor":31,"turns":4},{"damage":53,"enemies":"Champ","floor":33,"turns":13},{"damage":15,"enemies":"3 Darklings","floor":35,"turns":5},{"damage":3,"floor":36,"turns":8},{"damage":14,"enemies":"Orb Walker","floor":38,"turns":3},{"damage":19,"enemies":"Sphere and 2 Shapes","floor":45,"turns":5},{"damage":36,"enemies":"Maw","floor":47,"turns":8}],"seed_played":"8474507010539567020","potions_obtained":[{"floor":8,"key":"Poison Potion"},{"floor":10,"key":"LiquidBronze"},{"floor":13,"key":"Dexterity Potion"},{"floor":16,"key":"Swift Potion"}],"is_trial":false,"path_per_floor":["M","M","$","?","$","M","?","M","T","M","E","R","M","M","R","B",null,"M","?","M","?","?","R","M","R","T","?","R","M","M","M","R","B",null,"M","?","?","M","?","R","$","?","T","R","M","?","M"],"character_chosen":"IRONCLAD","items_purchased":["Sword Boomerang","Body Slam","Oddly Smooth Stone","Apotheosis","Flash of Steel"],"campfire_rested":3,"item_purchase_floors":[3,3,41,41,41],"current_hp_per_floor":[80,80,80,64,64,70,70,44,44,40,27,51,55,60,60,44,80,68,68,66,43,69,69,69,69,69,69,69,60,60,47,71,24,80,71,74,74,66,56,80,80,80,80,90,77,77,47,0],"gold":905,"neow_bonus":"THREE_CARDS","is_prod":false,"is_daily":false,"chose_seed":false,"campfire_upgraded":4,"win_rate":0.0,"timestamp":1529873083,"path_taken":["M","M","$","?","$","M","?","M","T","M","E","R","M","M","R","BOSS","M","?","M","?","?","R","M","R","T","?","R","M","M","M","R","BOSS","M","?","?","M","?","R","$","?","T","R","M","?","M","M"],"build_version":"2018-06-21v2","purchased_purges":1,"victory":false,"max_hp_per_floor":[80,80,80,80,80,80,80,80,80,80,80,80,80,80,80,80,80,80,80,80,80,80,80,80,80,80,80,80,80,80,80,80,80,80,80,80,80,80,80,80,80,80,80,90,90,90,90,90],"card_choices":[{"not_picked":["Sentinel","Cleave"],"picked":"Heavy Blade","floor":0},{"not_picked":["Havoc","Sever Soul"],"picked":"Wild Strike","floor":1},{"not_picked":["Inflame","Spot Weakness"],"picked":"Entrench","floor":2},{"not_picked":["Headbutt","Thunderclap"],"picked":"Clash","floor":6},{"not_picked":["Disarm","Fire Breathing"],"picked":"Perfected Strike","floor":8},{"not_picked":["Cleave","Inflame"],"picked":"Impervious","floor":10},{"not_picked":["Clash","Heavy Blade"],"picked":"Carnage","floor":11},{"not_picked":["Carnage","Hemokinesis"],"picked":"Combust","floor":13},{"not_picked":["Havoc","True Grit"],"picked":"Infernal Blade","floor":14},{"not_picked":["Brutality","Bludgeon"],"picked":"Barricade","floor":16},{"not_picked":["Corruption","True Grit","Power Through+1"],"picked":"SKIP","floor":18},{"not_picked":["Wild Strike","Body Slam+1"],"picked":"Armaments","floor":20},{"not_picked":["Twin Strike","Shrug It Off"],"picked":"Body Slam","floor":21},{"not_picked":["Juggernaut","Intimidate"],"picked":"Dropkick","floor":24},{"not_picked":["Sword Boomerang","True Grit"],"picked":"Iron Wave","floor":29},{"not_picked":["Armaments","Rampage"],"picked":"Anger+1","floor":30},{"not_picked":["Anger","Heavy Blade"],"picked":"Flex","floor":31},{"not_picked":["Berserk","Immolate"],"picked":"Fiend Fire","floor":33},{"not_picked":["Headbutt+1","Juggernaut"],"picked":"Thunderclap+1","floor":35},{"not_picked":["Perfected Strike+1","Shockwave+1"],"picked":"Shrug It Off","floor":36},{"not_picked":["Wild Strike","Disarm"],"picked":"Thunderclap","floor":38},{"not_picked":["Twin Strike+1","Pummel"],"picked":"Entrench+1","floor":45},{"not_picked":["Uppercut+1","Thunderclap"],"picked":"Metallicize","floor":47}],"player_experience":103684,"relics_obtained":[{"floor":9,"key":"Orichalcum"},{"floor":11,"key":"Centennial Puzzle"},{"floor":21,"key":"Red Mask"},{"floor":26,"key":"Kunai"},{"floor":34,"key":"Tiny Chest"},{"floor":34,"key":"Mercury Hourglass"},{"floor":34,"key":"Unceasing Top"},{"floor":36,"key":"Shovel"},{"floor":43,"key":"Mummified Hand"},{"floor":44,"key":"Pear"}],"event_choices":[{"event_name":"Shining Light","player_choice":"Entered Light","floor":4,"damage_taken":0},{"event_name":"Golden Idol","player_choice":"Take Wound","floor":7,"damage_taken":0},{"event_name":"Back to Basics","player_choice":"Simplicity","floor":19,"damage_taken":0},{"event_name":"Masked Bandits","player_choice":"Fought over 345 gold","floor":21,"damage_taken":0},{"event_name":"The Library","player_choice":"Heal","floor":22,"damage_taken":0},{"event_name":"Match and Keep!","player_choice":"2 cards matched","floor":27,"damage_taken":0},{"event_name":"MindBloom","player_choice":"Fight","floor":36,"damage_taken":0},{"event_name":"Golden Shrine","player_choice":"Pray","floor":37,"damage_taken":0},{"event_name":"Winding Halls","player_choice":"Embrace Madness","floor":39,"damage_taken":0},{"event_name":"The Moai Head","player_choice":"Gave Idol","floor":42,"damage_taken":0},{"event_name":"Tomb of Lord Red Mask","player_choice":"Wore Mask","floor":46,"damage_taken":0}],"boss_relics":[{"not_picked":["Runic Cube","Busted Crown"],"picked":"Sozu"},{"not_picked":["White Beast Statue","Orrery"],"picked":"Calling Bell"}],"items_purged_floors":[41],"is_endless":false,"potions_floor_spawned":[8,10,13,16,18,20,21,33,36,47],"killed_by":"4 Shapes","ascension_level":0}