{"gold_per_floor":[215,215,66,79,94,94,120,120,143,172,172,247,262,276,276,372,372,385,365,72,72,84,84,119,119,119,129,129,129],"floor_reached":29,"playtime":1590,"items_purged":["Shame","Strike_R"],"score":304,"play_id":"14f6f4e9-027a-4c5b-af03-89f0a2826f80","local_time":"20190715124021","is_ascension_mode":true,"campfire_choices":[{"data":"Armaments","floor":6,"key":"SMITH"},{"data":"Dark Embrace","floor":11,"key":"SMITH"},{"data":"Feel No Pain","floor":15,"key":"SMITH"},{"data":"Demon Form","floor":23,"key":"SMITH"},{"floor":25,"key":"REST"}],"neow_cost":"NONE","seed_source_timestamp":226489992728600,"circlet_count":0,"master_deck":["Strike_R","Strike_R","Strike_R+1","Defend_R","Defend_R","Defend_R","Defend_R","Bash+1","Flame Barrier","Finesse","Whirlwind","Armaments+1","Feel No Pain+1","True Grit","Shrug It Off","Dark Embrace+1","Hemokinesis+1","Havoc","Demon Form+1","Havoc","Heavy Blade+1","Inflame","Offering","Battle Trance","Sever Soul+1","Sword Boomerang+1","Reckless Charge+1"],"relics":["Burning Blood","Potion Belt","Molten Egg 2","Bag of Marbles","Whetstone","Mark of Pain","Blue Candle","Centennial Puzzle"],"potions_floor_usage":[10,10,16,22,29,29,29],"damage_taken":[{"damage":1,"enemies":"2 Louse","floor":1,"turns":3},{"damage":1,"enemies":"Cultist","floor":4,"turns":4},{"damage":1,"enemies":"Jaw Worm","floor":5,"turns":5},{"damage":21,"enemies":"Lagavulin","floor":7,"turns":12},{"damage":16,"enemies":"3 Sentries","floor":10,"turns":12},{"damage":2,"enemies":"3 Louse","floor":13,"turns":3},{"damage":8,"enemies":"Looter","floor":14,"turns":2},{"damage":23,"enemies":"The Guardian","floor":16,"turns":15},{"damage":4,"enemies":"3 Byrds","floor":18,"turns":2},{"damage":20,"enemies":"2 Thieves","floor":19,"turns":4},{"damage":16,"enemies":"Chosen and Byrds","floor":22,"turns":5},{"damage":42,"enemies":"Book of Stabbing","floor":24,"turns":6},{"damage":13,"enemies":"Centurion and Healer","floor":27,"turns":4},{"damage":38,"enemies":"Slavers","floor":29,"turns":3}],"seed_played":"-6542833242011133001","potions_obtained":[{"floor":1,"key":"EssenceOfSteel"},{"floor":13,"key":"AttackPotion"},{"floor":14,"key":"Ancient Potion"},{"floor":19,"key":"Energy Potion"},{"floor":24,"key":"EssenceOfSteel"},{"floor":27,"key":"Energy Potion"}],"is_trial":false,"path_per_floor":["M","?","$","M","M","R","E","?","T","E","R","?","M","M","R","B",null,"M","M","$","?","M","R","E","R","T","M","$","E"],"character_chosen":"IRONCLAD","items_purchased":["Armaments","Swift Potion","Inflame","Offering"],"campfire_rested":1,"item_purchase_floors":[3,3,20,20],"current_hp_per_floor":[80,80,80,80,80,80,65,47,47,37,37,26,30,28,28,11,80,80,66,66,66,56,56,20,44,44,37,37,0],"gold":129,"neow_bonus":"HUNDRED_GOLD","is_prod":false,"is_daily":false,"chose_seed":false,"campfire_upgraded":4,"win_rate":0,"timestamp":1563208821,"path_taken":["M","?","$","M","?","R","E","?","T","E","R","?","M","M","R","BOSS","M","M","$","?","?","R","E","R","T","?","$","E"],"build_version":"2019-07-05","purchased_purges":2,"victory":false,"max_hp_per_floor":[80,80,80,80,80,80,80,80,80,80,80,80,80,80,80,80,80,80,80,80,80,80,80,80,80,80,80,80,80],"card_choices":[{"not_picked":["Sword Boomerang","Entrench"],"picked":"Flame Barrier","floor":1},{"not_picked":["Anger","Wild Strike"],"picked":"Feel No Pain","floor":4},{"not_picked":["Rage","Flex"],"picked":"True Grit","floor":5},{"not_picked":["Cleave","True Grit"],"picked":"Shrug It Off","floor":7},{"not_picked":["Inflame","Clash+1"],"picked":"Dark Embrace","floor":10},{"not_picked":["Heavy Blade+1","Evolve"],"picked":"Hemokinesis+1","floor":13},{"not_picked":["Cleave+1","Metallicize"],"picked":"Havoc","floor":14},{"not_picked":["Berserk","Feed+1"],"picked":"Demon Form","floor":16},{"not_picked":["Flame Barrier","Anger+1"],"picked":"Havoc","floor":18},{"not_picked":["Bloodletting","Body Slam+1"],"picked":"Heavy Blade+1","floor":19},{"not_picked":["Armaments","Anger+1"],"picked":"Sever Soul+1","floor":22},{"not_picked":["Hemokinesis+1","Iron Wave+1"],"picked":"Sword Boomerang+1","floor":24},{"not_picked":["Warcry","Hemokinesis+1"],"picked":"Reckless Charge+1","floor":27}],"player_experience":350921,"relics_obtained":[{"floor":7,"key":"Potion Belt"},{"floor":9,"key":"Bag of Marbles"},{"floor":10,"key":"Whetstone"},{"floor":24,"key":"Blue Candle"},{"floor":26,"key":"Centennial Puzzle"}],"event_choices":[{"damage_healed":0,"gold_gain":0,"player_choice":"3 cards matched","damage_taken":0,"max_hp_gain":0,"max_hp_loss":0,"event_name":"Match and Keep!","floor":2,"gold_loss":0,"cards_obtained":["Finesse","Shame","Whirlwind"]},{"damage_healed":0,"gold_gain":0,"player_choice":"Success","damage_taken":18,"relics_obtained":["Molten Egg 2"],"max_hp_gain":0,"max_hp_loss":0,"event_name":"Scrap Ooze","floor":8,"gold_loss":0},{"damage_healed":0,"gold_gain":75,"player_choice":"Gather Gold","damage_taken":11,"max_hp_gain":0,"max_hp_loss":0,"event_name":"World of Goop","floor":12,"gold_loss":0},{"damage_healed":0,"gold_gain":0,"cards_transformed":["Strike_R"],"player_choice":"Transformed","damage_taken":0,"max_hp_gain":0,"max_hp_loss":0,"event_name":"Transmorgrifier","floor":21,"gold_loss":0,"cards_obtained":["Battle Trance"]}],"is_beta":false,"boss_relics":[{"not_picked":["Eternal Feather","Velvet Choker"],"picked":"Mark of Pain"}],"items_purged_floors":[3,20],"is_endless":false,"potions_floor_spawned":[1,13,14,19,24,27],"killed_by":"Slavers","ascension_level":4}