{"gold_per_floor":[114,130,51,51,51,51,61,31,31,46,64,64,83,83,83,186,186,202,127,109,109,126,126,50,50,50,63,82,82,42,55,55,155,155,171,171,57,75,75,75,109,109,134,2,17,17,17,37,37,37],"floor_reached":50,"playtime":4267,"items_purged":["Strike_G"],"score":650,"play_id":"3b0dab01-0728-4b1b-8fd6-9cf08b28208d","local_time":"20180705233558","is_ascension_mode":true,"campfire_choices":[{"data":"Noxious Fumes","floor":6.0,"key":"SMITH"},{"floor":12.0,"key":"REST"},{"data":"Terror","floor":15.0,"key":"SMITH"},{"data":"Tools of the Trade","floor":23.0,"key":"SMITH"},{"data":"Malaise","floor":25.0,"key":"SMITH"},{"floor":29.0,"key":"REST"},{"floor":32.0,"key":"REST"},{"data":"After Image","floor":40.0,"key":"SMITH"},{"floor":42.0,"key":"REST"},{"floor":46.0,"key":"REST"},{"floor":49.0,"key":"REST"}],"neow_cost":"","seed_source_timestamp":0,"circlet_count":0,"master_deck":["Defend_G","Defend_G","Defend_G","Defend_G","Defend_G+1","Strike_G+1","Strike_G+1","Survivor+1","Neutralize","Bane","Footwork+1","PiercingWail","Noxious Fumes+1","Malaise+1","Adrenaline","Sucker Punch","Terror+1","Tools of the Trade+1","Backflip","Dagger Spray","Blur+1","Caltrops","Die Die Die","Heel Hook","Caltrops","After Image+1","Backflip+1","Heel Hook","Flying Knee+1","Footwork","Noxious Fumes","PiercingWail","Bandage Up","Flying Knee"],"special_seed":0,"relics":["Ring of the Snake","War Paint","Happy Flower","Philosopher\u0027s Stone","Blue Candle","Regal Pillow"],"potions_floor_usage":[50],"damage_taken":[{"damage":8.0,"enemies":"Small Slimes","floor":1.0,"turns":6.0},{"damage":0.0,"enemies":"Jaw Worm","floor":2.0,"turns":5.0},{"damage":0.0,"enemies":"2 Louse","floor":7.0,"turns":3.0},{"damage":0.0,"enemies":"Looter","floor":8.0,"turns":4.0},{"damage":3.0,"enemies":"3 Louse","floor":10.0,"turns":6.0},{"damage":0.0,"enemies":"Blue Slaver","floor":11.0,"turns":5.0},{"damage":0.0,"enemies":"Large Slime","floor":13.0,"turns":5.0},{"damage":19.0,"enemies":"Slime Boss","floor":16.0,"turns":10.0},{"damage":2.0,"enemies":"Shell Parasite","floor":18.0,"turns":8.0},{"damage":0.0,"enemies":"2 Thieves","floor":20.0,"turns":5.0},{"damage":17.0,"enemies":"3 Cultists","floor":22.0,"turns":7.0},{"damage":0.0,"enemies":"Snake Plant","floor":27.0,"turns":7.0},{"damage":24.0,"enemies":"Slaver and Parasite","floor":28.0,"turns":8.0},{"damage":4.0,"enemies":"Centurion and Healer","floor":31.0,"turns":9.0},{"damage":4.0,"enemies":"Collector","floor":33.0,"turns":10.0},{"damage":0.0,"enemies":"3 Shapes","floor":35.0,"turns":6.0},{"damage":0.0,"enemies":"Orb Walker","floor":38.0,"turns":4.0},{"damage":0.0,"enemies":"3 Darklings","floor":39.0,"turns":2.0},{"damage":27.0,"enemies":"2 Orb Walkers","floor":41.0,"turns":6.0},{"damage":32.0,"enemies":"Sphere and 2 Shapes","floor":45.0,"turns":5.0},{"damage":60.0,"enemies":"4 Shapes","floor":48.0,"turns":6.0},{"damage":50,"enemies":"Donu and Deca","floor":50,"turns":6}],"seed_played":"-7183833570913703461","potions_obtained":[{"floor":1.0,"key":"SpeedPotion"},{"floor":7.0,"key":"Fire Potion"},{"floor":11.0,"key":"AttackPotion"},{"floor":13.0,"key":"FearPotion"},{"floor":16.0,"key":"SteroidPotion"},{"floor":18.0,"key":"Strength Potion"},{"floor":20.0,"key":"EssenceOfSteel"},{"floor":28.0,"key":"Weak Potion"},{"floor":31.0,"key":"Fire Potion"},{"floor":35.0,"key":"SmokeBomb"},{"floor":38.0,"key":"Block Potion"},{"floor":48.0,"key":"GamblersBrew"}],"is_trial":false,"path_per_floor":["M","M","$","?","?","R","M","M","T","M","M","R","M","?","R","B",null,"M","?","M","?","M","R","$","R","T","M","M","R","$","M","R","B",null,"M","?","$","M","M","R","E","R","T","$","M","R","?","M","R"],"character_chosen":"THE_SILENT","items_purchased":["Noxious Fumes","Caltrops","Caltrops","Heel Hook","Noxious Fumes","SteroidPotion"],"campfire_rested":6,"item_purchase_floors":[],"current_hp_per_floor":[55,55,55,55,41,41,41,41,41,38,38,59,59,64,64,45,68,66,66,66,66,49,49,49,49,49,49,25,47,47,43,65,61,72,72,72,72,72,72,72,45,67,67,67,35,72,72,16,53,7],"gold":37,"neow_bonus":"","is_prod":false,"is_daily":false,"chose_seed":false,"campfire_upgraded":5,"win_rate":0,"timestamp":1530830158,"path_taken":["M","M","$","?","?","R","M","M","T","M","M","R","M","?","R","BOSS","M","?","M","?","?","R","$","R","T","M","?","R","$","M","R","BOSS","M","?","$","M","?","R","E","R","T","$","M","R","?","M","R","BOSS"],"build_version":"2018-06-28","purchased_purges":1,"victory":false,"max_hp_per_floor":[70,70,70,70,70,70,70,70,70,70,70,70,70,75,75,75,75,75,75,75,75,75,75,75,75,75,75,75,75,75,75,75,75,75,75,75,75,75,75,75,75,75,75,75,75,75,75,75,75,75],"card_choices":[{"not_picked":["Riddle With Holes","Deflect"],"picked":"Footwork","floor":1.0},{"not_picked":["Quick Slash","Skewer"],"picked":"PiercingWail","floor":2.0},{"not_picked":["Slice","Catalyst"],"picked":"Malaise","floor":7.0},{"not_picked":["Flying Knee","Dagger Throw"],"picked":"Adrenaline","floor":8.0},{"not_picked":["Dagger Throw","Prepared"],"picked":"Sucker Punch","floor":10.0},{"not_picked":["Prepared","Choke"],"picked":"Backflip","floor":11.0},{"not_picked":["Underhanded Strike","Poisoned Stab"],"picked":"Terror","floor":13.0},{"not_picked":["Bullet Time","Grand Finale"],"picked":"Tools of the Trade","floor":16.0},{"not_picked":["Acrobatics","Dagger Spray"],"picked":"Backflip","floor":18.0},{"not_picked":["Concentrate+1","Acrobatics"],"picked":"Dagger Spray","floor":20.0},{"not_picked":["Underhanded Strike+1","Concentrate"],"picked":"Blur+1","floor":22.0},{"not_picked":["Dodge and Roll","PiercingWail"],"picked":"Die Die Die","floor":27.0},{"not_picked":["Dash","Quick Slash+1"],"picked":"Heel Hook","floor":28.0},{"not_picked":["Distraction+1","Bane","Eviscerate"],"picked":"SKIP","floor":31.0},{"not_picked":["Tactician","Venomology"],"picked":"After Image","floor":33.0},{"not_picked":["Sucker Punch","Riddle With Holes"],"picked":"Backflip+1","floor":35.0},{"not_picked":["Acrobatics+1","Dagger Throw+1"],"picked":"Flying Knee+1","floor":38.0},{"not_picked":["Storm of Steel","Slice"],"picked":"Footwork","floor":41.0},{"not_picked":["Cloak And Dagger","Calculated Gamble+1"],"picked":"PiercingWail","floor":45.0},{"not_picked":["Dark Shackles","Deep Breath"],"picked":"Bandage Up","floor":47.0},{"not_picked":["Slice","Terror+1"],"picked":"Flying Knee","floor":48.0}],"player_experience":361317,"relics_obtained":[{"floor":9.0,"key":"War Paint"},{"floor":26.0,"key":"Happy Flower"},{"floor":41.0,"key":"Blue Candle"},{"floor":43.0,"key":"Regal Pillow"}],"event_choices":[{"event_name":"Living Wall","player_choice":"Grow","floor":4.0,"damage_taken":0.0},{"event_name":"Shining Light","player_choice":"Entered Light","floor":5.0,"damage_taken":0.0},{"event_name":"Big Fish","player_choice":"Donut","floor":14.0,"damage_taken":0.0},{"event_name":"Beggar","player_choice":"Gave Gold","floor":19.0,"damage_taken":0.0},{"event_name":"The Mausoleum","player_choice":"No","floor":21.0,"damage_taken":0.0},{"event_name":"Falling","player_choice":"Removed Skill","floor":36.0,"damage_taken":0.0},{"event_name":"SensoryStone","player_choice":"Memory 1","floor":47.0,"damage_taken":0.0}],"boss_relics":[{"not_picked":["Busted Crown","Coffee Dripper","Calling Bell"]},{"not_picked":["Fusion Hammer","Orrery"],"picked":"Philosopher\u0027s Stone"}],"items_purged_floors":[],"is_endless":false,"potions_floor_spawned":[1,7,11,13,16,18,20,28,31,35,38,48],"killed_by":"Donu and Deca","ascension_level":8}