{"gold_per_floor":[116,66,84,84,84,84,98,115,115,140,22,37,37,37,37,141,141,107,121,141,12,25,25,25,25,48,62,81,92,92,17,17,119,119,139,68,68,84,101,129,129,129],"floor_reached":42,"playtime":4022,"items_purged":["Strike_G"],"score":589,"play_id":"1e1f09ac-700d-41f9-997a-943a3c4cfae7","local_time":"20181202205156","is_ascension_mode":true,"campfire_choices":[{"data":"Well Laid Plans","floor":6.0,"key":"SMITH"},{"data":"Noxious Fumes","floor":13.0,"key":"SMITH"},{"data":"Infinite Blades","floor":15.0,"key":"SMITH"},{"floor":23,"key":"REST"},{"floor":25,"key":"REST"},{"floor":30,"key":"REST"},{"floor":32,"key":"REST"},{"floor":41,"key":"REST"}],"neow_cost":"NONE","seed_source_timestamp":356241028268968,"circlet_count":0,"master_deck":["Defend_G","Defend_G","Defend_G","Defend_G","Defend_G","Strike_G","Strike_G","Strike_G","Survivor","Neutralize+1","Cloak And Dagger","Well Laid Plans+1","Sucker Punch","Noxious Fumes+1","Blur","Infinite Blades+1","Envenom","Dodge and Roll","Flying Knee+1","Leg Sweep","Cloak And Dagger","Blade Dance","Cloak And Dagger+1","PiercingWail","Slice","Slice","Blade Dance","Slice+1","Terror","Slice"],"special_seed":0,"relics":["Ring of the Snake","Kunai","Letter Opener","Odd Mushroom","Sozu","Bag of Marbles","Cursed Key","Boot"],"potions_floor_usage":[16,33],"damage_taken":[{"damage":0.0,"enemies":"Jaw Worm","floor":1.0,"turns":6.0},{"damage":1.0,"enemies":"Small Slimes","floor":3.0,"turns":6.0},{"damage":0.0,"enemies":"2 Louse","floor":7.0,"turns":3.0},{"damage":5.0,"enemies":"2 Fungi Beasts","floor":8.0,"turns":4.0},{"damage":5.0,"enemies":"The Mushroom Lair","floor":10.0,"turns":5.0},{"damage":4.0,"enemies":"Gremlin Gang","floor":12.0,"turns":7.0},{"damage":6,"enemies":"Slime Boss","floor":16,"turns":11},{"damage":32,"enemies":"2 Thieves","floor":18,"turns":5},{"damage":0,"enemies":"Shell Parasite","floor":19,"turns":7},{"damage":29,"enemies":"Sentry and Sphere","floor":20,"turns":7},{"damage":0,"enemies":"Centurion and Healer","floor":22,"turns":7},{"damage":18,"enemies":"Cultist and Chosen","floor":27,"turns":7},{"damage":7,"enemies":"Shelled Parasite and Fungi","floor":28,"turns":7},{"damage":24,"enemies":"Snake Plant","floor":29,"turns":5},{"damage":0,"enemies":"Collector","floor":33,"turns":10},{"damage":4,"enemies":"3 Shapes","floor":35,"turns":5},{"damage":27,"enemies":"3 Darklings","floor":38,"turns":7},{"damage":18,"enemies":"Jaw Worm Horde","floor":39,"turns":5},{"damage":23,"enemies":"Nemesis","floor":40,"turns":7},{"damage":38,"enemies":"Transient","floor":42,"turns":3}],"seed_played":"4892751218136339811","potions_obtained":[{"floor":7.0,"key":"SpeedPotion"},{"floor":8.0,"key":"Explosive Potion"},{"floor":12.0,"key":"Block Potion"},{"floor":16,"key":"Dexterity Potion"}],"is_trial":false,"path_per_floor":["M","?","M","?","?","R","M","M","T","?","$","M","R","?","R","B",null,"M","M","M","$","M","R","$","R","T","M","M","M","R","$","R","B",null,"M","$","?","M","M","E","R","M"],"character_chosen":"THE_SILENT","items_purchased":["Noxious Fumes","Blur","Leg Sweep","Cloak And Dagger","Slice","Blade Dance"],"campfire_rested":5,"item_purchase_floors":[11,11,21,21,36,36],"current_hp_per_floor":[70,70,69,62,67,67,67,62,62,57,57,53,53,75,75,69,75,43,43,14,14,14,36,36,58,58,40,33,9,31,31,53,53,75,71,71,71,44,26,3,25,0],"gold":129,"neow_bonus":"UPGRADE_CARD","is_prod":false,"is_daily":false,"chose_seed":false,"campfire_upgraded":3,"win_rate":0,"timestamp":1543783916,"path_taken":["M","?","M","?","?","R","M","M","T","?","$","M","R","?","R","BOSS","M","?","M","$","M","R","$","R","T","M","M","M","R","$","R","BOSS","M","$","?","M","M","E","R","M"],"build_version":"2018-11-15","purchased_purges":1,"victory":false,"max_hp_per_floor":[70,70,70,70,75,75,75,75,75,75,75,75,75,75,75,75,75,75,75,75,75,75,75,75,75,75,75,75,75,75,75,75,75,75,75,75,75,75,75,75,75,75],"card_choices":[{"not_picked":["Poisoned Stab","Sucker Punch"],"picked":"Cloak And Dagger","floor":1.0},{"not_picked":["Quick Slash","Skewer"],"picked":"Well Laid Plans","floor":3.0},{"not_picked":["Poisoned Stab","Reflex","Dagger Throw"],"picked":"SKIP","floor":7.0},{"not_picked":["Riddle With Holes","Acrobatics"],"picked":"Sucker Punch","floor":8.0},{"not_picked":["Heel Hook","Quick Slash"],"picked":"Infinite Blades","floor":12.0},{"not_picked":["Grand Finale","Tools of the Trade"],"picked":"Envenom","floor":16},{"not_picked":["Prepared","Acrobatics+1"],"picked":"Bane","floor":18},{"not_picked":["Deadly Poison","Choke"],"picked":"Dodge and Roll","floor":19},{"not_picked":["Backflip","Dagger Spray+1"],"picked":"Flying Knee+1","floor":20},{"not_picked":["Catalyst","Well Laid Plans"],"picked":"Blade Dance","floor":22},{"not_picked":["Outmaneuver+1","Wraith Form v2","Concentrate"],"picked":"SKIP","floor":27},{"not_picked":["Slice","Deadly Poison"],"picked":"Cloak And Dagger+1","floor":28},{"not_picked":["Setup+1","Finisher"],"picked":"PiercingWail","floor":29},{"not_picked":["Reflex","PiercingWail+1"],"picked":"Slice","floor":35},{"not_picked":["Distraction+1","Crippling Poison"],"picked":"Slice+1","floor":38},{"not_picked":["Bane+1","Riddle With Holes+1"],"picked":"Terror","floor":39},{"not_picked":["Riddle With Holes","Prepared"],"picked":"Slice","floor":40}],"player_experience":250389,"relics_obtained":[{"floor":9.0,"key":"Letter Opener"},{"floor":10.0,"key":"Odd Mushroom"},{"floor":26,"key":"Bag of Marbles"},{"floor":40,"key":"Boot"}],"event_choices":[{"cards_removed":["Strike_G"],"damage_healed":0.0,"max_hp_gain":0.0,"max_hp_loss":0.0,"gold_gain":0.0,"event_name":"The Cleric","player_choice":"Card Removal","floor":2.0,"gold_loss":50.0,"damage_taken":0.0},{"damage_healed":0.0,"max_hp_gain":0.0,"max_hp_loss":0.0,"gold_gain":0.0,"event_name":"Scrap Ooze","player_choice":"Success","floor":4.0,"gold_loss":0.0,"damage_taken":7.0,"relics_obtained":["Kunai"]},{"damage_healed":0.0,"max_hp_gain":5.0,"max_hp_loss":0.0,"gold_gain":0.0,"event_name":"Big Fish","player_choice":"Donut","floor":5.0,"gold_loss":0.0,"damage_taken":0.0},{"damage_healed":0.0,"max_hp_gain":0.0,"max_hp_loss":0.0,"gold_gain":0.0,"event_name":"Mushrooms","player_choice":"Fought Mushrooms","floor":10.0,"gold_loss":0.0,"damage_taken":0.0},{"damage_healed":22.0,"max_hp_gain":0.0,"max_hp_loss":0.0,"gold_gain":0.0,"event_name":"Wheel of Change","player_choice":"Full Heal","floor":14.0,"gold_loss":0.0,"damage_taken":0.0},{"cards_removed":["Bane"],"damage_healed":0,"gold_gain":0,"player_choice":"Removed Attack","damage_taken":0,"max_hp_gain":0,"max_hp_loss":0,"event_name":"Falling","floor":37,"gold_loss":0}],"is_beta":false,"boss_relics":[{"not_picked":["Empty Cage","Calling Bell"],"picked":"Sozu"},{"not_picked":["Black Star","Snecko Eye"],"picked":"Cursed Key"}],"items_purged_floors":[31],"is_endless":false,"potions_floor_spawned":[7,8,12,16,19,27,29,33,38],"killed_by":"Transient","ascension_level":4}