{"gold_per_floor":[215,233,233,151,113,148,148,158,181,181,216,232,232,250,250,346,346,346,346,261,261,261,261,261,261,261,36,36,36,36,36,36,36,36,36,36,0,0,0,0,0,0,0,0,0,0,0,0,0,0],"floor_reached":51,"playtime":5944,"items_purged":[],"score":677,"play_id":"fd6daf21-5e0a-43c8-9ffd-481085bbd744","local_time":"20180627175401","is_ascension_mode":false,"campfire_choices":[{"data":"Footwork","floor":7.0,"key":"SMITH"},{"data":"Noxious Fumes","floor":10.0,"key":"SMITH"},{"floor":13.0,"key":"REST"},{"data":"Glass Knife","floor":15.0,"key":"SMITH"},{"floor":23.0,"key":"REST"},{"floor":30.0,"key":"REST"},{"floor":32.0,"key":"REST"},{"floor":40,"key":"REST"},{"data":"Catalyst","floor":44,"key":"SMITH"},{"data":"Dagger Spray","floor":46,"key":"SMITH"},{"floor":49,"key":"REST"}],"neow_cost":"","seed_source_timestamp":0,"circlet_count":0,"master_deck":["Defend_G","Defend_G","Defend_G","Defend_G","Defend_G","Strike_G","Strike_G","Strike_G","Strike_G","Survivor","Neutralize","Sucker Punch","Quick Slash","Leg Sweep","Noxious Fumes+1","Footwork+1","Flying Knee","Bane","Glass Knife+1","Backflip","Bane","Blur","Dagger Spray+1","Backflip+1","Backflip","Backflip","Well Laid Plans","Apotheosis","Catalyst+1","Burst","Madness","Madness","Backflip","Backflip","Escape Plan","Malaise+1"],"special_seed":0,"relics":["Orichalcum","Anchor","Bottled Lightning","Ectoplasm","Nloth\u0027s Gift","Ninja Scroll","Gremlin Horn","Lizard Tail","Red Mask","Strawberry"],"potions_floor_usage":[35,50],"damage_taken":[{"damage":0.0,"enemies":"2 Louse","floor":1.0,"turns":4.0},{"damage":3.0,"enemies":"Small Slimes","floor":2.0,"turns":4.0},{"damage":8.0,"enemies":"Lagavulin","floor":6.0,"turns":11.0},{"damage":0.0,"enemies":"Jaw Worm","floor":8.0,"turns":6.0},{"damage":7.0,"enemies":"Gremlin Nob","floor":11.0,"turns":4.0},{"damage":4.0,"enemies":"Gremlin Gang","floor":12.0,"turns":5.0},{"damage":4.0,"enemies":"2 Fungi Beasts","floor":14.0,"turns":4.0},{"damage":20.0,"enemies":"Hexaghost","floor":16.0,"turns":10.0},{"damage":10.0,"enemies":"Shell Parasite","floor":18.0,"turns":5.0},{"damage":16.0,"enemies":"Chosen","floor":21.0,"turns":5.0},{"damage":21.0,"enemies":"Snake Plant","floor":22.0,"turns":8.0},{"damage":25.0,"enemies":"Slavers","floor":24.0,"turns":8.0},{"damage":21.0,"enemies":"Snecko","floor":25.0,"turns":7.0},{"damage":0.0,"enemies":"Slaver and Parasite","floor":29.0,"turns":9.0},{"damage":0.0,"enemies":"Snake Plant","floor":31.0,"turns":7.0},{"damage":19.0,"enemies":"Collector","floor":33.0,"turns":11.0},{"damage":23,"enemies":"3 Darklings","floor":35,"turns":6},{"damage":0,"enemies":"Orb Walker","floor":41,"turns":5},{"damage":2,"enemies":"Maw","floor":42,"turns":9},{"damage":6,"enemies":"Sphere and 2 Shapes","floor":45,"turns":7},{"damage":3,"enemies":"4 Shapes","floor":47,"turns":6},{"damage":42,"enemies":"Donu and Deca","floor":50,"turns":16}],"seed_played":"5864767155752301812","potions_obtained":[{"floor":6.0,"key":"SteroidPotion"},{"floor":11.0,"key":"Weak Potion"},{"floor":14.0,"key":"FairyPotion"},{"floor":16.0,"key":"Energy Potion"},{"floor":25.0,"key":"Block Potion"},{"floor":33.0,"key":"SpeedPotion"},{"floor":42,"key":"SteroidPotion"},{"floor":45,"key":"LiquidBronze"}],"is_trial":false,"path_per_floor":["M","M","?","$","$","E","R","M","T","R","E","M","R","M","R","B",null,"M","?","$","M","M","R","E","M","T","$","$","M","R","M","R","B",null,"M","$","?","$","?","R","M","M","T","R","M","R","M","?","R","B"],"character_chosen":"THE_SILENT","items_purchased":["Leg Sweep","Noxious Fumes","Blur","Dagger Spray","Well Laid Plans","Apotheosis"],"campfire_rested":6,"item_purchase_floors":[],"current_hp_per_floor":[70,67,67,67,67,59,59,59,59,59,52,48,69,65,65,45,70,60,60,60,44,23,44,19,7,7,7,7,7,28,28,49,30,70,47,47,47,47,38,59,59,57,64,64,58,58,55,55,77,35],"gold":0,"neow_bonus":"","is_prod":false,"is_daily":false,"chose_seed":false,"campfire_upgraded":5,"win_rate":0.0,"timestamp":1530118441,"path_taken":["M","M","?","?","$","E","R","?","T","R","E","M","R","M","R","BOSS","M","?","$","?","M","R","E","M","T","?","$","?","R","M","R","BOSS","M","$","?","?","?","R","M","M","T","R","M","R","?","?","R","BOSS"],"build_version":"2018-06-21v2","purchased_purges":0,"victory":true,"max_hp_per_floor":[70,70,70,70,70,70,70,70,70,70,70,70,70,70,70,70,70,70,70,70,70,70,70,70,70,70,70,70,70,70,70,70,70,70,70,70,70,70,70,70,70,70,77,77,77,77,77,77,77,77],"card_choices":[{"not_picked":["Deadly Poison","Eviscerate"],"picked":"Sucker Punch","floor":1.0},{"not_picked":["Dodge and Roll","PiercingWail"],"picked":"Quick Slash","floor":2.0},{"not_picked":["Slice","Choke"],"picked":"Footwork","floor":6.0},{"not_picked":["Heel Hook","Blur"],"picked":"Flying Knee","floor":8.0},{"not_picked":["Dagger Throw","Cloak And Dagger"],"picked":"Bane","floor":11.0},{"not_picked":["Choke","Deflect"],"picked":"Glass Knife","floor":12.0},{"not_picked":["Deadly Poison","Poisoned Stab"],"picked":"Backflip","floor":14.0},{"not_picked":["Choke+1","Poisoned Stab"],"picked":"Bane","floor":18.0},{"not_picked":["Distraction+1","Dagger Spray","Underhanded Strike"],"picked":"SKIP","floor":21.0},{"not_picked":["Bullet Time","Flying Knee"],"picked":"Backflip+1","floor":22.0},{"not_picked":["Bouncing Flask","Die Die Die"],"picked":"Backflip","floor":24.0},{"not_picked":["Die Die Die","PiercingWail"],"picked":"Backflip","floor":25.0},{"not_picked":["Flechettes","Riddle With Holes+1"],"picked":"Catalyst","floor":29.0},{"not_picked":["Quick Slash+1","Dagger Spray","Slice"],"picked":"SKIP","floor":31.0},{"not_picked":["Wraith Form v2","After Image"],"picked":"Burst","floor":33.0},{"not_picked":["PiercingWail","Outmaneuver+1","Flechettes+1"],"picked":"SKIP","floor":35},{"not_picked":["Bane","Wraith Form v2"],"picked":"Backflip","floor":41},{"not_picked":["Acrobatics","Bane+1"],"picked":"Backflip","floor":42},{"not_picked":["Bane","Dagger Throw+1"],"picked":"Escape Plan","floor":45},{"not_picked":["Acrobatics","Backflip"],"picked":"Malaise+1","floor":47}],"player_experience":173391,"relics_obtained":[{"floor":6.0,"key":"Orichalcum"},{"floor":9.0,"key":"Anchor"},{"floor":11.0,"key":"Bottled Lightning"},{"floor":24.0,"key":"Ninja Scroll"},{"floor":26.0,"key":"Gremlin Horn"},{"floor":43,"key":"Strawberry"}],"event_choices":[{"event_name":"Living Wall","player_choice":"Forget","floor":3.0,"damage_taken":0.0},{"event_name":"N\u0027loth","player_choice":"Traded a Ring of the Snake","floor":19.0,"damage_taken":0.0},{"event_name":"Tomb of Lord Red Mask","player_choice":"Paid","floor":37,"damage_taken":0},{"event_name":"Winding Halls","player_choice":"Embrace Madness","floor":39,"damage_taken":0},{"event_name":"Match and Keep!","player_choice":"0 cards matched","floor":48,"damage_taken":0}],"boss_relics":[{"not_picked":["White Beast Statue","Orrery"],"picked":"Ectoplasm"},{"not_picked":["Black Star","Snecko Eye"],"picked":"Lizard Tail"}],"items_purged_floors":[],"is_endless":false,"potions_floor_spawned":[6,11,14,16,18,25,33,42,45],"ascension_level":0}