{"gold_per_floor":[118,136,154,107,126,152,152,164,188,217,217,217,238,238],"floor_reached":14,"playtime":1114,"items_purged":[],"score":92,"play_id":"738c62bb-7345-4996-8810-63a165bce82e","local_time":"20180625222111","is_ascension_mode":false,"campfire_choices":[{"data":"Rampage","floor":7,"key":"SMITH"},{"floor":12,"key":"REST"}],"neow_cost":"NONE","seed_source_timestamp":590207251872974,"circlet_count":0,"master_deck":["Strike_R","Strike_R","Strike_R","Strike_R","Strike_R","Defend_R","Defend_R","Defend_R","Defend_R","Bash","Clash","Headbutt","Twin Strike","Shrug It Off","Rampage+1","Barricade","Cleave"],"relics":["Burning Blood","Pear","Blood Vial","Odd Mushroom","Golden Idol"],"potions_floor_usage":[6,6,6],"damage_taken":[{"damage":6,"enemies":"Jaw Worm","floor":1,"turns":5},{"damage":0,"enemies":"2 Louse","floor":2,"turns":2},{"damage":0,"enemies":"Small Slimes","floor":3,"turns":4},{"damage":0,"enemies":"Exordium Wildlife","floor":5,"turns":2},{"damage":44,"enemies":"Gremlin Nob","floor":6,"turns":6},{"damage":5,"enemies":"2 Fungi Beasts","floor":8,"turns":3},{"damage":28,"floor":10,"turns":6},{"damage":6,"enemies":"3 Louse","floor":13,"turns":4},{"damage":0,"enemies":"Exordium Thugs","floor":14,"turns":1}],"seed_played":"-4456753070426767280","potions_obtained":[{"floor":1,"key":"BloodPotion"}],"is_trial":false,"path_per_floor":["M","M","M","$","M","E","R","M","T","?","?","R","M"],"character_chosen":"IRONCLAD","items_purchased":["Twin Strike"],"campfire_rested":1,"item_purchase_floors":[4],"current_hp_per_floor":[80,80,80,80,80,60,60,61,61,41,41,65,67,69],"gold":238,"neow_bonus":"THREE_SMALL_POTIONS","is_prod":false,"is_daily":false,"chose_seed":false,"campfire_upgraded":1,"win_rate":0.0,"timestamp":1529961671,"path_taken":["M","M","M","$","M","E","R","M","T","?","?","R","M","M"],"build_version":"2018-06-21v2","purchased_purges":0,"victory":false,"max_hp_per_floor":[80,80,80,80,80,90,90,90,90,90,83,83,83,83],"card_choices":[{"not_picked":["Pummel","Reckless Charge"],"picked":"Clash","floor":1},{"not_picked":["Havoc","Thunderclap","Feel No Pain"],"picked":"SKIP","floor":2},{"not_picked":["Searing Blow","Perfected Strike"],"picked":"Headbutt","floor":3},{"not_picked":["Warcry","Clothesline"],"picked":"Shrug It Off","floor":5},{"not_picked":["Headbutt","Corruption"],"picked":"Rampage","floor":6},{"not_picked":["Warcry","Body Slam"],"picked":"Barricade","floor":8},{"not_picked":["Burning Pact","Dual Wield"],"picked":"Cleave","floor":13}],"player_experience":155648,"relics_obtained":[{"floor":6,"key":"Pear"},{"floor":9,"key":"Blood Vial"},{"floor":10,"key":"Odd Mushroom"}],"event_choices":[{"event_name":"Mushrooms","player_choice":"Fought Mushrooms","floor":10,"damage_taken":0},{"event_name":"Golden Idol","player_choice":"Lose Max HP","floor":11,"damage_taken":0}],"boss_relics":[],"items_purged_floors":[],"is_endless":false,"potions_floor_spawned":[1,3,13],"killed_by":"Exordium Thugs","ascension_level":0}