{"gold_per_floor":[117,117,117,117,135,135,165,90,168,243,262,262,281,308,308,308],"floor_reached":16,"playtime":732,"items_purged":["Regret"],"score":253,"play_id":"a90fa8a5-6c53-4c52-9ff3-1f50e89df7af","local_time":"20190520223403","is_ascension_mode":true,"campfire_choices":[{"data":"Buffer","floor":6,"key":"SMITH"},{"data":"Zap","floor":12,"key":"SMITH"},{"data":"Dualcast","floor":15,"key":"SMITH"}],"neow_cost":"NONE","seed_source_timestamp":51571728752859,"circlet_count":0,"master_deck":["AscendersBane","Strike_B","Strike_B","Strike_B","Defend_B","Defend_B","Defend_B","Defend_B","Zap+1","Dualcast+1","Chill","Buffer+1","Cold Snap","Genetic Algorithm","Conserve Battery+1","Hologram+1","Capacitor"],"relics":["Cracked Core","NeowsBlessing","Strawberry","Orichalcum","Toxic Egg 2","Omamori"],"potions_floor_usage":[],"damage_taken":[{"damage":0,"enemies":"Cultist","floor":1,"turns":1},{"damage":0,"enemies":"Jaw Worm","floor":5,"turns":1},{"damage":0,"enemies":"Gremlin Nob","floor":7,"turns":1},{"damage":0,"enemies":"Small Slimes","floor":11,"turns":4},{"damage":2,"enemies":"Exordium Wildlife","floor":13,"turns":7},{"damage":6,"enemies":"3 Sentries","floor":14,"turns":15},{"damage":67,"enemies":"Hexaghost","floor":16,"turns":18}],"seed_played":"8709732341325238319","potions_obtained":[{"floor":5,"key":"SpeedPotion"},{"floor":7,"key":"FairyPotion"}],"is_trial":false,"path_per_floor":["M","?","$","?","M","R","E","$","T","?","M","R","M","E","R","B"],"character_chosen":"DEFECT","items_purchased":[],"campfire_rested":0,"item_purchase_floors":[],"current_hp_per_floor":[64,64,64,71,71,71,71,71,71,60,60,60,58,52,52,0],"gold":308,"neow_bonus":"THREE_ENEMY_KILL","is_prod":false,"is_daily":false,"chose_seed":false,"campfire_upgraded":3,"win_rate":0,"timestamp":1558416843,"path_taken":["M","?","$","?","M","R","E","?","T","?","?","R","M","E","R","BOSS"],"build_version":"2019-01-23","purchased_purges":1,"victory":false,"max_hp_per_floor":[71,71,71,78,78,78,78,78,78,78,78,78,78,78,78,78],"card_choices":[{"not_picked":["Coolheaded","Sunder"],"picked":"Chill","floor":1},{"not_picked":["Darkness","Heatsinks"],"picked":"Cold Snap","floor":5},{"not_picked":["Chaos","Meteor Strike"],"picked":"Genetic Algorithm","floor":7},{"not_picked":["Hologram+1","Go for the Eyes"],"picked":"Conserve Battery+1","floor":11},{"not_picked":["Streamline","Melter"],"picked":"Hologram+1","floor":13},{"not_picked":["Sweeping Beam","Hologram+1"],"picked":"Capacitor","floor":14}],"player_experience":733767,"relics_obtained":[{"floor":7,"key":"Orichalcum"},{"floor":9,"key":"Toxic Egg 2"},{"floor":14,"key":"Omamori"}],"event_choices":[{"damage_healed":0,"gold_gain":0,"cards_transformed":["Strike_B"],"player_choice":"Change","damage_taken":0,"max_hp_gain":0,"max_hp_loss":0,"event_name":"Living Wall","floor":2,"gold_loss":0,"cards_obtained":["Buffer"]},{"damage_healed":0,"gold_gain":0,"player_choice":"Box","damage_taken":0,"relics_obtained":["Strawberry"],"max_hp_gain":0,"max_hp_loss":0,"event_name":"Big Fish","floor":4,"gold_loss":0,"cards_obtained":["Regret"]},{"damage_healed":0,"gold_gain":75,"player_choice":"Gather Gold","damage_taken":11,"max_hp_gain":0,"max_hp_loss":0,"event_name":"World of Goop","floor":10,"gold_loss":0}],"is_beta":false,"boss_relics":[],"items_purged_floors":[8],"is_endless":false,"potions_floor_spawned":[5,7],"killed_by":"Hexaghost","ascension_level":18}