{"gold_per_floor":[110,60,60,60,76,106,2,2,2,27,27,27,0,20,20,120,120,139,139,159,59,59,59],"floor_reached":23,"playtime":1064,"items_purged":["Decay"],"score":195,"play_id":"1d302529-6747-44fe-86e3-bec73d698371","local_time":"20190707161740","is_ascension_mode":false,"campfire_choices":[{"data":"Heatsinks","floor":8.0,"key":"SMITH"},{"data":"Beam Cell","floor":12.0,"key":"SMITH"},{"data":"Darkness","floor":15.0,"key":"SMITH"}],"neow_cost":"NONE","seed_source_timestamp":0,"circlet_count":0,"master_deck":["Strike_B","Defend_B","Defend_B","Defend_B","Defend_B","Zap+1","Dualcast","Conserve Battery","Beam Cell+1","Darkness","Heatsinks+1","FTL","Conserve Battery","Darkness+1","Amplify","Storm","Stack","Steam Power","Scrape"],"special_seed":0,"relics":["Cracked Core","Bottled Flame","Bottled Lightning","Nunchaku","Lizard Tail"],"potions_floor_usage":[20],"damage_taken":[{"damage":1.0,"enemies":"Cultist","floor":1.0,"turns":3.0},{"damage":0.0,"enemies":"Small Slimes","floor":5.0,"turns":4.0},{"damage":10.0,"enemies":"Gremlin Nob","floor":6.0,"turns":4.0},{"damage":19.0,"enemies":"Lagavulin","floor":10.0,"turns":6.0},{"damage":7.0,"enemies":"2 Louse","floor":14.0,"turns":2.0},{"damage":29.0,"enemies":"The Guardian","floor":16.0,"turns":7.0},{"damage":16,"enemies":"Spheric Guardian","floor":18,"turns":5},{"damage":18,"enemies":"Shell Parasite","floor":20,"turns":4},{"damage":99,"enemies":"Gremlin Leader","floor":23,"turns":9}],"seed_played":"3319835593954872428","potions_obtained":[{"floor":5.0,"key":"GamblersBrew"},{"floor":10.0,"key":"Block Potion"},{"floor":20,"key":"FearPotion"}],"is_trial":false,"path_per_floor":["M","?","?","?","M","E","$","R","T","E","?","R","$","M","R","B",null,"M","?","M","$","?","E"],"character_chosen":"DEFECT","items_purchased":["Heatsinks","FTL","Conserve Battery","Stack"],"campfire_rested":0,"item_purchase_floors":[7,7,13,21],"current_hp_per_floor":[74,74,74,74,74,64,64,64,64,45,45,45,45,38,38,9,75,59,59,41,41,41,0],"gold":59,"neow_bonus":"REMOVE_CARD","is_prod":false,"is_daily":false,"chose_seed":false,"campfire_upgraded":3,"win_rate":0.0,"timestamp":1562552260,"path_taken":["M","?","?","?","?","E","?","R","T","E","?","R","$","M","R","BOSS","M","?","?","$","?","E"],"build_version":"2019-07-05","purchased_purges":1,"victory":false,"max_hp_per_floor":[75,75,75,75,75,75,75,75,75,75,75,75,75,75,75,75,75,75,75,75,75,75,75],"card_choices":[{"not_picked":["Turbo","Coolheaded"],"picked":"Conserve Battery","floor":1.0},{"not_picked":["Barrage","Rip and Tear"],"picked":"Beam Cell","floor":5.0},{"not_picked":["Sweeping Beam","Reprogram"],"picked":"Darkness","floor":6.0},{"not_picked":["Sunder","Force Field","Barrage"],"picked":"SKIP","floor":10.0},{"not_picked":["Scrape","Go for the Eyes"],"picked":"Darkness","floor":14.0},{"not_picked":["Reboot","Multi-Cast"],"picked":"Amplify","floor":16.0},{"not_picked":["Rebound","Sweeping Beam"],"picked":"Static Discharge","floor":18},{"not_picked":["Skim+1","Gash"],"picked":"Storm","floor":20}],"player_experience":39286,"relics_obtained":[{"floor":6.0,"key":"Bottled Flame"},{"floor":9.0,"key":"Bottled Lightning"},{"floor":10.0,"key":"Nunchaku"}],"event_choices":[{"cards_removed":["Strike_B"],"damage_healed":0.0,"max_hp_gain":0.0,"max_hp_loss":0.0,"gold_gain":0.0,"event_name":"The Cleric","player_choice":"Card Removal","floor":2.0,"gold_loss":50.0,"damage_taken":0.0},{"damage_healed":0.0,"max_hp_gain":0.0,"max_hp_loss":0.0,"gold_gain":0.0,"event_name":"Liars Game","player_choice":"Ignored","floor":3.0,"gold_loss":0.0,"damage_taken":0.0},{"damage_healed":0.0,"max_hp_gain":0.0,"max_hp_loss":0.0,"gold_gain":0.0,"event_name":"Accursed Blacksmith","player_choice":"Forge","floor":4.0,"gold_loss":0.0,"damage_taken":0.0,"cards_upgraded":["Zap"]},{"cards_removed":["Iron Wave"],"damage_healed":0.0,"max_hp_gain":0.0,"max_hp_loss":0.0,"gold_gain":0.0,"event_name":"NoteForYourself","player_choice":"Took Card","floor":11.0,"gold_loss":0.0,"damage_taken":0.0,"cards_obtained":["Iron Wave"]},{"damage_healed":0,"gold_gain":0,"player_choice":"Cursed","damage_taken":0,"max_hp_gain":0,"max_hp_loss":0,"event_name":"Wheel of Change","floor":19,"gold_loss":0,"cards_obtained":["Decay"]},{"damage_healed":0,"gold_gain":0,"cards_transformed":["Static Discharge","Strike_B"],"player_choice":"Became Test Subject","damage_taken":0,"max_hp_gain":0,"max_hp_loss":0,"event_name":"Drug Dealer","floor":22,"gold_loss":0,"cards_obtained":["Steam Power","Scrape"]}],"is_beta":false,"boss_relics":[{"not_picked":["Philosopher\u0027s Stone","Runic Dome"],"picked":"Lizard Tail"}],"items_purged_floors":[21],"is_endless":false,"potions_floor_spawned":[5,10,20],"killed_by":"Gremlin Leader","ascension_level":0}