{"gold_per_floor":[113,127,139,59,78,108,108,124,124,124,150,150,182,201,231,308,308,323,198,215,234,234,267,267,267,293,318,332,140,140,140,140,218,218,231,331,331,347,347,373,388,388,388,388,416,428,428,441,441,441,441],"floor_reached":51,"playtime":2593,"items_purged":["Decay"],"score":1530,"play_id":"e6b13d10-a2ca-45c2-9f2d-18b32621e7b2","local_time":"20190530200026","is_ascension_mode":true,"campfire_choices":[{"data":"Inflame","floor":7.0,"key":"SMITH"},{"data":"Metallicize","floor":12.0,"key":"SMITH"},{"floor":15.0,"key":"DIG"},{"floor":24.0,"key":"REST"},{"floor":32.0,"key":"REST"},{"floor":42.0,"key":"DIG"},{"floor":44.0,"key":"DIG"},{"data":"Demon Form","floor":49.0,"key":"SMITH"}],"neow_cost":"CURSE","seed_source_timestamp":0,"circlet_count":0,"master_deck":["AscendersBane","Strike_R","Strike_R","Strike_R","Strike_R","Strike_R","Defend_R","Defend_R","Defend_R","Defend_R","Bash","Pommel Strike","Pommel Strike","Inflame+1","Clothesline","Metallicize+1","Sword Boomerang","Sword Boomerang","Pummel","Demon Form+1","Armaments+1","Flame Barrier+1","J.A.X.+1","Offering+1","Heavy Blade","Good Instincts+1","Inflame","Decay","Limit Break+1","Battle Trance+1","Parasite","Warcry+1"],"special_seed":0,"relics":["Black Blood","Bottled Flame","Red Skull","Strawberry","Toxic Egg 2","Shovel","Tiny Chest","Sozu","Dodecahedron","Blood Vial","Pantograph","Darkstone Periapt","Gambling Chip","The Courier","Bag of Marbles","Juzu Bracelet","Anchor","Bag of Preparation"],"potions_floor_usage":[],"damage_taken":[{"damage":8.0,"enemies":"Cultist","floor":1.0,"turns":4.0},{"damage":5.0,"enemies":"2 Louse","floor":2.0,"turns":4.0},{"damage":4.0,"enemies":"Small Slimes","floor":3.0,"turns":3.0},{"damage":16.0,"enemies":"Blue Slaver","floor":5.0,"turns":3.0},{"damage":10.0,"enemies":"Gremlin Nob","floor":6.0,"turns":3.0},{"damage":13.0,"enemies":"2 Fungi Beasts","floor":8.0,"turns":4.0},{"damage":18.0,"enemies":"3 Sentries","floor":11.0,"turns":5.0},{"damage":0.0,"enemies":"Gremlin Nob","floor":13.0,"turns":2.0},{"damage":8.0,"enemies":"Large Slime","floor":14.0,"turns":3.0},{"damage":31.0,"enemies":"Slime Boss","floor":16.0,"turns":7.0},{"damage":31.0,"enemies":"Shell Parasite","floor":18.0,"turns":4.0},{"damage":17.0,"enemies":"2 Thieves","floor":20.0,"turns":2.0},{"damage":13.0,"enemies":"Snecko","floor":21.0,"turns":3.0},{"damage":23.0,"enemies":"Slavers","floor":23.0,"turns":4.0},{"damage":58.0,"enemies":"Book of Stabbing","floor":27.0,"turns":5.0},{"damage":7.0,"enemies":"Cultist and Chosen","floor":28.0,"turns":4.0},{"damage":63.0,"enemies":"Collector","floor":33.0,"turns":7.0},{"damage":22.0,"enemies":"Orb Walker","floor":35.0,"turns":3.0},{"damage":10.0,"enemies":"Mind Bloom Boss Battle","floor":36.0,"turns":7.0},{"damage":9.0,"enemies":"3 Shapes","floor":38.0,"turns":3.0},{"damage":52.0,"enemies":"Giant Head","floor":40.0,"turns":6.0},{"damage":24.0,"enemies":"3 Darklings","floor":41.0,"turns":4.0},{"damage":30.0,"enemies":"Reptomancer","floor":45.0,"turns":4.0},{"damage":37.0,"enemies":"Writhing Mass","floor":46.0,"turns":6.0},{"damage":42.0,"enemies":"Jaw Worm Horde","floor":48.0,"turns":4.0},{"damage":78.0,"enemies":"Time Eater","floor":50.0,"turns":8.0},{"damage":43,"enemies":"Awakened One","floor":51,"turns":3}],"seed_played":"-6573637949636834197","potions_obtained":[{"floor":2.0,"key":"GamblersBrew"},{"floor":3.0,"key":"Regen Potion"},{"floor":8.0,"key":"FearPotion"},{"floor":11.0,"key":"LiquidBronze"},{"floor":16.0,"key":"FearPotion"}],"is_trial":false,"path_per_floor":["M","M","M","$","M","E","R","M","T","?","E","R","E","M","R","B",null,"M","$","M","M","?","E","R","?","T","E","M","$","T","?","R","B",null,"M","?","?","M","?","E","M","R","T","R","E","M","?","M","R","B","B"],"character_chosen":"IRONCLAD","items_purchased":["Inflame","Armaments+1","Good Instincts+1","Inflame"],"campfire_rested":2,"item_purchase_floors":[4,19,29,29],"current_hp_per_floor":[80,81,83,83,73,78,78,71,71,52,40,40,46,44,44,19,77,52,52,41,34,34,17,45,64,64,14,15,15,15,21,51,21,82,72,99,99,102,102,60,48,48,48,48,30,11,89,57,57,16,0],"gold":441,"neow_bonus":"TWENTY_PERCENT_HP_BONUS","is_prod":false,"is_daily":false,"chose_seed":false,"campfire_upgraded":3,"win_rate":0,"timestamp":1559271626,"path_taken":["M","M","M","$","?","E","R","M","T","?","E","R","E","M","R","BOSS","M","$","M","M","?","E","R","?","T","E","M","$","?","?","R","BOSS","M","?","?","M","?","E","M","R","T","R","E","M","?","M","R","BOSS","BOSS"],"build_version":"2019-01-23","purchased_purges":1,"victory":false,"max_hp_per_floor":[89,89,89,89,89,89,89,89,89,96,96,96,96,96,96,96,96,96,96,96,96,96,96,96,96,96,96,96,96,96,102,102,102,102,102,102,102,102,102,102,102,102,102,102,102,108,89,89,89,89,89],"card_choices":[{"not_picked":["Twin Strike","Warcry"],"picked":"Pommel Strike","floor":1.0},{"not_picked":["Cleave","Second Wind"],"picked":"Anger","floor":2.0},{"not_picked":["Sword Boomerang","Flex"],"picked":"Pommel Strike","floor":3.0},{"not_picked":["Sword Boomerang","Brutality"],"picked":"Clothesline","floor":5.0},{"not_picked":["Iron Wave","Inflame"],"picked":"Metallicize","floor":6.0},{"not_picked":["Havoc","Clothesline"],"picked":"Sword Boomerang","floor":8.0},{"not_picked":["Thunderclap","Pommel Strike"],"picked":"Sword Boomerang","floor":11.0},{"not_picked":["Twin Strike","Juggernaut"],"picked":"Pummel","floor":13.0},{"not_picked":["Thunderclap","Burning Pact+1","Body Slam"],"picked":"SKIP","floor":14.0},{"not_picked":["Bludgeon","Double Tap+1"],"picked":"Demon Form","floor":16.0},{"not_picked":["Clash","Fire Breathing+1","Perfected Strike"],"picked":"SKIP","floor":18.0},{"not_picked":["Hemokinesis","Havoc+1","Pommel Strike"],"picked":"SKIP","floor":20.0},{"not_picked":["Entrench+1","Armaments+1"],"picked":"Flame Barrier+1","floor":21.0},{"not_picked":["Pommel Strike","Armaments+1","Dark Embrace"],"picked":"SKIP","floor":23.0},{"not_picked":["Dark Embrace","Perfected Strike"],"picked":"Offering+1","floor":27.0},{"not_picked":["Perfected Strike","Sever Soul"],"picked":"Heavy Blade","floor":28.0},{"not_picked":["Berserk","Demon Form"],"picked":"Limit Break+1","floor":33.0},{"not_picked":["Clash","Bloodletting+1","Perfected Strike"],"picked":"SKIP","floor":35.0},{"not_picked":["Wild Strike","Blood for Blood+1","Sword Boomerang"],"picked":"SKIP","floor":38.0},{"not_picked":["Rage+1","Clothesline","Headbutt+1"],"picked":"SKIP","floor":40.0},{"not_picked":["Ghostly Armor+1","Twin Strike"],"picked":"Battle Trance+1","floor":41.0},{"not_picked":["Clash","Clothesline","Hemokinesis"],"picked":"SKIP","floor":45.0},{"not_picked":["Perfected Strike","Entrench+1"],"picked":"Warcry+1","floor":46.0},{"not_picked":["Dual Wield+1","Exhume+1","Rupture+1"],"picked":"SKIP","floor":48.0}],"player_experience":798256,"relics_obtained":[{"floor":6.0,"key":"Bottled Flame"},{"floor":9.0,"key":"Red Skull"},{"floor":11.0,"key":"Toxic Egg 2"},{"floor":13.0,"key":"Shovel"},{"floor":15.0,"key":"Tiny Chest"},{"floor":23.0,"key":"Dodecahedron"},{"floor":26.0,"key":"Blood Vial"},{"floor":27.0,"key":"Pantograph"},{"floor":30.0,"key":"Darkstone Periapt"},{"floor":36.0,"key":"Gambling Chip"},{"floor":40.0,"key":"The Courier"},{"floor":42.0,"key":"Bag of Marbles"},{"floor":43.0,"key":"Juzu Bracelet"},{"floor":44.0,"key":"Anchor"},{"floor":45.0,"key":"Bag of Preparation"}],"event_choices":[{"damage_healed":0.0,"max_hp_gain":0.0,"max_hp_loss":0.0,"gold_gain":0.0,"event_name":"Scrap Ooze","player_choice":"Success","floor":10.0,"gold_loss":0.0,"damage_taken":26.0,"relics_obtained":["Strawberry"]},{"damage_healed":0.0,"max_hp_gain":0.0,"max_hp_loss":0.0,"gold_gain":0.0,"event_name":"Drug Dealer","player_choice":"Obtain J.A.X.","floor":22.0,"gold_loss":0.0,"damage_taken":0.0,"cards_obtained":["J.A.X."]},{"damage_healed":19.0,"max_hp_gain":0.0,"max_hp_loss":0.0,"gold_gain":0.0,"event_name":"The Library","player_choice":"Heal","floor":25.0,"gold_loss":0.0,"damage_taken":0.0},{"damage_healed":0.0,"max_hp_gain":0.0,"max_hp_loss":0.0,"gold_gain":0.0,"event_name":"Forgotten Altar","player_choice":"Smashed Altar","floor":31.0,"gold_loss":0.0,"damage_taken":0.0,"cards_obtained":["Decay"]},{"damage_healed":0.0,"max_hp_gain":0.0,"max_hp_loss":0.0,"gold_gain":0.0,"event_name":"MindBloom","player_choice":"Fight","floor":36.0,"gold_loss":0.0,"damage_taken":0.0},{"damage_healed":0.0,"max_hp_gain":0.0,"max_hp_loss":0.0,"gold_gain":0.0,"event_name":"Mysterious Sphere","player_choice":"Ignored","floor":37.0,"gold_loss":0.0,"damage_taken":0.0},{"cards_removed":["Anger"],"damage_healed":0.0,"max_hp_gain":0.0,"max_hp_loss":0.0,"gold_gain":0.0,"event_name":"Falling","player_choice":"Removed Attack","floor":39.0,"gold_loss":0.0,"damage_taken":0.0},{"damage_healed":89.0,"max_hp_gain":0.0,"max_hp_loss":19.0,"gold_gain":0.0,"event_name":"The Moai Head","player_choice":"Heal","floor":47.0,"gold_loss":0.0,"damage_taken":0.0}],"is_beta":false,"boss_relics":[{"not_picked":["Empty Cage","Busted Crown"],"picked":"Sozu"},{"not_picked":["Velvet Choker","Mark of Pain"],"picked":"Black Blood"}],"items_purged_floors":[19],"is_endless":false,"potions_floor_spawned":[2,3,8,11,16,18,27,28,35,41,46],"killed_by":"Awakened One","ascension_level":20}