{"gold_per_floor":[110,128,128,128,16,16,51,76,100,100,26,45,45,69,69,197,197,187,187,187,216,235,235,247,247],"floor_reached":25,"playtime":2894,"items_purged":[],"score":209,"play_id":"bf72ee9d-b386-496e-bb41-72ae877eb8e8","local_time":"20190118165544","is_ascension_mode":true,"campfire_choices":[{"data":"Perfected Strike","floor":6,"key":"SMITH"},{"data":"Thunderclap","floor":10,"key":"SMITH"},{"data":"Feel No Pain","floor":15,"key":"SMITH"},{"data":"Barricade","floor":23,"key":"SMITH"}],"neow_cost":"NONE","seed_source_timestamp":111247322941231,"circlet_count":0,"master_deck":["Strike_R","Strike_R","Strike_R","Strike_R","Strike_R","Defend_R","Defend_R","Defend_R","Defend_R","Bash","Thunderclap+1","Sword Boomerang","Regret","Injury","Perfected Strike+1","Madness","Rampage","Power Through","Inflame","Feel No Pain+1","Parasite","Barricade+1","Metallicize","Shrug It Off","Body Slam","Dropkick","Twin Strike","Searing Blow","Corruption","Wild Strike","Wild Strike"],"relics":["Burning Blood","Orichalcum","Bloody Idol","Bag of Marbles","Red Skull","Boot","Orrery","Bronze Scales","Red Mask"],"potions_floor_usage":[7,18,18,24],"damage_taken":[{"damage":5,"enemies":"Cultist","floor":1,"turns":4},{"damage":10,"enemies":"Jaw Worm","floor":2,"turns":4},{"damage":19,"enemies":"Lagavulin","floor":7,"turns":6},{"damage":2,"enemies":"2 Louse","floor":8,"turns":2},{"damage":7,"enemies":"Blue Slaver","floor":12,"turns":2},{"damage":33,"enemies":"Slime Boss","floor":16,"turns":12},{"damage":27,"enemies":"2 Thieves","floor":18,"turns":4},{"damage":47,"enemies":"Masked Bandits","floor":21,"turns":6},{"damage":1,"enemies":"Chosen","floor":22,"turns":3},{"damage":12,"enemies":"3 Cultists","floor":24,"turns":5},{"damage":54,"enemies":"Slavers","floor":25,"turns":3}],"seed_played":"4562293198994153075","potions_obtained":[{"floor":1,"key":"Energy Potion"},{"floor":2,"key":"AttackPotion"},{"floor":8,"key":"GamblersBrew"},{"floor":22,"key":"Regen Potion"}],"is_trial":false,"path_per_floor":["M","M","?","?","$","R","E","M","T","R","$","M","?","T","R","B",null,"M","?","?","?","M","R","M","E"],"character_chosen":"IRONCLAD","items_purchased":["Perfected Strike","Madness","Inflame"],"campfire_rested":0,"item_purchase_floors":[5,5,11],"current_hp_per_floor":[88,84,84,84,84,84,71,75,75,75,75,74,88,88,88,61,88,67,67,67,31,41,41,49,0],"gold":247,"neow_bonus":"TEN_PERCENT_HP_BONUS","is_prod":false,"is_daily":false,"chose_seed":false,"campfire_upgraded":4,"win_rate":0,"timestamp":1547848544,"path_taken":["M","M","?","?","?","R","E","M","T","R","$","?","?","?","R","BOSS","M","?","?","?","M","R","M","E"],"build_version":"2019-01-17v2","purchased_purges":0,"victory":false,"max_hp_per_floor":[88,88,88,88,88,88,88,88,88,88,88,88,88,88,88,88,88,88,88,88,88,88,88,88,88],"card_choices":[{"not_picked":["Battle Trance","Warcry"],"picked":"Thunderclap","floor":1},{"not_picked":["Second Wind","Infernal Blade"],"picked":"Sword Boomerang","floor":2},{"not_picked":["Headbutt","Searing Blow"],"picked":"Rampage","floor":7},{"not_picked":["Warcry","True Grit"],"picked":"Power Through","floor":8},{"not_picked":["Berserk","Heavy Blade"],"picked":"Feel No Pain","floor":12},{"not_picked":["Feed","Offering"],"picked":"Barricade","floor":16},{"not_picked":["Searing Blow","Pommel Strike"],"picked":"Metallicize","floor":17},{"not_picked":["Entrench","Clash"],"picked":"Shrug It Off","floor":17},{"not_picked":["Carnage","Havoc"],"picked":"Body Slam","floor":17},{"not_picked":["Heavy Blade","Thunderclap"],"picked":"Dropkick","floor":17},{"not_picked":["Perfected Strike","Armaments"],"picked":"Twin Strike","floor":17},{"not_picked":["Rampage","Clothesline"],"picked":"Searing Blow","floor":18},{"not_picked":["Berserk","Cleave+1"],"picked":"Corruption","floor":21},{"not_picked":["Headbutt","Carnage"],"picked":"Wild Strike","floor":22},{"not_picked":["Body Slam","Headbutt"],"picked":"Wild Strike","floor":24}],"player_experience":534664,"relics_obtained":[{"floor":7,"key":"Bag of Marbles"},{"floor":9,"key":"Red Skull"},{"floor":14,"key":"Boot"},{"floor":21,"key":"Red Mask"}],"event_choices":[{"damage_healed":0,"gold_gain":0,"player_choice":"Box","damage_taken":0,"relics_obtained":["Orichalcum"],"max_hp_gain":0,"max_hp_loss":0,"event_name":"Big Fish","floor":3,"gold_loss":0,"cards_obtained":["Regret"]},{"damage_healed":0,"gold_gain":0,"player_choice":"Take Wound","damage_taken":0,"relics_obtained":["Golden Idol"],"max_hp_gain":0,"max_hp_loss":0,"event_name":"Golden Idol","floor":4,"gold_loss":0,"cards_obtained":["Injury"]},{"damage_healed":22,"gold_gain":0,"player_choice":"Healed and dodged fight","damage_taken":0,"max_hp_gain":0,"max_hp_loss":0,"event_name":"Mushrooms","floor":13,"gold_loss":0,"cards_obtained":["Parasite"]},{"damage_healed":0,"gold_gain":0,"player_choice":"Opened","damage_taken":0,"relics_obtained":["Bronze Scales"],"max_hp_gain":0,"max_hp_loss":0,"event_name":"The Mausoleum","floor":19,"gold_loss":0},{"damage_healed":0,"gold_gain":0,"player_choice":"Gave Idol","damage_taken":0,"relics_obtained":["Bloody Idol"],"max_hp_gain":0,"max_hp_loss":0,"event_name":"Forgotten Altar","floor":20,"relics_lost":["Golden Idol"],"gold_loss":0},{"damage_healed":0,"gold_gain":0,"player_choice":"Fought Bandits","damage_taken":0,"max_hp_gain":0,"max_hp_loss":0,"event_name":"Masked Bandits","floor":21,"gold_loss":0}],"is_beta":false,"boss_relics":[{"not_picked":["Runic Dome","Empty Cage"],"picked":"Orrery"}],"items_purged_floors":[],"is_endless":false,"potions_floor_spawned":[1,2,8,22],"killed_by":"Slavers","ascension_level":1}