{"gold_per_floor":[109,120,134,154,169,180,207,165,165,0,0,13,23,23],"floor_reached":14,"playtime":1145,"items_purged":[],"score":101,"play_id":"52228cfb-81bc-4b1e-a44f-63d252a6a91a","local_time":"20181217155116","is_ascension_mode":true,"campfire_choices":[{"floor":11,"key":"REST"}],"neow_cost":"NONE","seed_source_timestamp":351451949837982,"circlet_count":0,"master_deck":["Defend_G","Defend_G","Defend_G","Defend_G","Defend_G","Strike_G","Strike_G","Strike_G","Strike_G","Strike_G","Survivor","Neutralize","Deflect","Crippling Poison","All Out Attack","Footwork","Acrobatics","Flying Knee","Corpse Explosion","Caltrops+1","Outmaneuver","Poisoned Stab","Concentrate","Well Laid Plans+1"],"relics":["Ring of the Snake","Singing Bowl","Frozen Egg 2"],"potions_floor_usage":[13,14],"damage_taken":[{"damage":0,"enemies":"Cultist","floor":1,"turns":4},{"damage":4,"enemies":"Jaw Worm","floor":2,"turns":5},{"damage":4,"enemies":"Small Slimes","floor":3,"turns":3},{"damage":13,"enemies":"Looter","floor":4,"turns":4},{"damage":9,"enemies":"3 Louse","floor":5,"turns":3},{"damage":7,"enemies":"2 Fungi Beasts","floor":6,"turns":3},{"damage":39,"enemies":"Lagavulin","floor":7,"turns":11},{"damage":11,"enemies":"Lots of Slimes","floor":12,"turns":2},{"damage":4,"enemies":"Gremlin Gang","floor":13,"turns":3},{"damage":9,"enemies":"Exordium Thugs","floor":14,"turns":3}],"seed_played":"8275502485316894408","potions_obtained":[{"floor":2,"key":"SkillPotion"},{"floor":7,"key":"Swift Potion"},{"floor":12,"key":"Fire Potion"},{"floor":13,"key":"Block Potion"}],"is_trial":false,"path_per_floor":["M","M","M","M","M","M","E","?","T","$","R","M","M","M"],"character_chosen":"THE_SILENT","items_purchased":["Caltrops+1","Outmaneuver","Poisoned Stab"],"campfire_rested":1,"item_purchase_floors":[10,10,10],"current_hp_per_floor":[77,73,69,56,47,40,1,1,1,1,24,13,9,0],"gold":23,"neow_bonus":"TEN_PERCENT_HP_BONUS","is_prod":false,"is_daily":false,"chose_seed":false,"campfire_upgraded":0,"win_rate":0,"timestamp":1545079876,"path_taken":["M","?","?","M","M","M","E","?","T","$","R","M","M","M"],"build_version":"2018-12-13","purchased_purges":0,"victory":false,"max_hp_per_floor":[77,77,77,77,77,77,77,77,77,77,77,77,77,77],"card_choices":[{"not_picked":["Blade Dance","Dagger Spray"],"picked":"Deflect","floor":1},{"not_picked":["Eviscerate","Deadly Poison"],"picked":"Crippling Poison","floor":2},{"not_picked":["Flying Knee","Calculated Gamble"],"picked":"All Out Attack","floor":3},{"not_picked":["Dagger Spray","Underhanded Strike"],"picked":"Footwork","floor":4},{"not_picked":["Quick Slash","Eviscerate"],"picked":"Acrobatics","floor":5},{"not_picked":["Expertise","Setup"],"picked":"Flying Knee","floor":6},{"not_picked":["Skewer","Poisoned Stab"],"picked":"Corpse Explosion","floor":7},{"not_picked":["Dodge and Roll","Poisoned Stab"],"picked":"Concentrate","floor":12},{"not_picked":["Eviscerate","Blade Dance"],"picked":"Well Laid Plans+1","floor":13}],"player_experience":517647,"relics_obtained":[{"floor":7,"key":"Singing Bowl"},{"floor":9,"key":"Frozen Egg 2"}],"event_choices":[{"damage_healed":0,"gold_gain":0,"player_choice":"Left Gold","damage_taken":0,"max_hp_gain":0,"max_hp_loss":0,"event_name":"World of Goop","floor":8,"gold_loss":42}],"is_beta":false,"boss_relics":[],"items_purged_floors":[],"is_endless":false,"potions_floor_spawned":[2,7,12,13],"killed_by":"Exordium Thugs","ascension_level":1}