{"gold_per_floor":[118,133,144,160,179,179,179,179,179,212,230,230,255,265,265,342,342,356,356,281,281,293,293,293],"floor_reached":24,"playtime":1152,"items_purged":[],"score":416,"play_id":"e54924a1-38a7-43c2-b828-80a883129967","local_time":"20190608145025","is_ascension_mode":true,"campfire_choices":[{"data":"Inflame","floor":6.0,"key":"SMITH"},{"data":"True Grit","floor":8.0,"key":"SMITH"},{"data":"Flame Barrier","floor":12.0,"key":"SMITH"},{"data":"True Grit","floor":15.0,"key":"SMITH"},{"data":"Demon Form","floor":23.0,"key":"SMITH"}],"neow_cost":"CURSE","seed_source_timestamp":264432616410562,"circlet_count":0,"master_deck":["AscendersBane","Strike_R+1","Strike_R+1","Defend_R+1","Defend_R+1","Defend_R+1","Bash","Reaper","Inflame+1","Shrug It Off","Sword Boomerang","True Grit+1","Immolate","Ghostly Armor","Pommel Strike","Spot Weakness","Flame Barrier+1","Double Tap","True Grit+1","Demon Form+1","Bludgeon+1","Body Slam+1","Rampage+1","Inflame+1","Rampage"],"special_seed":0,"relics":["Burning Blood","Question Card","Ornamental Fan","Smiling Mask","Astrolabe"],"potions_floor_usage":[],"damage_taken":[{"damage":7.0,"enemies":"Cultist","floor":1.0,"turns":4.0},{"damage":7.0,"enemies":"Small Slimes","floor":2.0,"turns":4.0},{"damage":11.0,"enemies":"Jaw Worm","floor":3.0,"turns":5.0},{"damage":24.0,"enemies":"3 Louse","floor":4.0,"turns":4.0},{"damage":16.0,"enemies":"Looter","floor":5.0,"turns":4.0},{"damage":8.0,"enemies":"Gremlin Nob","floor":10.0,"turns":3.0},{"damage":12.0,"enemies":"Lots of Slimes","floor":11.0,"turns":2.0},{"damage":27.0,"enemies":"3 Sentries","floor":13.0,"turns":6.0},{"damage":8.0,"enemies":"Blue Slaver","floor":14.0,"turns":2.0},{"damage":86.0,"enemies":"Slime Boss","floor":16.0,"turns":12.0},{"damage":16.0,"enemies":"Spheric Guardian","floor":18.0,"turns":5.0},{"damage":14.0,"enemies":"Chosen","floor":22.0,"turns":4.0},{"damage":64,"enemies":"Book of Stabbing","floor":24,"turns":5}],"seed_played":"6004932234140793819","potions_obtained":[{"floor":3.0,"key":"SteroidPotion"},{"floor":4.0,"key":"GamblersBrew"},{"floor":10.0,"key":"Regen Potion"}],"is_trial":false,"path_per_floor":["M","M","M","M","M","R","?","R","T","E","M","R","E","M","R","B",null,"M","?","?","?","M","R","E"],"character_chosen":"IRONCLAD","items_purchased":[],"campfire_rested":0,"item_purchase_floors":[],"current_hp_per_floor":[67,72,70,64,60,60,60,60,60,65,69,69,54,52,52,8,58,58,58,58,58,50,50,0],"gold":293,"neow_bonus":"THREE_RARE_CARDS","is_prod":false,"is_daily":false,"chose_seed":false,"campfire_upgraded":5,"win_rate":0,"timestamp":1560030625,"path_taken":["M","M","M","M","?","R","?","R","T","E","M","R","E","?","R","BOSS","M","?","?","?","M","R","E"],"build_version":"2019-01-23","purchased_purges":0,"victory":false,"max_hp_per_floor":[75,75,75,75,75,75,75,75,75,75,75,75,75,75,75,75,75,75,75,75,75,75,75,75],"card_choices":[{"not_picked":["Juggernaut","Dark Embrace"],"picked":"Reaper","floor":0.0},{"not_picked":["Pommel Strike","Thunderclap"],"picked":"Inflame","floor":1.0},{"not_picked":["Iron Wave","Perfected Strike"],"picked":"Shrug It Off","floor":2.0},{"not_picked":["Dropkick","Body Slam"],"picked":"Sword Boomerang","floor":3.0},{"not_picked":["Thunderclap","Clothesline"],"picked":"True Grit","floor":4.0},{"not_picked":["Thunderclap","Sever Soul","Rupture"],"picked":"SKIP","floor":5.0},{"not_picked":["Power Through","Shockwave","Carnage"],"picked":"Spot Weakness","floor":10.0},{"not_picked":["Iron Wave","Heavy Blade","Sever Soul"],"picked":"Flame Barrier","floor":11.0},{"not_picked":["Pummel","Thunderclap","True Grit"],"picked":"Double Tap","floor":13.0},{"not_picked":["Pommel Strike","Perfected Strike","Entrench"],"picked":"True Grit","floor":14.0},{"not_picked":["Double Tap","Feed","Exhume"],"picked":"Demon Form","floor":16.0},{"not_picked":["Clash+1","Fire Breathing","Twin Strike"],"picked":"Inflame+1","floor":18.0},{"not_picked":["Carnage","Pommel Strike","Iron Wave","Clothesline+1"],"picked":"SKIP","floor":22.0}],"player_experience":810256,"relics_obtained":[{"floor":9.0,"key":"Question Card"},{"floor":10.0,"key":"Ornamental Fan"},{"floor":13.0,"key":"Smiling Mask"}],"event_choices":[{"damage_healed":0.0,"max_hp_gain":0.0,"max_hp_loss":0.0,"gold_gain":0.0,"event_name":"Match and Keep!","player_choice":"3 cards matched","floor":7.0,"gold_loss":0.0,"damage_taken":0.0,"cards_obtained":["Immolate","Ghostly Armor","Pommel Strike"]},{"damage_healed":0.0,"max_hp_gain":0.0,"max_hp_loss":0.0,"gold_gain":0.0,"event_name":"Back to Basics","player_choice":"Simplicity","floor":19.0,"gold_loss":0.0,"damage_taken":0.0,"cards_upgraded":["Strike_R","Strike_R","Strike_R","Defend_R","Defend_R","Defend_R"]},{"cards_removed":["Injury"],"damage_healed":0.0,"max_hp_gain":0.0,"max_hp_loss":0.0,"gold_gain":0.0,"event_name":"Beggar","player_choice":"Gave Gold","floor":20.0,"gold_loss":75.0,"damage_taken":0.0},{"damage_healed":0.0,"max_hp_gain":0.0,"max_hp_loss":0.0,"gold_gain":0.0,"cards_transformed":["Strike_R"],"event_name":"Transmorgrifier","player_choice":"Transformed","floor":21.0,"gold_loss":0.0,"damage_taken":0.0,"cards_obtained":["Rampage"]}],"is_beta":false,"boss_relics":[{"not_picked":["Lizard Tail","Calling Bell"],"picked":"Astrolabe"}],"items_purged_floors":[],"is_endless":false,"potions_floor_spawned":[3,4,10],"killed_by":"Book of Stabbing","ascension_level":20}