{"gold_per_floor":[109,109,123,123,123,148,148,162,162,162,172,172,188,221,221,320,320,338,352,352,35,54,54],"floor_reached":23,"playtime":2591,"items_purged":[],"score":210,"play_id":"82c676a4-a377-4dbc-95d5-64c55abc2e45","local_time":"20190708154608","is_ascension_mode":true,"campfire_choices":[{"data":"Neutralize","floor":7,"key":"SMITH"},{"data":"Slice","floor":10,"key":"SMITH"},{"floor":12,"key":"REST"},{"data":"Prepared","floor":15,"key":"SMITH"}],"neow_cost":"CURSE","seed_source_timestamp":329164725734932,"circlet_count":0,"master_deck":["Strike_G","Strike_G","Strike_G","Strike_G","Strike_G+1","Defend_G","Defend_G","Defend_G","Defend_G","Defend_G","Survivor","Neutralize+1","Infinite Blades+1","Prepared+1","Backflip","Slice+1","Slice+1","Blade Dance+1","Backflip+1","Die Die Die","Envenom","Backflip+1","Underhanded Strike","Infinite Blades","Infinite Blades","Blade Dance+1","PiercingWail+1"],"relics":["Ring of the Snake","Incense Burner","Spirit Poop","Lantern","Dream Catcher","Toxic Egg 2","Whetstone","HoveringKite","TwistedFunnel"],"potions_floor_usage":[14,16,22,22,22,23],"damage_taken":[{"damage":4,"enemies":"2 Louse","floor":1,"turns":3},{"damage":0,"enemies":"Cultist","floor":3,"turns":4},{"damage":26,"enemies":"3 Sentries","floor":6,"turns":13},{"damage":0,"enemies":"Small Slimes","floor":8,"turns":4},{"damage":6,"enemies":"3 Louse","floor":11,"turns":3},{"damage":0,"enemies":"Large Slime","floor":13,"turns":4},{"damage":17,"enemies":"Gremlin Nob","floor":14,"turns":4},{"damage":25,"enemies":"The Guardian","floor":16,"turns":12},{"damage":2,"enemies":"Chosen","floor":18,"turns":4},{"damage":2,"enemies":"Shell Parasite","floor":19,"turns":6},{"damage":15,"enemies":"Cultist and Chosen","floor":22,"turns":6},{"damage":63,"enemies":"Gremlin Leader","floor":23,"turns":7}],"seed_played":"6564011907213140125","potions_obtained":[{"floor":3,"key":"SteroidPotion"},{"floor":6,"key":"PowerPotion"},{"floor":11,"key":"Regen Potion"},{"floor":14,"key":"SkillPotion"},{"floor":18,"key":"GamblersBrew"},{"floor":22,"key":"AttackPotion"}],"is_trial":false,"path_per_floor":["M","?","M","T","?","E","R","M","T","R","M","R","M","E","R","B",null,"M","M","?","$","M","E"],"character_chosen":"THE_SILENT","items_purchased":["TwistedFunnel","Infinite Blades","Blade Dance+1"],"campfire_rested":1,"item_purchase_floors":[21,21,21],"current_hp_per_floor":[66,66,66,66,66,40,40,40,40,40,34,55,55,38,38,13,70,68,66,66,66,63,0],"gold":54,"neow_bonus":"ONE_RARE_RELIC","is_prod":false,"is_daily":false,"chose_seed":false,"campfire_upgraded":3,"win_rate":0,"timestamp":1562636768,"path_taken":["M","?","?","?","?","E","R","M","T","R","M","R","?","E","R","BOSS","M","M","?","$","M","E"],"build_version":"2019-07-05","purchased_purges":0,"victory":false,"max_hp_per_floor":[70,70,70,70,70,70,70,70,70,70,70,70,70,70,70,70,70,70,70,70,70,70,70],"card_choices":[{"not_picked":["Acrobatics","Expertise"],"picked":"Infinite Blades","floor":1},{"not_picked":["Eviscerate","Crippling Poison"],"picked":"Prepared","floor":3},{"not_picked":["Catalyst","Poisoned Stab"],"picked":"Backflip","floor":6},{"not_picked":["Calculated Gamble","Deadly Poison"],"picked":"Slice","floor":8},{"not_picked":["Bane","Sucker Punch"],"picked":"Slice","floor":11},{"not_picked":["Noxious Fumes","Quick Slash"],"picked":"Blade Dance+1","floor":12},{"not_picked":["Backstab","Tactician+1"],"picked":"Backflip+1","floor":13},{"not_picked":["Dagger Throw","Skewer"],"picked":"Die Die Die","floor":14},{"not_picked":["Doppelganger+1","Venomology+1"],"picked":"Envenom","floor":16},{"not_picked":["Dagger Spray","Reflex+1"],"picked":"Backflip+1","floor":18},{"not_picked":["PiercingWail+1","Eviscerate+1"],"picked":"Underhanded Strike","floor":19},{"not_picked":["Bouncing Flask+1","Eviscerate+1"],"picked":"PiercingWail+1","floor":22}],"player_experience":54410,"relics_obtained":[{"floor":4,"key":"Lantern"},{"floor":6,"key":"Dream Catcher"},{"floor":9,"key":"Toxic Egg 2"},{"floor":14,"key":"Whetstone"}],"event_choices":[{"cards_removed":["Pain"],"damage_healed":0,"gold_gain":0,"player_choice":"Offered Curse","damage_taken":0,"relics_obtained":["Spirit Poop"],"max_hp_gain":0,"max_hp_loss":0,"event_name":"Bonfire Elementals","floor":2,"gold_loss":0},{"damage_healed":0,"gold_gain":0,"player_choice":"Upgraded","damage_taken":0,"max_hp_gain":0,"max_hp_loss":0,"event_name":"Upgrade Shrine","floor":5,"gold_loss":0,"cards_upgraded":["Infinite Blades"]},{"damage_healed":0,"gold_gain":0,"player_choice":"Read","damage_taken":0,"max_hp_gain":0,"max_hp_loss":0,"event_name":"The Library","floor":20,"gold_loss":0,"cards_obtained":["Infinite Blades"]}],"is_beta":false,"boss_relics":[{"not_picked":["Velvet Choker","Calling Bell"],"picked":"HoveringKite"}],"items_purged_floors":[],"is_endless":false,"potions_floor_spawned":[3,6,11,14,18,22],"killed_by":"Gremlin Leader","ascension_level":1}