{"gold_per_floor":[114,128,3,20,38,38,67,67,67,79,79],"floor_reached":11,"playtime":3880,"items_purged":[],"score":146,"play_id":"3aeabbea-b159-47e5-a7c4-7f39065b238b","local_time":"20190709122933","is_ascension_mode":true,"campfire_choices":[{"data":"Berserk","floor":6,"key":"SMITH"},{"floor":8,"key":"REST"}],"neow_cost":"NONE","seed_source_timestamp":397077029096505,"circlet_count":0,"master_deck":["AscendersBane","Strike_R","Strike_R","Strike_R","Strike_R","Strike_R","Defend_R","Defend_R","Defend_R","Defend_R","Bash","Pummel","Combust","Rupture","Rampage","Shrug It Off","Berserk+1","Dark Embrace","Corruption"],"relics":["Burning Blood","Ancient Tea Set","Pantograph","The Courier"],"potions_floor_usage":[],"damage_taken":[{"damage":1,"enemies":"Cultist","floor":1,"turns":3},{"damage":14,"enemies":"Jaw Worm","floor":2,"turns":4},{"damage":6,"enemies":"Small Slimes","floor":4,"turns":3},{"damage":24,"enemies":"Exordium Thugs","floor":5,"turns":5},{"damage":27,"enemies":"3 Sentries","floor":7,"turns":6},{"damage":8,"enemies":"3 Louse","floor":10,"turns":3},{"damage":67,"enemies":"Gremlin Nob","floor":11,"turns":4}],"seed_played":"238569494481090816","potions_obtained":[{"floor":1,"key":"Ancient Potion"},{"floor":4,"key":"EssenceOfSteel"}],"is_trial":false,"path_per_floor":["M","M","$","M","M","R","E","R","T","M","E"],"character_chosen":"IRONCLAD","items_purchased":["Rupture","Rampage"],"campfire_rested":1,"item_purchase_floors":[3,3],"current_hp_per_floor":[73,65,65,65,47,47,26,48,48,46,0],"gold":79,"neow_bonus":"RANDOM_COMMON_RELIC","is_prod":false,"is_daily":false,"chose_seed":false,"campfire_upgraded":1,"win_rate":0,"timestamp":1562689773,"path_taken":["M","M","$","?","M","R","E","R","T","M","E"],"build_version":"2019-07-05","purchased_purges":0,"victory":false,"max_hp_per_floor":[75,75,75,75,75,75,75,75,75,75,75],"card_choices":[{"not_picked":["Second Wind","Clash"],"picked":"Pummel","floor":1},{"not_picked":["Armaments","Pummel"],"picked":"Combust","floor":2},{"not_picked":["Sword Boomerang","Cleave"],"picked":"Shrug It Off","floor":4},{"not_picked":["Clothesline","Sentinel"],"picked":"Berserk","floor":5},{"not_picked":["Wild Strike","Immolate"],"picked":"Dark Embrace","floor":7},{"not_picked":["Armaments","Perfected Strike"],"picked":"Corruption","floor":10}],"player_experience":2426531,"relics_obtained":[{"floor":7,"key":"Pantograph"},{"floor":9,"key":"The Courier"}],"event_choices":[],"is_beta":false,"boss_relics":[],"items_purged_floors":[],"is_endless":false,"potions_floor_spawned":[1,4],"killed_by":"Gremlin Nob","ascension_level":19}