{"gold_per_floor":[115,130,130,150,150,190,204,244,268,268,286,304,327,351,351,351],"floor_reached":16,"playtime":1397,"items_purged":[],"score":122,"play_id":"e313739c-4d34-428b-a82a-2486d8f13544","local_time":"20190708095722","is_ascension_mode":true,"campfire_choices":[{"floor":10,"key":"REST"},{"floor":15,"key":"REST"}],"neow_cost":"NONE","seed_source_timestamp":180413667728700,"circlet_count":0,"master_deck":["Strike_R","Strike_R","Strike_R","Strike_R","Strike_R","Defend_R","Defend_R","Defend_R","Defend_R","Bash","Burning Pact","Perfected Strike+1","Injury","Headbutt","Offering","Twin Strike","Twin Strike","Warcry"],"relics":["Mark of Pain","Golden Idol","Lantern","Regal Pillow","Pen Nib"],"potions_floor_usage":[7,16,16],"damage_taken":[{"damage":1,"enemies":"Jaw Worm","floor":1,"turns":4},{"damage":1,"enemies":"Cultist","floor":2,"turns":3},{"damage":0,"enemies":"2 Louse","floor":4,"turns":2},{"damage":26,"enemies":"Lagavulin","floor":6,"turns":5},{"damage":9,"enemies":"Exordium Wildlife","floor":7,"turns":4},{"damage":14,"enemies":"Gremlin Nob","floor":8,"turns":3},{"damage":9,"enemies":"2 Fungi Beasts","floor":11,"turns":3},{"damage":11,"enemies":"Exordium Thugs","floor":12,"turns":4},{"damage":16,"enemies":"3 Louse","floor":13,"turns":3},{"damage":18,"enemies":"Exordium Wildlife","floor":14,"turns":3},{"damage":76,"enemies":"The Guardian","floor":16,"turns":8}],"seed_played":"-8248767310245300543","potions_obtained":[{"floor":1,"key":"Ancient Potion"},{"floor":4,"key":"Fruit Juice"},{"floor":11,"key":"Regen Potion"},{"floor":12,"key":"Ancient Potion"}],"is_trial":false,"path_per_floor":["M","M","?","M","?","E","M","E","T","R","M","M","M","M","R","B"],"character_chosen":"IRONCLAD","items_purchased":[],"campfire_rested":2,"item_purchase_floors":[],"current_hp_per_floor":[79,78,78,78,78,52,48,34,34,74,65,54,38,20,60,0],"gold":351,"neow_bonus":"BOSS_RELIC","is_prod":false,"is_daily":false,"chose_seed":false,"campfire_upgraded":0,"win_rate":0,"timestamp":1562572642,"path_taken":["M","M","?","M","?","E","?","E","T","R","M","M","M","M","R","BOSS"],"build_version":"2019-07-05","purchased_purges":0,"victory":false,"max_hp_per_floor":[80,80,80,80,80,80,85,85,85,85,85,85,85,85,85,85],"card_choices":[{"not_picked":["Reckless Charge","Fire Breathing"],"picked":"Burning Pact","floor":1},{"not_picked":["Headbutt","True Grit"],"picked":"Perfected Strike","floor":2},{"not_picked":["Armaments","Combust"],"picked":"Headbutt","floor":4},{"not_picked":["Dual Wield","Wild Strike"],"picked":"Offering","floor":6},{"not_picked":["Body Slam","Shrug It Off","Thunderclap"],"picked":"SKIP","floor":7},{"not_picked":["Wild Strike","Rampage"],"picked":"Twin Strike","floor":8},{"not_picked":["Body Slam","Feel No Pain"],"picked":"Twin Strike","floor":11},{"not_picked":["Headbutt","Corruption"],"picked":"Warcry","floor":12},{"not_picked":["Cleave","Feed","Shrug It Off"],"picked":"SKIP","floor":13},{"not_picked":["Flex","True Grit","Cleave"],"picked":"SKIP","floor":14}],"player_experience":28570,"relics_obtained":[{"floor":6,"key":"Lantern"},{"floor":8,"key":"Regal Pillow"},{"floor":9,"key":"Pen Nib"}],"event_choices":[{"damage_healed":0,"gold_gain":0,"player_choice":"Take Wound","damage_taken":0,"relics_obtained":["Golden Idol"],"max_hp_gain":0,"max_hp_loss":0,"event_name":"Golden Idol","floor":3,"gold_loss":0,"cards_obtained":["Injury"]},{"damage_healed":0,"gold_gain":0,"player_choice":"Upgraded","damage_taken":0,"max_hp_gain":0,"max_hp_loss":0,"event_name":"Upgrade Shrine","floor":5,"gold_loss":0,"cards_upgraded":["Perfected Strike"]}],"is_beta":false,"boss_relics":[],"items_purged_floors":[],"is_endless":false,"potions_floor_spawned":[1,4,11,12,13],"killed_by":"The Guardian","ascension_level":1}