{"gold_per_floor":[218,218,67,86,33,64,5,18,87,99,111,137,168,207,219,328,340,365,397,62,62,82,82],"floor_reached":23,"playtime":1015,"items_purged":["Strike_R"],"score":251,"play_id":"b40703b0-35ee-413f-90e0-44218729f6c3","local_time":"20190709132457","is_ascension_mode":true,"campfire_choices":[{"floor":10,"key":"REST"},{"floor":15,"key":"REST"}],"neow_cost":"NONE","seed_source_timestamp":356695479558018,"circlet_count":0,"master_deck":["Strike_R","Strike_R","Strike_R","Defend_R","Defend_R","Defend_R","Defend_R","Bash","Uppercut+1","Shrug It Off","Shockwave","Flame Barrier","Entrench+1"],"relics":["Burning Blood","Omamori","Art of War","Matryoshka","MawBank","Bottled Lightning","Potion Belt","Coffee Dripper","Blood Vial"],"potions_floor_usage":[14,16,16,18,22,23],"damage_taken":[{"damage":28,"enemies":"Jaw Worm","floor":1,"turns":4},{"damage":6,"enemies":"2 Louse","floor":4,"turns":3},{"damage":51,"enemies":"Lagavulin","floor":6,"turns":7},{"damage":0,"enemies":"Cultist","floor":8,"turns":3},{"damage":3,"enemies":"2 Fungi Beasts","floor":12,"turns":3},{"damage":6,"enemies":"Red Slaver","floor":13,"turns":3},{"damage":20,"enemies":"Gremlin Nob","floor":14,"turns":5},{"damage":49,"enemies":"The Guardian","floor":16,"turns":14},{"damage":27,"enemies":"Spheric Guardian","floor":18,"turns":6},{"damage":16,"enemies":"2 Thieves","floor":19,"turns":4},{"damage":15,"enemies":"Snake Plant","floor":22,"turns":4},{"damage":42,"enemies":"Gremlin Leader","floor":23,"turns":7}],"seed_played":"-3171188008333777427","potions_obtained":[{"floor":6,"key":"Block Potion"},{"floor":12,"key":"SpeedPotion"},{"floor":13,"key":"AttackPotion"},{"floor":14,"key":"Poison Potion"}],"is_trial":false,"path_per_floor":["M","?","$","M","$","E","?","M","T","R","?","M","M","E","R","B",null,"M","M","$","?","M","E"],"character_chosen":"IRONCLAD","items_purchased":["Omamori","Shrug It Off","Blood Vial","Block Potion","EssenceOfSteel"],"campfire_rested":2,"item_purchase_floors":[3,5,20,20,20],"current_hp_per_floor":[58,58,58,58,58,13,13,19,19,43,43,46,46,32,56,13,63,42,32,32,37,30,0],"gold":82,"neow_bonus":"HUNDRED_GOLD","is_prod":false,"is_daily":false,"chose_seed":false,"campfire_upgraded":0,"win_rate":0,"timestamp":1562693097,"path_taken":["M","?","$","M","$","E","?","?","T","R","?","M","?","E","R","BOSS","M","M","$","?","?","E"],"build_version":"2019-07-05","purchased_purges":1,"victory":false,"max_hp_per_floor":[80,80,80,80,80,80,80,80,80,80,80,80,80,80,80,80,80,80,80,80,80,80,80],"card_choices":[{"not_picked":["Sword Boomerang","Anger"],"picked":"Uppercut","floor":1},{"not_picked":["Clash","Clothesline","Flex"],"picked":"SKIP","floor":4},{"not_picked":["Rage","Barricade"],"picked":"Cleave","floor":6},{"not_picked":["True Grit","Wild Strike"],"picked":"Shockwave","floor":8},{"not_picked":["Anger","Inflame","Headbutt"],"picked":"SKIP","floor":12},{"not_picked":["Wild Strike","Sword Boomerang","Clash"],"picked":"SKIP","floor":13},{"not_picked":["Reckless Charge","Hemokinesis","Rage"],"picked":"SKIP","floor":14},{"not_picked":["Havoc+1","Heavy Blade+1","Clash"],"picked":"SKIP","floor":18},{"not_picked":["True Grit+1","Havoc"],"picked":"Flame Barrier","floor":19},{"not_picked":["Juggernaut","Twin Strike+1"],"picked":"Entrench+1","floor":22}],"player_experience":233803,"relics_obtained":[{"floor":6,"key":"Art of War"},{"floor":9,"key":"MawBank"},{"floor":9,"key":"Bottled Lightning"},{"floor":14,"key":"Potion Belt"}],"event_choices":[{"damage_healed":0,"gold_gain":0,"player_choice":"Grow","damage_taken":0,"max_hp_gain":0,"max_hp_loss":0,"event_name":"Living Wall","floor":2,"gold_loss":0,"cards_upgraded":["Uppercut"]},{"damage_healed":0,"gold_gain":0,"player_choice":"Paid Gold","damage_taken":0,"relics_obtained":["Matryoshka"],"max_hp_gain":0,"max_hp_loss":0,"event_name":"WeMeetAgain","floor":7,"gold_loss":59},{"cards_removed":["Strike_R"],"damage_healed":0,"gold_gain":0,"player_choice":"Purged","damage_taken":0,"max_hp_gain":0,"max_hp_loss":0,"event_name":"Purifier","floor":11,"gold_loss":0},{"cards_removed":["Cleave"],"damage_healed":5,"gold_gain":0,"player_choice":"Offered Common","damage_taken":0,"max_hp_gain":0,"max_hp_loss":0,"event_name":"Bonfire Elementals","floor":21,"gold_loss":0},{"cards_removed":["Cleave"],"damage_healed":5,"gold_gain":0,"player_choice":"Offered Special","damage_taken":0,"max_hp_gain":0,"max_hp_loss":0,"event_name":"Bonfire Elementals","floor":21,"gold_loss":0}],"is_beta":false,"boss_relics":[{"not_picked":["Runic Dome","Runic Pyramid"],"picked":"Coffee Dripper"}],"items_purged_floors":[20],"is_endless":false,"potions_floor_spawned":[6,12,13,14],"killed_by":"Gremlin Leader","ascension_level":5}