{"gold_per_floor":[144,189,234,234,184,274,274,319,369,414,414,30,75,120,120,420,420,465,465,25,25,25,25,60,150,150,200,200,245,290,335,335,335],"floor_reached":33,"playtime":2203,"items_purged":[],"score":419,"play_id":"c139e19d-df1e-43ac-a5c4-81cb9903fcf3","local_time":"20180926123133","daily_mods":["Brewmaster","Midas","Terminal"],"is_ascension_mode":false,"campfire_choices":[{"floor":7,"key":"REST"},{"floor":15,"key":"REST"},{"floor":23,"key":"REST"},{"floor":28,"key":"REST"},{"floor":32,"key":"REST"}],"neow_cost":"","seed_source_timestamp":0,"circlet_count":0,"master_deck":["Bash+1","Venomology","Venomology","Venomology","Venomology","Venomology","Iron Wave","Heavy Blade","Anger","Twin Strike+1","Feel No Pain+1","Rampage","Rupture+1","Sword Boomerang+1","Anger+1","Metallicize+1","Exhume","Armaments","Warcry","Infernal Blade","Rage","Fire Breathing+1","Battle Trance","Thunderclap+1","Perfected Strike+1","Clash+1","Armaments+1","Shame","Metamorphosis","Flash of Steel+1","Bite+1","Bite+1","Bite+1","Bite+1","Bite+1","Necronomicurse","Pommel Strike+1","Flame Barrier","Flex","Fire Breathing+1"],"special_seed":17800,"relics":["Burning Blood","White Beast Statue","Kunai","Frozen Egg 2","Anchor","Mummified Hand","Molten Egg 2","Pandora\u0027s Box","Bag of Marbles","Oddly Smooth Stone","Necronomicon","Singing Bowl","Whetstone","Blood Vial"],"potions_floor_usage":[1,1,2,2,3,6,6,6,6,6,6,6,6,8,8,8,10,13,14,16,16,16,16,16,16,16,18,18,18,24,25,25,25,25,25,25,29,29,29,29,30,30,31,31,33,33,33,33],"damage_taken":[{"damage":0,"enemies":"Small Slimes","floor":1,"turns":6},{"damage":1,"enemies":"Cultist","floor":2,"turns":3},{"damage":1,"enemies":"Jaw Worm","floor":3,"turns":2},{"damage":5,"enemies":"3 Sentries","floor":6,"turns":9},{"damage":10,"enemies":"Exordium Thugs","floor":8,"turns":4},{"damage":0,"enemies":"Exordium Wildlife","floor":10,"turns":2},{"damage":2,"enemies":"Blue Slaver","floor":13,"turns":3},{"damage":2,"enemies":"2 Fungi Beasts","floor":14,"turns":3},{"damage":0,"enemies":"Slime Boss","floor":16,"turns":12},{"damage":7,"enemies":"Shell Parasite","floor":18,"turns":3},{"damage":11,"enemies":"2 Thieves","floor":24,"turns":4},{"damage":37,"enemies":"Gremlin Leader","floor":25,"turns":6},{"damage":19,"enemies":"Shelled Parasite and Fungi","floor":29,"turns":7},{"damage":0,"enemies":"Centurion and Healer","floor":30,"turns":4},{"damage":12,"enemies":"Snecko","floor":31,"turns":4},{"damage":79,"enemies":"Automaton","floor":33,"turns":8}],"seed_played":"-9213636199092254619","potions_obtained":[{"floor":1,"key":"FearPotion"},{"floor":2,"key":"PowerPotion"},{"floor":3,"key":"Ancient Potion"},{"floor":8,"key":"Strength Potion"},{"floor":10,"key":"FearPotion"},{"floor":13,"key":"PowerPotion"},{"floor":14,"key":"Regen Potion"},{"floor":16,"key":"Strength Potion"},{"floor":18,"key":"SpeedPotion"},{"floor":24,"key":"Explosive Potion"},{"floor":25,"key":"FearPotion"},{"floor":29,"key":"Swift Potion"},{"floor":31,"key":"Fire Potion"}],"is_trial":false,"path_per_floor":["M","M","M","?","?","E","R","M","T","M","T","$","M","M","R","B",null,"M","?","$","?","?","R","M","E","T","T","R","M","M","M","R"],"character_chosen":"IRONCLAD","items_purchased":["Molten Egg 2","Rupture+1","Sword Boomerang+1","Metamorphosis","Oddly Smooth Stone","Flash of Steel+1"],"campfire_rested":5,"item_purchase_floors":[12,12,12,20,20,20],"current_hp_per_floor":[78,77,76,75,74,73,72,68,68,69,68,67,66,65,64,63,62,61,60,59,40,24,35,36,14,14,14,24,28,33,30,31,0],"gold":335,"neow_bonus":"","is_prod":false,"is_daily":true,"chose_seed":false,"campfire_upgraded":0,"win_rate":0,"timestamp":1537979493,"path_taken":["M","M","M","?","?","E","R","?","T","M","?","?","?","M","R","BOSS","M","?","$","?","?","R","M","E","T","?","R","M","M","M","R","BOSS"],"build_version":"2018-09-20","purchased_purges":0,"victory":false,"max_hp_per_floor":[78,77,76,75,74,73,72,71,70,69,68,67,66,65,64,63,62,61,60,59,40,39,38,37,38,37,36,35,34,33,32,31,31],"card_choices":[{"not_picked":["Armaments","Pommel Strike"],"picked":"Iron Wave","floor":1},{"not_picked":["Searing Blow","Headbutt"],"picked":"Heavy Blade","floor":2},{"not_picked":["Entrench","Armaments"],"picked":"Anger","floor":3},{"not_picked":["Intimidate","Bloodletting"],"picked":"Twin Strike","floor":6},{"not_picked":["Hemokinesis","True Grit"],"picked":"Feel No Pain+1","floor":8},{"not_picked":["Warcry","Pommel Strike"],"picked":"Rampage","floor":10},{"not_picked":["Battle Trance","True Grit"],"picked":"Anger+1","floor":13},{"not_picked":["Heavy Blade+1","Anger+1"],"picked":"Metallicize+1","floor":14},{"not_picked":["Fiend Fire+1","Double Tap"],"picked":"Exhume","floor":16},{"not_picked":["Anger+1","Body Slam+1"],"picked":"Armaments+1","floor":18},{"not_picked":["Perfected Strike+1","Anger+1"],"picked":"Pommel Strike+1","floor":24},{"not_picked":["Battle Trance","Rage","Anger+1"],"picked":"Singing Bowl","floor":25},{"not_picked":["Shrug It Off","Burning Pact+1"],"picked":"Flame Barrier","floor":29},{"not_picked":["Body Slam+1","Heavy Blade+1"],"picked":"Flex","floor":30},{"not_picked":["Thunderclap+1","Reaper+1"],"picked":"Fire Breathing+1","floor":31}],"player_experience":390072,"relics_obtained":[{"floor":6,"key":"Frozen Egg 2"},{"floor":9,"key":"Anchor"},{"floor":11,"key":"Mummified Hand"},{"floor":22,"key":"Necronomicon"},{"floor":25,"key":"Singing Bowl"},{"floor":26,"key":"Whetstone"},{"floor":27,"key":"Blood Vial"}],"event_choices":[{"event_name":"Big Fish","player_choice":"Box","floor":4,"damage_taken":0},{"event_name":"The Cleric","player_choice":"Card Removal","floor":5,"damage_taken":0},{"event_name":"Addict","player_choice":"Stole Relic","floor":19,"damage_taken":0},{"event_name":"Vampires","player_choice":"Became a vampire","floor":21,"damage_taken":0},{"event_name":"Cursed Tome","player_choice":"Obtained Book","floor":22,"damage_taken":0}],"is_beta":false,"boss_relics":[{"not_picked":["Astrolabe","Fusion Hammer"],"picked":"Pandora\u0027s Box"}],"items_purged_floors":[],"is_endless":false,"potions_floor_spawned":[1,2,3,6,8,10,13,14,16,18,24,25,29,30,31],"killed_by":"Automaton","ascension_level":0}