{"gold_per_floor":[112,262,262,137,158,158,193,33,33,33,57,96,109,123,123,217,217,231,281,259,2,2,2,2,2,2,2,15,15,15,48,48,141,141,154,154,178,11,344,344,371,261,261,261,261],"floor_reached":45,"playtime":2214,"items_purged":["Doubt","Injury","Writhe"],"score":932,"play_id":"c20da18a-cbe8-420f-99c6-c763c59810d2","local_time":"20190524000243","is_ascension_mode":true,"campfire_choices":[{"data":"Loop","floor":6.0,"key":"SMITH"},{"floor":10.0,"key":"REST"},{"data":"Defragment","floor":15.0,"key":"SMITH"},{"data":"Loop","floor":23.0,"key":"SMITH"},{"data":"Sunder","floor":27.0,"key":"SMITH"},{"data":"Zap","floor":29.0,"key":"SMITH"},{"floor":32,"key":"REST"},{"floor":40,"key":"REST"},{"floor":44,"key":"REST"}],"neow_cost":"NONE","seed_source_timestamp":0,"circlet_count":0,"master_deck":["AscendersBane","Strike_B","Strike_B","Defend_B","Defend_B","Defend_B","Defend_B+1","Zap+1","Dualcast","Conserve Battery","Conserve Battery","Loop+1","Self Repair","Coolheaded","Loop+1","Defragment+1","Meteor Strike","Sunder+1","Static Discharge","Turbo","Gash","Echo Form","Core Surge+1","Streamline+1","Rebound+1","Capacitor","Echo Form+1"],"special_seed":0,"relics":["Cracked Core","Bag of Preparation","DataDisk","Ice Cream","Emotion Chip","Nuclear Battery","Juzu Bracelet","Cables","Mercury Hourglass","Toxic Egg 2","Molten Egg 2","Fusion Hammer","Frozen Egg 2","Mummified Hand"],"potions_floor_usage":[31,33,41],"damage_taken":[{"damage":4.0,"enemies":"Jaw Worm","floor":1.0,"turns":4.0},{"damage":0.0,"enemies":"2 Louse","floor":5.0,"turns":2.0},{"damage":43.0,"enemies":"Lagavulin","floor":7.0,"turns":8.0},{"damage":0.0,"enemies":"Cultist","floor":11.0,"turns":3.0},{"damage":26.0,"enemies":"3 Sentries","floor":12.0,"turns":11.0},{"damage":4.0,"enemies":"Blue Slaver","floor":13.0,"turns":4.0},{"damage":1.0,"enemies":"Large Slime","floor":14.0,"turns":5.0},{"damage":21.0,"enemies":"The Guardian","floor":16.0,"turns":9.0},{"damage":22.0,"enemies":"Spheric Guardian","floor":18.0,"turns":4.0},{"damage":7.0,"enemies":"2 Thieves","floor":20.0,"turns":4.0},{"damage":3.0,"enemies":"Sentry and Sphere","floor":28.0,"turns":4.0},{"damage":29,"enemies":"Gremlin Leader","floor":31,"turns":5},{"damage":31,"enemies":"Collector","floor":33,"turns":10},{"damage":23,"enemies":"3 Darklings","floor":35,"turns":3},{"damage":8,"enemies":"3 Shapes","floor":37,"turns":4},{"damage":61,"enemies":"Nemesis","floor":41,"turns":7},{"damage":47,"enemies":"Reptomancer","floor":45,"turns":3}],"seed_played":"2481087171895047585","potions_obtained":[{"floor":7.0,"key":"AttackPotion"},{"floor":12.0,"key":"Ancient Potion"},{"floor":14.0,"key":"Poison Potion"},{"floor":18.0,"key":"SkillPotion"},{"floor":31,"key":"Weak Potion"},{"floor":35,"key":"SneckoOil"},{"floor":37,"key":"EssenceOfSteel"}],"is_trial":false,"path_per_floor":["M","?","?","$","M","R","E","$","T","R","M","E","M","M","R","B",null,"M","?","M","$","?","R","?","?","T","R","M","R","T","E","R","B",null,"M","?","M","$","?","R","E","?","T","R","E"],"character_chosen":"DEFECT","items_purchased":["Conserve Battery","DataDisk","Juzu Bracelet","Capacitor"],"campfire_rested":4,"item_purchase_floors":[4,8,21,38],"current_hp_per_floor":[60,60,60,60,60,60,17,17,17,38,45,26,29,35,35,21,59,44,37,37,37,37,37,37,37,37,37,34,34,34,12,33,9,56,40,54,53,53,53,71,10,10,10,31,0],"gold":261,"neow_bonus":"TRANSFORM_CARD","is_prod":false,"is_daily":false,"chose_seed":false,"campfire_upgraded":5,"win_rate":0,"timestamp":1558681363,"path_taken":["M","?","?","$","M","R","E","$","T","R","M","E","M","M","R","BOSS","M","?","?","$","?","R","?","?","T","R","M","R","?","E","R","BOSS","M","?","M","$","?","R","E","?","T","R","E"],"build_version":"2019-01-23","purchased_purges":3,"victory":false,"max_hp_per_floor":[71,71,71,71,71,71,71,71,71,71,71,71,71,71,71,71,71,71,71,71,71,71,71,71,71,71,71,71,71,71,71,71,71,71,71,71,71,71,71,71,71,71,71,71,71],"card_choices":[{"not_picked":["Hologram","Beam Cell"],"picked":"Conserve Battery","floor":1.0},{"not_picked":["Coolheaded","Heatsinks"],"picked":"Loop","floor":5.0},{"not_picked":["Barrage","Recycle"],"picked":"Self Repair","floor":7.0},{"not_picked":["Redo","Steam"],"picked":"Coolheaded","floor":11.0},{"not_picked":["Chaos","Conserve Battery"],"picked":"Loop","floor":12.0},{"not_picked":["Turbo","Stack","Go for the Eyes"],"picked":"SKIP","floor":13.0},{"not_picked":["Turbo","Self Repair"],"picked":"Defragment","floor":14.0},{"not_picked":["Hyperbeam","Biased Cognition"],"picked":"Meteor Strike","floor":16.0},{"not_picked":["Steam+1","Barrage"],"picked":"Sunder","floor":18.0},{"not_picked":["Turbo","Redo"],"picked":"Static Discharge","floor":20.0},{"not_picked":["Turbo+1","Beam Cell+1","Steam Power"],"picked":"SKIP","floor":28.0},{"not_picked":["Loop","Conserve Battery+1"],"picked":"Echo Form","floor":31},{"not_picked":["All For One+1","Biased Cognition"],"picked":"Core Surge+1","floor":33},{"not_picked":["Double Energy+1","Sweeping Beam+1"],"picked":"Streamline+1","floor":35},{"not_picked":["Fusion+1","Streamline+1"],"picked":"Rebound+1","floor":37},{"not_picked":["Barrage+1","Rainbow+1"],"picked":"Echo Form","floor":41}],"player_experience":760057,"relics_obtained":[{"floor":7.0,"key":"Bag of Preparation"},{"floor":9.0,"key":"Ice Cream"},{"floor":12.0,"key":"Emotion Chip"},{"floor":26.0,"key":"Mercury Hourglass"},{"floor":30,"key":"Toxic Egg 2"},{"floor":31,"key":"Molten Egg 2"},{"floor":41,"key":"Frozen Egg 2"},{"floor":43,"key":"Mummified Hand"}],"event_choices":[{"damage_healed":0.0,"max_hp_gain":0.0,"max_hp_loss":0.0,"gold_gain":150.0,"event_name":"Liars Game","player_choice":"AGREE","floor":2.0,"gold_loss":0.0,"damage_taken":0.0,"cards_obtained":["Doubt"]},{"damage_healed":0.0,"max_hp_gain":0.0,"max_hp_loss":0.0,"gold_gain":0.0,"event_name":"Golden Idol","player_choice":"Take Wound","floor":3.0,"gold_loss":0.0,"damage_taken":0.0,"relics_obtained":["Golden Idol"],"cards_obtained":["Injury"]},{"damage_healed":0.0,"max_hp_gain":0.0,"max_hp_loss":0.0,"gold_gain":50.0,"event_name":"FaceTrader","player_choice":"Touch","floor":19.0,"gold_loss":0.0,"damage_taken":7.0},{"damage_healed":0.0,"max_hp_gain":0.0,"max_hp_loss":0.0,"gold_gain":0.0,"cards_transformed":["Strike_B","Blizzard"],"event_name":"Drug Dealer","player_choice":"Became Test Subject","floor":22.0,"gold_loss":0.0,"damage_taken":0.0,"cards_obtained":["Turbo","Gash"]},{"damage_healed":0.0,"max_hp_gain":0.0,"max_hp_loss":0.0,"gold_gain":0.0,"event_name":"Addict","player_choice":"Stole Relic","floor":24.0,"gold_loss":0.0,"damage_taken":0.0,"relics_obtained":["Cables"],"cards_obtained":["Shame"]},{"damage_healed":0.0,"max_hp_gain":0.0,"max_hp_loss":0.0,"gold_gain":0.0,"event_name":"Beggar","player_choice":"Ignored","floor":25.0,"gold_loss":0.0,"damage_taken":0.0},{"damage_healed":14,"gold_gain":0,"player_choice":"Writhe","damage_taken":0,"max_hp_gain":0,"max_hp_loss":0,"event_name":"Winding Halls","floor":36,"gold_loss":0,"cards_obtained":["Writhe"]},{"damage_healed":0,"gold_gain":333,"player_choice":"Gave Idol","damage_taken":0,"max_hp_gain":0,"max_hp_loss":0,"event_name":"The Moai Head","floor":39,"relics_lost":["Golden Idol"],"gold_loss":0},{"cards_removed":["Shame"],"damage_healed":0,"gold_gain":0,"player_choice":"Upgrade and Remove","damage_taken":0,"max_hp_gain":0,"max_hp_loss":0,"event_name":"Designer","floor":42,"gold_loss":110,"cards_upgraded":["Defend_B"]}],"is_beta":false,"boss_relics":[{"not_picked":["Calling Bell","White Beast Statue"],"picked":"Nuclear Battery"},{"not_picked":["Lizard Tail","Orrery"],"picked":"Fusion Hammer"}],"items_purged_floors":[4,21,38],"is_endless":false,"potions_floor_spawned":[7,12,14,18,31,35,37],"killed_by":"Reptomancer","ascension_level":19}