{"gold_per_floor":[109,120,139,214,214,214,231,231,254,254,289,72,98,113,113,211,211,230,216,131,148,57,91,91,120,120,154,154,174,174,237,237,338,338,355,403,419,437,1,1,31,31,78,92,104,104,104,3,3,3,3,3,3,37,37],"floor_reached":55,"playtime":6880,"items_purged":["Defend_B","Strike_B","Strike_B","Strike_B"],"score":846,"play_id":"2c87c869-c124-4626-b48c-ec1c4bfaa3d6","local_time":"20190710130243","is_ascension_mode":true,"campfire_choices":[{"data":"Zap","floor":6,"key":"SMITH"},{"data":"Dualcast","floor":8,"key":"SMITH"},{"data":"Genetic Algorithm","floor":10,"key":"SMITH"},{"data":"Chill","floor":15,"key":"SMITH"},{"floor":24,"key":"REST"},{"floor":28,"key":"REST"},{"floor":30,"key":"REST"},{"data":"Machine Learning","floor":32,"key":"SMITH"},{"floor":40,"key":"RECALL"},{"floor":46,"key":"REST"},{"floor":49,"key":"REST"},{"data":"Apotheosis","floor":52,"key":"SMITH"}],"neow_cost":"NONE","seed_source_timestamp":266972727599,"circlet_count":0,"master_deck":["Defend_B","Defend_B","Zap+1","Dualcast+1","Ball Lightning","Genetic Algorithm+1","Self Repair","Go for the Eyes","Rip and Tear","All For One","Glacier","Gash","Chill+1","Machine Learning+1","Chill","Gash","Capacitor","Defragment","Hologram","Hologram","Stack","Rebound","Seek","Machine Learning+1","Beam Cell+1","Rebound+1","Go for the Eyes","Apotheosis+1","Capacitor+1","Gash","Steam Power","Zap","Amplify","Gash","Gash+1"],"relics":["Cracked Core","PreservedInsect","Bag of Marbles","Smiling Mask","Philosopher\u0027s Stone","Sundial","Incense Burner","Dead Branch","Frozen Egg 2","Letter Opener","Tiny Chest","Lizard Tail","StoneCalendar","Ancient Tea Set","Singing Bowl","FossilizedHelix"],"potions_floor_usage":[11,16,33,35,36,44,44,50,50],"damage_taken":[{"damage":1,"enemies":"Cultist","floor":1,"turns":3},{"damage":2,"enemies":"Small Slimes","floor":2,"turns":4},{"damage":1,"enemies":"Jaw Worm","floor":3,"turns":3},{"damage":0,"enemies":"Large Slime","floor":7,"turns":4},{"damage":12,"enemies":"3 Sentries","floor":11,"turns":4},{"damage":10,"enemies":"Gremlin Nob","floor":13,"turns":3},{"damage":5,"enemies":"3 Louse","floor":14,"turns":3},{"damage":35,"enemies":"The Guardian","floor":16,"turns":10},{"damage":13,"enemies":"3 Byrds","floor":18,"turns":5},{"damage":5,"enemies":"2 Thieves","floor":19,"turns":4},{"damage":24,"enemies":"Chosen and Byrds","floor":21,"turns":5},{"damage":17,"enemies":"Gremlin Leader","floor":23,"turns":7},{"damage":50,"enemies":"Slavers","floor":25,"turns":5},{"damage":12,"enemies":"Book of Stabbing","floor":27,"turns":3},{"damage":17,"enemies":"Shelled Parasite and Fungi","floor":29,"turns":5},{"damage":0,"enemies":"Gremlin Leader","floor":31,"turns":4},{"damage":2,"enemies":"Collector","floor":33,"turns":9},{"damage":10,"enemies":"3 Darklings","floor":35,"turns":6},{"damage":27,"enemies":"2 Orb Walkers","floor":36,"turns":5},{"damage":12,"enemies":"Orb Walker","floor":37,"turns":3},{"damage":0,"enemies":"Transient","floor":38,"turns":5},{"damage":35,"enemies":"Giant Head","floor":41,"turns":7},{"damage":12,"enemies":"4 Shapes","floor":44,"turns":3},{"damage":6,"enemies":"Maw","floor":45,"turns":7},{"damage":44,"enemies":"Awakened One","floor":50,"turns":6},{"damage":31,"enemies":"Shield and Spear","floor":54,"turns":6},{"damage":103,"enemies":"The Heart","floor":55,"turns":6}],"seed_played":"6949281602820269139","potions_obtained":[{"floor":3,"key":"Poison Potion"},{"floor":14,"key":"GamblersBrew"},{"floor":16,"key":"Energy Potion"},{"floor":21,"key":"AttackPotion"},{"floor":25,"key":"Explosive Potion"},{"floor":29,"key":"Explosive Potion"},{"floor":31,"key":"Energy Potion"},{"floor":35,"key":"SkillPotion"},{"floor":36,"key":"FocusPotion"},{"floor":42,"key":"Fruit Juice"},{"floor":42,"key":"GamblersBrew"},{"floor":45,"key":"Energy Potion"}],"is_trial":false,"path_per_floor":["M","M","M","?","?","R","M","R","T","R","E","$","E","M","R","B",null,"M","M","?","M","$","E","R","E","T","E","R","M","R","E","R","B",null,"M","?","M","M","$","R","E","?","T","M","M","R","?","$","R","B",null,"R","$","E","B"],"character_chosen":"DEFECT","items_purchased":["All For One","Glacier","Defragment","Apotheosis","Capacitor+1","Ancient Tea Set","Gash"],"campfire_rested":5,"item_purchase_floors":[12,12,22,39,39,39,48],"current_hp_per_floor":[74,72,71,60,53,53,60,60,60,60,55,55,52,54,54,26,75,69,71,71,54,54,44,66,23,23,11,33,23,45,52,52,50,75,72,52,40,47,47,47,22,22,22,25,31,55,55,55,79,35,82,82,82,61,0],"gold":37,"neow_bonus":"REMOVE_CARD","is_prod":false,"is_daily":false,"chose_seed":false,"campfire_upgraded":6,"win_rate":0,"timestamp":1562756563,"path_taken":["M","M","M","?","?","R","M","R","T","R","E","?","E","M","R","BOSS","M","M","?","M","$","E","R","E","T","E","R","M","R","E","R","BOSS","M","?","M","M","$","R","E","?","T","M","?","R","?","$","R","BOSS","R","$","E","BOSS"],"build_version":"2019-07-05","purchased_purges":4,"victory":false,"max_hp_per_floor":[75,75,75,75,75,75,75,75,75,75,75,75,75,75,75,75,75,75,75,75,75,75,75,75,75,75,75,75,75,75,75,75,75,75,75,75,75,75,75,75,75,75,75,80,82,82,82,82,82,82,82,82,82,82,82],"card_choices":[{"not_picked":["Hologram","Storm"],"picked":"Ball Lightning","floor":1},{"not_picked":["Barrage","Ball Lightning"],"picked":"Genetic Algorithm","floor":2},{"not_picked":["Steam","Compile Driver"],"picked":"Self Repair","floor":3},{"not_picked":["Recycle","Turbo"],"picked":"Go for the Eyes","floor":7},{"not_picked":["Aggregate","Beam Cell"],"picked":"Rip and Tear","floor":11},{"not_picked":["Skim","Undo"],"picked":"Gash","floor":13},{"not_picked":["Stack","Creative AI"],"picked":"Chill","floor":14},{"not_picked":["Amplify","Buffer"],"picked":"Machine Learning","floor":16},{"not_picked":["Stack+1","Hologram"],"picked":"Chill","floor":18},{"not_picked":["Steam","Echo Form"],"picked":"Gash","floor":19},{"not_picked":["Barrage+1","Chaos"],"picked":"Capacitor","floor":21},{"not_picked":["Rip and Tear","Streamline+1"],"picked":"Hologram","floor":23},{"not_picked":["Storm","Core Surge"],"picked":"Hologram","floor":25},{"not_picked":["Sunder+1","Cold Snap"],"picked":"Stack","floor":27},{"not_picked":["Chaos","Coolheaded"],"picked":"Rebound","floor":29},{"not_picked":["Chaos","Creative AI+1"],"picked":"Seek","floor":31},{"not_picked":["Creative AI+1","Hyperbeam"],"picked":"Machine Learning+1","floor":33},{"not_picked":["Hologram+1","Leap"],"picked":"Beam Cell+1","floor":35},{"not_picked":["Ball Lightning","Streamline"],"picked":"Rebound+1","floor":36},{"not_picked":["Hologram+1","Steam Power"],"picked":"Go for the Eyes","floor":37},{"not_picked":["Force Field+1","Lockon+1","Coolheaded"],"picked":"SKIP","floor":38},{"not_picked":["Barrage","Reboot"],"picked":"Gash","floor":41},{"not_picked":["Streamline","Beam Cell"],"picked":"Steam Power","floor":44},{"not_picked":["Force Field+1","Auto Shields+1","Ball Lightning"],"picked":"Singing Bowl","floor":45},{"not_picked":["Sunder","Ball Lightning"],"picked":"Gash+1","floor":54}],"player_experience":120145,"relics_obtained":[{"floor":9,"key":"PreservedInsect"},{"floor":11,"key":"Bag of Marbles"},{"floor":13,"key":"Smiling Mask"},{"floor":23,"key":"Incense Burner"},{"floor":25,"key":"Dead Branch"},{"floor":26,"key":"Frozen Egg 2"},{"floor":27,"key":"Letter Opener"},{"floor":31,"key":"Tiny Chest"},{"floor":36,"key":"StoneCalendar"},{"floor":41,"key":"Singing Bowl"},{"floor":54,"key":"FossilizedHelix"}],"event_choices":[{"damage_healed":0,"gold_gain":75,"player_choice":"Gather Gold","damage_taken":11,"max_hp_gain":0,"max_hp_loss":0,"event_name":"World of Goop","floor":4,"gold_loss":0},{"cards_removed":["Defend_B"],"damage_healed":0,"gold_gain":0,"player_choice":"Card Removal","damage_taken":7,"max_hp_gain":0,"max_hp_loss":0,"event_name":"Golden Wing","floor":5,"gold_loss":0},{"damage_healed":0,"gold_gain":0,"player_choice":"Obtained Relic","damage_taken":0,"relics_obtained":["Sundial"],"max_hp_gain":0,"max_hp_loss":0,"event_name":"Addict","floor":20,"gold_loss":85},{"damage_healed":0,"gold_gain":0,"player_choice":"Fight","damage_taken":0,"max_hp_gain":0,"max_hp_loss":0,"event_name":"Mysterious Sphere","floor":36,"gold_loss":0},{"damage_healed":0,"gold_gain":0,"player_choice":"Got Potions","damage_taken":0,"max_hp_gain":0,"max_hp_loss":0,"event_name":"Lab","floor":42,"gold_loss":0},{"damage_healed":0,"gold_gain":0,"player_choice":"2 cards matched","damage_taken":0,"max_hp_gain":0,"max_hp_loss":0,"event_name":"Match and Keep!","floor":47,"gold_loss":0,"cards_obtained":["Zap","Amplify"]}],"is_beta":false,"boss_relics":[{"not_picked":["Ectoplasm","Busted Crown"],"picked":"Philosopher\u0027s Stone"},{"not_picked":["Nuclear Battery","Empty Cage"],"picked":"Lizard Tail"}],"items_purged_floors":[12,22,39,48],"is_endless":false,"potions_floor_spawned":[3,14,16,21,25,29,31,35,36,45],"killed_by":"The Heart","ascension_level":1}