{"gold_per_floor":[114,114,129,11,26,26,56,71,96,126,126,126,126,156,156,256,256,271,286,16,31,106,106,106],"floor_reached":24,"playtime":1320,"items_purged":[],"score":239,"play_id":"d3571b8a-9d2c-4c8d-99b1-0d096222cd0a","local_time":"20181229044443","daily_mods":["SealedDeck","Blue Cards","Elite Swarm"],"is_ascension_mode":false,"campfire_choices":[{"data":"Storm","floor":6,"key":"SMITH"},{"data":"Creative AI","floor":11,"key":"SMITH"},{"data":"Sunder","floor":15,"key":"SMITH"},{"floor":23,"key":"REST"}],"neow_cost":"","seed_source_timestamp":0,"circlet_count":0,"master_deck":["Iron Wave","Stack","Chaos+1","Conserve Battery","Auto Shields","Ball Lightning","Go for the Eyes","Feel No Pain","Turbo","Flex","Sunder+1","Evolve","Storm+1","Sweeping Beam","Sentinel","Creative AI+1","Fire Breathing+1","Thunder Strike","Barricade","Decay","Injury","Normality","Doom and Gloom+1","Scrape","Panache","Hello World","Fire Breathing"],"special_seed":17894,"relics":["Burning Blood","CultistMask","Kunai","Juzu Bracelet","Mercury Hourglass","StoneCalendar","Calling Bell","Smiling Mask","Gremlin Horn","Champion Belt","Pear"],"potions_floor_usage":[16,16,16,24],"damage_taken":[{"damage":0,"enemies":"2 Louse","floor":1,"turns":3},{"damage":0,"enemies":"Cultist","floor":3,"turns":4},{"damage":1,"enemies":"Small Slimes","floor":5,"turns":3},{"damage":40,"enemies":"Gremlin Nob","floor":7,"turns":6},{"damage":7,"enemies":"Looter","floor":8,"turns":3},{"damage":24,"enemies":"Lagavulin","floor":10,"turns":6},{"damage":25,"enemies":"Gremlin Nob","floor":14,"turns":4},{"damage":11,"enemies":"Slime Boss","floor":16,"turns":7},{"damage":37,"enemies":"Shell Parasite","floor":18,"turns":4},{"damage":24,"enemies":"2 Thieves","floor":19,"turns":3},{"damage":32,"enemies":"Sentry and Sphere","floor":21,"turns":4},{"damage":57,"enemies":"Book of Stabbing","floor":24,"turns":5}],"seed_played":"-4967362321938783181","potions_obtained":[{"floor":1,"key":"FearPotion"},{"floor":5,"key":"Fire Potion"},{"floor":8,"key":"GamblersBrew"},{"floor":21,"key":"Swift Potion"}],"is_trial":false,"path_per_floor":["M","?","M","$","M","R","E","M","T","E","R","?","?","E","R","B",null,"M","M","$","M","T","R","E"],"character_chosen":"IRONCLAD","items_purchased":["Storm","Sweeping Beam","Panache","Hello World"],"campfire_rested":1,"item_purchase_floors":[4,4,20,20],"current_hp_per_floor":[80,80,80,80,80,80,46,45,45,27,27,11,90,71,71,66,90,59,41,41,15,25,55,0],"gold":106,"neow_bonus":"","is_prod":false,"is_daily":true,"chose_seed":false,"campfire_upgraded":3,"win_rate":0,"timestamp":1546076683,"path_taken":["M","?","?","?","M","R","E","?","T","E","R","?","?","E","R","BOSS","M","M","$","M","?","R","E"],"build_version":"2018-12-20","purchased_purges":0,"victory":false,"max_hp_per_floor":[80,80,80,80,80,80,80,80,80,80,80,80,90,90,90,90,90,90,90,90,90,100,100,100],"card_choices":[{"not_picked":["Sever Soul","Rebound"],"picked":"Sunder","floor":1},{"not_picked":["Go for the Eyes","Streamline"],"picked":"Evolve","floor":3},{"not_picked":["Blood for Blood","Ghostly Armor"],"picked":"Sentinel","floor":5},{"not_picked":["Limit Break","Reaper"],"picked":"Creative AI","floor":7},{"not_picked":["Warcry","Redo"],"picked":"Fire Breathing","floor":8},{"not_picked":["Amplify","Fission"],"picked":"Biased Cognition","floor":10},{"not_picked":["Impervious","Berserk"],"picked":"Thunder Strike","floor":14},{"not_picked":["Brutality","Dark Embrace"],"picked":"Barricade","floor":16},{"not_picked":["Steam+1","Double Energy"],"picked":"Doom and Gloom+1","floor":18},{"not_picked":["Pommel Strike","Rupture"],"picked":"Scrape","floor":19},{"not_picked":["Darkness","Clothesline+1"],"picked":"Fire Breathing","floor":21}],"player_experience":523801,"relics_obtained":[{"floor":7,"key":"Kunai"},{"floor":9,"key":"Juzu Bracelet"},{"floor":10,"key":"Mercury Hourglass"},{"floor":14,"key":"StoneCalendar"},{"floor":17,"key":"Smiling Mask"},{"floor":17,"key":"Gremlin Horn"},{"floor":17,"key":"Champion Belt"},{"floor":22,"key":"Pear"}],"event_choices":[{"damage_healed":0,"gold_gain":0,"player_choice":"Trade","damage_taken":0,"relics_obtained":["CultistMask"],"max_hp_gain":0,"max_hp_loss":0,"event_name":"FaceTrader","floor":2,"gold_loss":0},{"damage_healed":0,"gold_gain":0,"player_choice":"Entered Light","damage_taken":16,"max_hp_gain":0,"max_hp_loss":0,"event_name":"Shining Light","floor":12,"gold_loss":0,"cards_upgraded":["Chaos","Fire Breathing"]},{"cards_removed":["Biased Cognition"],"damage_healed":69,"gold_gain":0,"player_choice":"Offered Rare","damage_taken":0,"max_hp_gain":10,"max_hp_loss":0,"event_name":"Bonfire Elementals","floor":13,"gold_loss":0}],"is_beta":false,"boss_relics":[{"not_picked":["Cursed Key","Busted Crown"],"picked":"Calling Bell"}],"items_purged_floors":[],"is_endless":false,"potions_floor_spawned":[1,5,8,10,21],"killed_by":"Book of Stabbing","ascension_level":0}