{"gold_per_floor":[111,126,137,153,153,153,185,185,185,205,205,221,221,121,121,220,220,240,113,113,139,65,77,77,88,113,125,125,150,166,184,184,282,282,292,305,320,335,335,335,33,53,53,53,53,0,24,37,37,37],"floor_reached":51,"playtime":1871,"items_purged":["Defend_R","Strike_R"],"score":771,"play_id":"f993f770-4019-4b87-a01d-31155df450a2","local_time":"20190707215840","is_ascension_mode":false,"campfire_choices":[{"data":"Flex","floor":6,"key":"SMITH"},{"data":"Metallicize","floor":11,"key":"SMITH"},{"data":"Double Tap","floor":13,"key":"SMITH"},{"data":"Bash","floor":15,"key":"SMITH"},{"data":"Limit Break","floor":28,"key":"SMITH"},{"data":"Armaments","floor":32,"key":"SMITH"},{"floor":40,"key":"RECALL"}],"neow_cost":"NONE","seed_source_timestamp":887840612332,"circlet_count":0,"master_deck":["Defend_R","Defend_R","Defend_R","Bash+1","Flex+1","Flex+1","Metallicize+1","Thunderclap","Double Tap+1","Clash","Limit Break+1","Disarm+1","Armaments+1","Clash","Flex","Shockwave+1","Bite","Bite","Bite","Bite","Bite","Flex","Clash+1","Disarm","Infernal Blade+1","Feed+1","Disarm","Battle Trance","Doubt","True Grit+1"],"relics":["Black Star","Bottled Lightning","Juzu Bracelet","Singing Bowl","Coffee Dripper","Enchiridion","Bag of Marbles","Molten Egg 2","Matryoshka","Fusion Hammer","Magic Flower","Vajra","Bottled Tornado","Red Mask","Oddly Smooth Stone","Potion Belt"],"potions_floor_usage":[7,7,7,18,23,25,33,38,50,50],"damage_taken":[{"damage":1,"enemies":"Cultist","floor":1,"turns":3},{"damage":6,"enemies":"2 Louse","floor":2,"turns":3},{"damage":5,"enemies":"Small Slimes","floor":3,"turns":3},{"damage":9,"enemies":"Exordium Wildlife","floor":4,"turns":3},{"damage":0,"enemies":"3 Sentries","floor":7,"turns":5},{"damage":4,"enemies":"Exordium Thugs","floor":10,"turns":5},{"damage":3,"enemies":"Blue Slaver","floor":12,"turns":3},{"damage":47,"enemies":"The Guardian","floor":16,"turns":10},{"damage":22,"enemies":"Shell Parasite","floor":18,"turns":4},{"damage":0,"enemies":"Chosen","floor":23,"turns":4},{"damage":12,"enemies":"Shelled Parasite and Fungi","floor":25,"turns":4},{"damage":12,"enemies":"Snake Plant","floor":27,"turns":3},{"damage":34,"enemies":"Slavers","floor":29,"turns":8},{"damage":0,"enemies":"Centurion and Healer","floor":30,"turns":2},{"damage":10,"enemies":"Cultist and Chosen","floor":31,"turns":6},{"damage":60,"enemies":"Automaton","floor":33,"turns":10},{"damage":13,"enemies":"Orb Walker","floor":35,"turns":3},{"damage":4,"enemies":"3 Darklings","floor":36,"turns":4},{"damage":28,"enemies":"Transient","floor":37,"turns":5},{"damage":10,"enemies":"4 Shapes","floor":38,"turns":7},{"damage":58,"enemies":"Sphere and 2 Shapes","floor":42,"turns":7},{"damage":19,"enemies":"Maw","floor":48,"turns":8},{"damage":98,"enemies":"Awakened One","floor":50,"turns":12}],"seed_played":"9056484809261988260","potions_obtained":[{"floor":2,"key":"EssenceOfSteel"},{"floor":3,"key":"Explosive Potion"},{"floor":4,"key":"FearPotion"},{"floor":12,"key":"Energy Potion"},{"floor":18,"key":"AttackPotion"},{"floor":23,"key":"BloodPotion"},{"floor":29,"key":"BloodPotion"},{"floor":30,"key":"SpeedPotion"},{"floor":36,"key":"Block Potion"},{"floor":37,"key":"Dexterity Potion"}],"is_trial":false,"path_per_floor":["M","M","M","M","?","R","E","?","T","M","R","M","R","$","R","B",null,"M","$","?","T","$","M","?","M","T","M","R","E","M","M","R","B",null,"M","M","M","M","$","R","$","M","T","?","R","?","T","M","R","B",null],"character_chosen":"IRONCLAD","items_purchased":["Clash","Armaments","Clash","Flex","Magic Flower"],"campfire_rested":0,"item_purchase_floors":[14,19,22,22,41],"current_hp_per_floor":[79,73,68,59,64,64,64,64,64,60,60,59,59,59,59,12,87,65,65,49,49,49,51,51,70,70,62,62,49,53,55,55,45,89,82,89,71,73,73,73,73,43,43,99,99,99,99,99,99,50],"gold":37,"neow_bonus":"BOSS_RELIC","is_prod":false,"is_daily":false,"chose_seed":false,"campfire_upgraded":6,"win_rate":0,"timestamp":1562558320,"path_taken":["M","?","M","M","?","R","E","?","T","M","R","M","R","?","R","BOSS","M","$","?","?","?","M","?","M","T","M","R","E","M","M","R","BOSS","M","M","M","M","$","R","$","M","T","?","R","?","?","M","R","BOSS"],"build_version":"2019-07-05","purchased_purges":2,"victory":true,"max_hp_per_floor":[80,80,80,80,85,85,85,85,85,85,85,87,87,87,87,87,87,87,87,87,87,87,87,87,89,89,89,89,89,89,89,89,89,89,91,91,93,97,97,97,97,99,99,99,99,99,99,99,99,99],"card_choices":[{"not_picked":["Body Slam","Searing Blow"],"picked":"Flex","floor":1},{"not_picked":["Rupture","Clothesline"],"picked":"Flex","floor":2},{"not_picked":["Clash","Seeing Red"],"picked":"Metallicize","floor":3},{"not_picked":["Warcry","Hemokinesis"],"picked":"Thunderclap","floor":4},{"not_picked":["Body Slam","Dual Wield","Searing Blow"],"picked":"SKIP","floor":7},{"not_picked":["Seeing Red","Blood for Blood"],"picked":"Double Tap","floor":10},{"not_picked":["Wild Strike","Sentinel","Thunderclap"],"picked":"Singing Bowl","floor":12},{"not_picked":["Demon Form","Brutality"],"picked":"Limit Break","floor":16},{"not_picked":["Hemokinesis+1","Blood for Blood"],"picked":"Disarm+1","floor":18},{"not_picked":["Wild Strike+1","Body Slam"],"picked":"Shockwave+1","floor":23},{"not_picked":["Armaments","Thunderclap","Perfected Strike"],"picked":"Singing Bowl","floor":25},{"not_picked":["Sever Soul","Sword Boomerang"],"picked":"Flex","floor":27},{"not_picked":["Evolve","Headbutt"],"picked":"Clash","floor":29},{"not_picked":["Spot Weakness","Thunderclap+1"],"picked":"Disarm","floor":30},{"not_picked":["Blood for Blood+1","Wild Strike+1"],"picked":"Infernal Blade+1","floor":31},{"not_picked":["Impervious","Dark Embrace"],"picked":"Feed+1","floor":33},{"not_picked":["Entrench","Shrug It Off","Pommel Strike+1"],"picked":"Singing Bowl","floor":35},{"not_picked":["Searing Blow+1","Pommel Strike+1"],"picked":"Disarm","floor":36},{"not_picked":["Bloodletting+1","Fire Breathing+1","Warcry"],"picked":"Singing Bowl","floor":37},{"not_picked":["Rupture","Headbutt+1"],"picked":"Battle Trance","floor":38},{"not_picked":["Thunderclap+1","Warcry+1","Havoc+1"],"picked":"Singing Bowl","floor":42},{"not_picked":["Cleave+1","Bloodletting"],"picked":"True Grit+1","floor":48}],"player_experience":1547033,"relics_obtained":[{"floor":7,"key":"Bottled Lightning"},{"floor":7,"key":"Juzu Bracelet"},{"floor":9,"key":"Singing Bowl"},{"floor":20,"key":"Enchiridion"},{"floor":21,"key":"Blood Vial"},{"floor":26,"key":"Bag of Marbles"},{"floor":29,"key":"Molten Egg 2"},{"floor":29,"key":"Matryoshka"},{"floor":43,"key":"Vajra"},{"floor":43,"key":"Bottled Tornado"},{"floor":47,"key":"Oddly Smooth Stone"},{"floor":47,"key":"Potion Belt"}],"event_choices":[{"damage_healed":0,"gold_gain":0,"player_choice":"Donut","damage_taken":0,"max_hp_gain":5,"max_hp_loss":0,"event_name":"Big Fish","floor":5,"gold_loss":0},{"damage_healed":0,"gold_gain":0,"player_choice":"Grow","damage_taken":0,"max_hp_gain":0,"max_hp_loss":0,"event_name":"Living Wall","floor":8,"gold_loss":0,"cards_upgraded":["Flex"]},{"damage_healed":0,"gold_gain":0,"player_choice":"Obtained Book","damage_taken":16,"max_hp_gain":0,"max_hp_loss":0,"event_name":"Cursed Tome","floor":20,"gold_loss":0},{"damage_healed":0,"gold_gain":0,"player_choice":"Became a vampire (Vial)","damage_taken":0,"max_hp_gain":0,"max_hp_loss":0,"event_name":"Vampires","floor":24,"relics_lost":["Blood Vial"],"gold_loss":0,"cards_obtained":["Bite","Bite","Bite","Bite","Bite"]},{"damage_healed":56,"gold_gain":0,"player_choice":"Heal","damage_taken":0,"max_hp_gain":0,"max_hp_loss":0,"event_name":"MindBloom","floor":44,"gold_loss":0,"cards_obtained":["Doubt"]},{"damage_healed":0,"gold_gain":0,"player_choice":"Paid","damage_taken":0,"relics_obtained":["Red Mask"],"max_hp_gain":0,"max_hp_loss":0,"event_name":"Tomb of Lord Red Mask","floor":46,"gold_loss":53}],"is_beta":false,"boss_relics":[{"not_picked":["Orrery","Snecko Eye"],"picked":"Coffee Dripper"},{"not_picked":["Philosopher\u0027s Stone","Astrolabe"],"picked":"Fusion Hammer"}],"items_purged_floors":[14,19],"is_endless":false,"potions_floor_spawned":[2,3,4,12,18,23,29,30,36,37],"ascension_level":0}