{"gold_per_floor":[111,111,129,145,145,171,171,121,121,151,151,43,60,76,76,173,223,236,196,210,226,241,241],"floor_reached":23,"playtime":2049,"items_purged":[],"score":213,"play_id":"c425544d-ab9f-4656-854b-e3df90b6a8bb","local_time":"20190118160545","is_ascension_mode":true,"campfire_choices":[{"data":"Zap","floor":7,"key":"SMITH"},{"floor":11,"key":"REST"},{"floor":15,"key":"REST"}],"neow_cost":"NONE","seed_source_timestamp":109094135708101,"circlet_count":0,"master_deck":["Strike_B","Strike_B","Strike_B","Strike_B","Defend_B","Defend_B","Defend_B","Defend_B","Zap+1","Dualcast","Go for the Eyes","FTL+1","Hello World","BootSequence+1","Turbo+1","Storm+1","Genetic Algorithm+1","Turbo+1","Melter","Meteor Strike","Turbo+1","BootSequence+1","Beam Cell","Sweeping Beam","Genetic Algorithm+1"],"relics":["Cracked Core","Smiling Mask","Toxic Egg 2","Darkstone Periapt","Pantograph","Orichalcum","Tiny House"],"potions_floor_usage":[10,16,16,21,21,22,23],"damage_taken":[{"damage":1,"enemies":"2 Louse","floor":1,"turns":3},{"damage":0,"enemies":"Small Slimes","floor":3,"turns":3},{"damage":1,"enemies":"Jaw Worm","floor":4,"turns":3},{"damage":39,"enemies":"3 Sentries","floor":6,"turns":7},{"damage":9,"enemies":"Gremlin Nob","floor":10,"turns":4},{"damage":0,"enemies":"Exordium Wildlife","floor":13,"turns":3},{"damage":29,"enemies":"Gremlin Gang","floor":14,"turns":5},{"damage":7,"enemies":"The Guardian","floor":16,"turns":13},{"damage":15,"enemies":"Chosen","floor":18,"turns":6},{"damage":17,"enemies":"Shell Parasite","floor":20,"turns":7},{"damage":25,"enemies":"Snake Plant","floor":21,"turns":5},{"damage":24,"enemies":"Shelled Parasite and Fungi","floor":22,"turns":5},{"damage":12,"enemies":"Gremlin Leader","floor":23,"turns":2}],"seed_played":"-1456951689660188210","potions_obtained":[{"floor":3,"key":"AttackPotion"},{"floor":13,"key":"EssenceOfSteel"},{"floor":14,"key":"Regen Potion"},{"floor":17,"key":"Poison Potion"},{"floor":18,"key":"Poison Potion"},{"floor":21,"key":"Regen Potion"},{"floor":22,"key":"Dexterity Potion"}],"is_trial":false,"path_per_floor":["M","?","M","M","?","E","R","?","T","E","R","$","M","M","R","B",null,"M","?","M","M","M","E"],"character_chosen":"DEFECT","items_purchased":["Storm","Genetic Algorithm+1"],"campfire_rested":2,"item_purchase_floors":[12,12],"current_hp_per_floor":[74,74,74,73,73,34,34,34,34,25,47,47,47,18,40,68,80,65,65,48,23,8,0],"gold":241,"neow_bonus":"RANDOM_COMMON_RELIC","is_prod":false,"is_daily":false,"chose_seed":false,"campfire_upgraded":1,"win_rate":0,"timestamp":1547845545,"path_taken":["M","?","M","M","?","E","R","?","T","E","R","?","?","?","R","BOSS","M","?","M","M","?","E"],"build_version":"2019-01-17v2","purchased_purges":0,"victory":false,"max_hp_per_floor":[75,75,75,75,75,75,75,75,75,75,75,75,75,75,75,75,80,80,80,80,80,80,80],"card_choices":[{"not_picked":["Stack","Streamline"],"picked":"Go for the Eyes","floor":1},{"not_picked":["Steam","Hologram"],"picked":"FTL","floor":3},{"not_picked":["Double Energy","Melter"],"picked":"Hello World","floor":4},{"not_picked":["Compile Driver","Glacier+1"],"picked":"BootSequence+1","floor":6},{"not_picked":["Skim+1","Steam+1"],"picked":"Turbo+1","floor":10},{"not_picked":["Hello World","Recycle+1"],"picked":"Turbo+1","floor":13},{"not_picked":["Hologram+1","Barrage"],"picked":"Melter","floor":14},{"not_picked":["Machine Learning","Reboot+1"],"picked":"Meteor Strike","floor":16},{"not_picked":["Coolheaded+1","Undo+1"],"picked":"Turbo+1","floor":17},{"not_picked":["Barrage","Go for the Eyes"],"picked":"BootSequence+1","floor":18},{"not_picked":["Compile Driver","Barrage"],"picked":"Beam Cell","floor":20},{"not_picked":["Coolheaded+1","Reinforced Body+1"],"picked":"Sweeping Beam","floor":21},{"not_picked":["Biased Cognition","Consume+1"],"picked":"Genetic Algorithm+1","floor":22}],"player_experience":532615,"relics_obtained":[{"floor":6,"key":"Darkstone Periapt"},{"floor":9,"key":"Pantograph"},{"floor":10,"key":"Orichalcum"}],"event_choices":[{"damage_healed":0,"gold_gain":0,"player_choice":"Ignored","damage_taken":0,"max_hp_gain":0,"max_hp_loss":0,"event_name":"Golden Wing","floor":2,"gold_loss":0},{"damage_healed":0,"gold_gain":0,"player_choice":"Box","damage_taken":0,"relics_obtained":["Toxic Egg 2"],"max_hp_gain":0,"max_hp_loss":0,"event_name":"Big Fish","floor":5,"gold_loss":0,"cards_obtained":["Regret"]},{"cards_removed":["Regret"],"damage_healed":0,"gold_gain":0,"player_choice":"Card Removal","damage_taken":0,"max_hp_gain":0,"max_hp_loss":0,"event_name":"The Cleric","floor":8,"gold_loss":50},{"damage_healed":0,"gold_gain":0,"player_choice":"Upgrade","damage_taken":0,"max_hp_gain":0,"max_hp_loss":0,"event_name":"Designer","floor":19,"gold_loss":40,"cards_upgraded":["Storm"]}],"is_beta":false,"boss_relics":[{"not_picked":["Coffee Dripper","Busted Crown"],"picked":"Tiny House"}],"items_purged_floors":[],"is_endless":false,"potions_floor_spawned":[3,13,14,18,21,22],"killed_by":"Gremlin Leader","ascension_level":1}