{"gold_per_floor":[116,116,136,211,27,27,46,11,11,11,11,11,27,38,38,136,136,148,165,165,165,12,12,40,14,67,80,92,120,120,137,137,235,235,249,249],"floor_reached":36,"playtime":2330,"items_purged":[],"score":463,"play_id":"3400bf6e-bf5b-49e6-99d0-accd48563fb3","local_time":"20190305092447","is_ascension_mode":true,"campfire_choices":[{"data":"Blade Dance","floor":6,"key":"SMITH"},{"data":"Flying Knee","floor":11,"key":"SMITH"},{"data":"Infinite Blades","floor":15,"key":"SMITH"},{"data":"Envenom","floor":23,"key":"SMITH"},{"floor":30,"key":"REST"},{"floor":32,"key":"REST"}],"neow_cost":"NONE","seed_source_timestamp":262191617397442,"circlet_count":0,"master_deck":["Defend_G","Defend_G","Defend_G","Defend_G","Defend_G","Strike_G","Strike_G","Strike_G","Strike_G","Strike_G","Survivor+1","Neutralize","Prepared","Blade Dance+1","Dark Shackles","Well Laid Plans","Blade Dance","Flying Knee+1","Leg Sweep","Infinite Blades+1","Envenom+1","Heel Hook+1","Blur","Writhe","Accuracy","Deflect","PiercingWail","Poisoned Stab+1","Acrobatics","Deadly Poison","Outmaneuver+1","Flying Knee+1","Bouncing Flask+1","A Thousand Cuts","Quick Slash+1"],"relics":["Ring of the Snake","NeowsBlessing","Mercury Hourglass","Molten Egg 2","WristBlade","MutagenicStrength","Mummified Hand","StoneCalendar","Happy Flower","Dodecahedron","Philosopher\u0027s Stone"],"potions_floor_usage":[16,16,24,24,29,33,36],"damage_taken":[{"damage":0,"enemies":"Small Slimes","floor":1,"turns":1},{"damage":0,"enemies":"Jaw Worm","floor":3,"turns":1},{"damage":0,"enemies":"2 Louse","floor":7,"turns":1},{"damage":0,"enemies":"Looter","floor":13,"turns":3},{"damage":3,"enemies":"Lots of Slimes","floor":14,"turns":2},{"damage":28,"enemies":"The Guardian","floor":16,"turns":13},{"damage":18,"enemies":"2 Thieves","floor":18,"turns":5},{"damage":17,"enemies":"Shell Parasite","floor":19,"turns":4},{"damage":23,"enemies":"Slavers","floor":24,"turns":6},{"damage":15,"enemies":"Snecko","floor":27,"turns":3},{"damage":16,"enemies":"Centurion and Healer","floor":28,"turns":4},{"damage":0,"enemies":"Gremlin Leader","floor":29,"turns":5},{"damage":0,"enemies":"Cultist and Chosen","floor":31,"turns":4},{"damage":22,"enemies":"Automaton","floor":33,"turns":8},{"damage":20,"enemies":"Orb Walker","floor":35,"turns":3},{"damage":56,"enemies":"2 Orb Walkers","floor":36,"turns":3}],"seed_played":"9192383972425995991","potions_obtained":[{"floor":1,"key":"LiquidBronze"},{"floor":7,"key":"Regen Potion"},{"floor":13,"key":"GhostInAJar"},{"floor":16,"key":"SteroidPotion"},{"floor":19,"key":"Regen Potion"},{"floor":27,"key":"Swift Potion"},{"floor":29,"key":"GhostInAJar"},{"floor":35,"key":"Explosive Potion"}],"is_trial":false,"path_per_floor":["M","?","M","?","$","R","M","?","T","T","R","$","M","M","R","B",null,"M","M","?","?","$","R","E","$","T","M","M","E","R","M","R","B",null,"M","?"],"character_chosen":"THE_SILENT","items_purchased":["Dark Shackles","Well Laid Plans","Blade Dance","Accuracy","Deflect","PiercingWail","Acrobatics"],"campfire_rested":2,"item_purchase_floors":[5,5,5,22,22,22,25],"current_hp_per_floor":[70,70,70,59,59,59,59,70,70,70,70,70,70,67,67,39,70,52,35,35,35,35,35,46,46,46,31,15,15,36,36,57,35,70,50,0],"gold":249,"neow_bonus":"THREE_ENEMY_KILL","is_prod":false,"is_daily":false,"chose_seed":false,"campfire_upgraded":4,"win_rate":0,"timestamp":1551795887,"path_taken":["M","?","M","?","$","R","M","?","T","?","R","?","M","?","R","BOSS","M","M","?","?","?","R","E","?","T","?","M","E","R","M","R","BOSS","M","?"],"build_version":"2019-01-23","purchased_purges":0,"victory":false,"max_hp_per_floor":[70,70,70,70,70,70,70,70,70,70,70,70,70,70,70,70,70,70,70,70,70,70,70,70,70,70,70,70,70,70,70,70,70,70,70,70],"card_choices":[{"not_picked":["Riddle With Holes","PiercingWail"],"picked":"Prepared","floor":1},{"not_picked":["Eviscerate","Endless Agony"],"picked":"Blade Dance","floor":3},{"not_picked":["Predator","Acrobatics"],"picked":"Flying Knee","floor":7},{"not_picked":["Tactician","Terror"],"picked":"Leg Sweep","floor":13},{"not_picked":["Deadly Poison","Dagger Throw+1"],"picked":"Infinite Blades","floor":14},{"not_picked":["Storm of Steel","Glass Knife+1"],"picked":"Envenom","floor":16},{"not_picked":["Slice+1","Sucker Punch+1"],"picked":"Heel Hook+1","floor":18},{"not_picked":["Quick Slash+1","PiercingWail"],"picked":"Blur","floor":19},{"not_picked":["Dagger Spray+1","Unload+1"],"picked":"Poisoned Stab+1","floor":24},{"not_picked":["Sucker Punch+1","Tactician"],"picked":"Deadly Poison","floor":27},{"not_picked":["Choke+1","Crippling Poison+1"],"picked":"Outmaneuver+1","floor":28},{"not_picked":["Acrobatics","Riddle With Holes+1"],"picked":"Flying Knee+1","floor":29},{"not_picked":["Deadly Poison","Poisoned Stab+1"],"picked":"Bouncing Flask+1","floor":31},{"not_picked":["Unload+1","Adrenaline"],"picked":"A Thousand Cuts","floor":33},{"not_picked":["Bouncing Flask+1","Sucker Punch+1"],"picked":"Quick Slash+1","floor":35}],"player_experience":558573,"relics_obtained":[{"floor":9,"key":"Mercury Hourglass"},{"floor":10,"key":"Molten Egg 2"},{"floor":24,"key":"StoneCalendar"},{"floor":26,"key":"Happy Flower"},{"floor":29,"key":"Dodecahedron"}],"event_choices":[{"damage_healed":0,"gold_gain":0,"player_choice":"Grow","damage_taken":0,"max_hp_gain":0,"max_hp_loss":0,"event_name":"Living Wall","floor":2,"gold_loss":0,"cards_upgraded":["Survivor"]},{"damage_healed":0,"gold_gain":75,"player_choice":"Gather Gold","damage_taken":11,"max_hp_gain":0,"max_hp_loss":0,"event_name":"World of Goop","floor":4,"gold_loss":0},{"damage_healed":17,"gold_gain":0,"player_choice":"Healed","damage_taken":0,"max_hp_gain":0,"max_hp_loss":0,"event_name":"The Cleric","floor":8,"gold_loss":35},{"damage_healed":0,"gold_gain":0,"player_choice":"Inject Mutagens","damage_taken":0,"relics_obtained":["MutagenicStrength"],"max_hp_gain":0,"max_hp_loss":0,"event_name":"Drug Dealer","floor":20,"gold_loss":0},{"damage_healed":0,"gold_gain":0,"player_choice":"Opened","damage_taken":0,"relics_obtained":["Mummified Hand"],"max_hp_gain":0,"max_hp_loss":0,"event_name":"The Mausoleum","floor":21,"gold_loss":0,"cards_obtained":["Writhe"]},{"damage_healed":0,"gold_gain":0,"player_choice":"Fight","damage_taken":0,"max_hp_gain":0,"max_hp_loss":0,"event_name":"Mysterious Sphere","floor":36,"gold_loss":0}],"is_beta":false,"boss_relics":[{"not_picked":["Pandora\u0027s Box","Eternal Feather"],"picked":"WristBlade"},{"not_picked":["Runic Pyramid","Cursed Key"],"picked":"Philosopher\u0027s Stone"}],"items_purged_floors":[],"is_endless":false,"potions_floor_spawned":[1,7,13,16,19,27,29,35],"killed_by":"2 Orb Walkers","ascension_level":1}