{"gold_per_floor":[11,23,23,43,58,58,85,141,194,206,198,224,263,288,300,385,397,425,437,449,104,104,104,121,136,207,207,207,235,235,251,251,325,325,341,441,10,360,360,379,379,406,406,142,142,159,170,27,27,27,27,27,4,30,30],"floor_reached":56,"playtime":5776,"items_purged":["Decay"],"score":2160,"play_id":"62606816-888b-4770-a438-de79b9cbc603","local_time":"20190710102715","is_ascension_mode":true,"campfire_choices":[{"data":"1","floor":6.0,"key":"LIFT"},{"floor":10.0,"key":"REST"},{"floor":15.0,"key":"REST"},{"data":"2","floor":23.0,"key":"LIFT"},{"data":"3","floor":28.0,"key":"LIFT"},{"data":"Feel No Pain","floor":32.0,"key":"SMITH"},{"data":"Limit Break","floor":41,"key":"SMITH"},{"floor":45,"key":"RECALL"},{"data":"Armaments","floor":49,"key":"SMITH"},{"data":"Offering","floor":52,"key":"SMITH"}],"neow_cost":"NO_GOLD","seed_source_timestamp":0,"circlet_count":0,"master_deck":["AscendersBane","Defend_R+1","Defend_R+1","Defend_R+1","Defend_R+1","Bash","Twin Strike","Thunderclap","Anger","Feel No Pain+1","Rampage+1","True Grit","Offering+1","Second Wind","Bite+1","Bite+1","Bite+1","Bite+1","Bite+1","Sword Boomerang+1","Impervious","Ghostly Armor","Limit Break+1","Corruption","Feel No Pain","Flash of Steel+1","Master of Strategy","Armaments+1","Impervious","Iron Wave+1","Flex+1","Pommel Strike+1","Armaments+1","Fiend Fire+1","Flash of Steel+1","Pommel Strike+1","Shrug It Off"],"special_seed":0,"relics":["Burning Blood","Girya","Question Card","Bag of Marbles","Molten Egg 2","MawBank","Shuriken","Mark of Pain","OrangePellets","Kunai","Vajra","The Courier","Runic Pyramid","Nunchaku","Old Coin","Anchor","FossilizedHelix","Calipers"],"potions_floor_usage":[42,50,55],"damage_taken":[{"damage":1.0,"enemies":"Cultist","floor":1.0,"turns":3.0},{"damage":5.0,"enemies":"2 Louse","floor":2.0,"turns":3.0},{"damage":3.0,"enemies":"Small Slimes","floor":4.0,"turns":3.0},{"damage":16.0,"enemies":"Exordium Wildlife","floor":5.0,"turns":5.0},{"damage":8.0,"enemies":"Gremlin Nob","floor":7.0,"turns":3.0},{"damage":47.0,"enemies":"Lagavulin Event","floor":8.0,"turns":6.0},{"damage":6.0,"enemies":"Blue Slaver","floor":12.0,"turns":3.0},{"damage":27.0,"enemies":"Lagavulin","floor":13.0,"turns":5.0},{"damage":0.0,"enemies":"2 Fungi Beasts","floor":14.0,"turns":3.0},{"damage":18.0,"enemies":"Slime Boss","floor":16.0,"turns":8.0},{"damage":34.0,"enemies":"2 Thieves","floor":18.0,"turns":4.0},{"damage":17.0,"enemies":"Spheric Guardian","floor":24.0,"turns":4.0},{"damage":7.0,"enemies":"Centurion and Healer","floor":25.0,"turns":4.0},{"damage":33.0,"enemies":"Slavers","floor":29.0,"turns":4.0},{"damage":6.0,"enemies":"3 Cultists","floor":31.0,"turns":4.0},{"damage":60.0,"enemies":"Automaton","floor":33.0,"turns":8.0},{"damage":7,"enemies":"Orb Walker","floor":35,"turns":2},{"damage":7,"enemies":"Mind Bloom Boss Battle","floor":36,"turns":5},{"damage":45,"enemies":"2 Orb Walkers","floor":38,"turns":4},{"damage":7,"enemies":"3 Darklings","floor":40,"turns":5},{"damage":7,"enemies":"Giant Head","floor":42,"turns":7},{"damage":0,"enemies":"4 Shapes","floor":46,"turns":2},{"damage":6,"enemies":"Sphere and 2 Shapes","floor":47,"turns":5},{"damage":6,"enemies":"Time Eater","floor":50,"turns":5},{"damage":12,"enemies":"Shield and Spear","floor":54,"turns":7},{"damage":11,"enemies":"The Heart","floor":55,"turns":9}],"seed_played":"695406044901870271","potions_obtained":[{"floor":5.0,"key":"Explosive Potion"},{"floor":7.0,"key":"Block Potion"},{"floor":8.0,"key":"Ancient Potion"},{"floor":11.0,"key":"GamblersBrew"},{"floor":35,"key":"SteroidPotion"},{"floor":40,"key":"PowerPotion"},{"floor":47,"key":"AttackPotion"},{"floor":54,"key":"PowerPotion"}],"is_trial":false,"path_per_floor":["M","M","?","M","M","R","E","?","T","R","?","M","E","M","R","B",null,"M","?","?","$","?","R","M","M","T","?","R","E","T","M","R","B",null,"M","?","$","?","?","M","R","E","T","$","R","M","M","$","R","B",null,"R","$","E","B",null],"character_chosen":"IRONCLAD","items_purchased":["OrangePellets","SteroidPotion","Feel No Pain","Flash of Steel+1","Master of Strategy","Armaments","Impervious","FossilizedHelix","Fiend Fire+1","Flash of Steel+1","Pommel Strike+1"],"campfire_rested":2,"item_purchase_floors":[21,21,37,37,37,37,37,44,48,48,53],"current_hp_per_floor":[73,74,74,75,65,65,63,22,22,44,44,44,23,29,51,39,66,38,38,38,38,38,38,42,52,52,52,52,34,34,49,49,19,44,46,52,52,22,22,36,36,52,52,52,52,52,52,52,52,52,52,52,52,52,52],"gold":30,"neow_bonus":"ONE_RARE_RELIC","is_prod":false,"is_daily":false,"chose_seed":false,"campfire_upgraded":4,"win_rate":0,"timestamp":1562768835,"path_taken":["M","M","?","?","M","R","E","?","T","R","?","?","E","M","R","BOSS","M","?","?","$","?","R","?","M","T","?","R","E","?","M","R","BOSS","M","?","$","?","?","M","R","E","T","$","R","M","M","?","R","BOSS","R","$","E","BOSS"],"build_version":"2019-07-05","purchased_purges":1,"victory":true,"max_hp_per_floor":[75,75,75,75,75,75,75,75,75,75,75,75,75,75,75,75,75,75,75,75,75,52,52,52,52,52,52,52,52,52,52,52,52,52,52,52,52,52,52,52,52,52,52,52,52,52,52,52,52,52,52,52,52,52,52],"card_choices":[{"not_picked":["Flex","Havoc"],"picked":"Twin Strike","floor":1.0},{"not_picked":["Rupture","Evolve"],"picked":"Heavy Blade","floor":2.0},{"not_picked":["Heavy Blade","Iron Wave","Clothesline"],"picked":"Thunderclap","floor":4.0},{"not_picked":["Flex","Wild Strike","Bloodletting"],"picked":"Anger","floor":5.0},{"not_picked":["Brutality","Infernal Blade","Clash"],"picked":"Feel No Pain","floor":7.0},{"not_picked":["True Grit","Dropkick","Armaments"],"picked":"Rampage","floor":8.0},{"not_picked":["Dual Wield","Infernal Blade","Seeing Red"],"picked":"True Grit","floor":12.0},{"not_picked":["Searing Blow+1","Barricade","Spot Weakness","Armaments"],"picked":"SKIP","floor":13.0},{"not_picked":["Flame Barrier","Pommel Strike+1","Headbutt+1"],"picked":"Anger+1","floor":14.0},{"not_picked":["Juggernaut","Berserk","Reaper+1"],"picked":"Offering","floor":16.0},{"not_picked":["Wild Strike+1","Heavy Blade+1","Anger+1"],"picked":"Second Wind","floor":18.0},{"not_picked":["Wild Strike+1","Pummel+1","Fire Breathing"],"picked":"Sword Boomerang+1","floor":24.0},{"not_picked":["Havoc","Wild Strike+1","Searing Blow+1"],"picked":"Impervious","floor":25.0},{"not_picked":["Twin Strike+1","Heavy Blade+1","Fire Breathing+1","Havoc"],"picked":"SKIP","floor":29.0},{"not_picked":["Carnage+1","Second Wind","Burning Pact"],"picked":"Ghostly Armor","floor":31.0},{"not_picked":["Berserk","Offering","Immolate+1"],"picked":"Limit Break","floor":33.0},{"not_picked":["Cleave+1","True Grit","Power Through","Warcry"],"picked":"SKIP","floor":35},{"not_picked":["Shockwave","Sentinel+1","True Grit+1"],"picked":"Corruption","floor":36},{"not_picked":["True Grit","Flex","Body Slam+1"],"picked":"Iron Wave+1","floor":40},{"not_picked":["Shrug It Off","Carnage+1","Headbutt+1"],"picked":"Flex+1","floor":42},{"not_picked":["Ghostly Armor","Fire Breathing","Thunderclap+1"],"picked":"Pommel Strike+1","floor":46},{"not_picked":["True Grit","Searing Blow+1","Pommel Strike+1"],"picked":"Armaments+1","floor":47},{"not_picked":["Shockwave+1","Rage","Dual Wield+1"],"picked":"Shrug It Off","floor":54}],"player_experience":2431686,"relics_obtained":[{"floor":7.0,"key":"Bag of Marbles"},{"floor":8.0,"key":"Molten Egg 2"},{"floor":9.0,"key":"MawBank"},{"floor":13.0,"key":"Shuriken"},{"floor":26.0,"key":"Kunai"},{"floor":29.0,"key":"Vajra"},{"floor":30.0,"key":"The Courier"},{"floor":36,"key":"Nunchaku"},{"floor":38,"key":"Old Coin"},{"floor":42,"key":"Anchor"},{"floor":54,"key":"Calipers"}],"event_choices":[{"cards_removed":["Heavy Blade"],"damage_healed":0.0,"max_hp_gain":0.0,"max_hp_loss":0.0,"gold_gain":0.0,"event_name":"WeMeetAgain","player_choice":"Gave Card","floor":3.0,"gold_loss":0.0,"damage_taken":0.0,"relics_obtained":["Question Card"]},{"damage_healed":0.0,"max_hp_gain":0.0,"max_hp_loss":0.0,"gold_gain":0.0,"event_name":"Dead Adventurer","player_choice":"Searched \u00271\u0027 times","floor":8.0,"gold_loss":0.0,"damage_taken":0.0},{"damage_healed":0.0,"max_hp_gain":0.0,"max_hp_loss":0.0,"gold_gain":0.0,"event_name":"The Woman in Blue","player_choice":"Bought 1 Potion","floor":11.0,"gold_loss":0.0,"damage_taken":0.0},{"damage_healed":0.0,"max_hp_gain":0.0,"max_hp_loss":0.0,"gold_gain":0.0,"event_name":"Back to Basics","player_choice":"Simplicity","floor":19.0,"gold_loss":0.0,"damage_taken":0.0,"cards_upgraded":["Strike_R","Strike_R","Strike_R","Strike_R","Strike_R","Defend_R","Defend_R","Defend_R","Defend_R"]},{"damage_healed":0.0,"max_hp_gain":0.0,"max_hp_loss":0.0,"gold_gain":0.0,"event_name":"Forgotten Altar","player_choice":"Smashed Altar","floor":20.0,"gold_loss":0.0,"damage_taken":0.0,"cards_obtained":["Decay"]},{"damage_healed":0.0,"max_hp_gain":0.0,"max_hp_loss":23.0,"gold_gain":0.0,"event_name":"Vampires","player_choice":"Became a vampire","floor":22.0,"gold_loss":0.0,"damage_taken":0.0,"cards_obtained":["Bite","Bite","Bite","Bite","Bite"]},{"damage_healed":0.0,"max_hp_gain":0.0,"max_hp_loss":0.0,"gold_gain":0.0,"event_name":"Cursed Tome","player_choice":"Ignored","floor":27.0,"gold_loss":0.0,"damage_taken":0.0},{"damage_healed":0,"gold_gain":0,"player_choice":"Fight","damage_taken":0,"max_hp_gain":0,"max_hp_loss":0,"event_name":"MindBloom","floor":36,"gold_loss":0},{"damage_healed":0,"gold_gain":0,"player_choice":"Fight","damage_taken":0,"max_hp_gain":0,"max_hp_loss":0,"event_name":"Mysterious Sphere","floor":38,"gold_loss":0},{"cards_removed":["Anger"],"damage_healed":0,"gold_gain":0,"player_choice":"Removed Attack","damage_taken":0,"max_hp_gain":0,"max_hp_loss":0,"event_name":"Falling","floor":39,"gold_loss":0}],"is_beta":false,"boss_relics":[{"not_picked":["Runic Dome","Velvet Choker"],"picked":"Mark of Pain"},{"not_picked":["Eternal Feather","Philosopher\u0027s Stone"],"picked":"Runic Pyramid"}],"items_purged_floors":[21],"is_endless":false,"potions_floor_spawned":[5,7,8,16,25,29,35,40,47,54],"ascension_level":19}