{"gold_per_floor":[113,125,125,52,52,82,82,106,157,18,37,56,74,90,90,194,194,174,227,242,24,24,24,54,72,72,10,10],"floor_reached":28,"playtime":1316,"items_purged":[],"score":250,"play_id":"d46c3111-0ee0-48b9-9202-6408a962ac9f","local_time":"20181217150647","is_ascension_mode":true,"campfire_choices":[{"data":"Gash","floor":7,"key":"SMITH"},{"floor":15,"key":"REST"},{"floor":23,"key":"REST"}],"neow_cost":"NONE","seed_source_timestamp":348609248486610,"circlet_count":0,"master_deck":["Strike_B","Strike_B","Strike_B","Strike_B","Defend_B","Defend_B","Defend_B","Defend_B","Zap+1","Dualcast+1","Gash+1","Sweeping Beam","FTL","Steam","Hologram","Beam Cell","Heatsinks","Hello World","Chill","Conserve Battery","Thunder Strike","Parasite","Shame","Parasite","Gash","Go for the Eyes","Hello World","Defragment","Double Energy","Stack","Self Repair"],"relics":["Cracked Core","Blood Vial","Pear","Pen Nib","Dream Catcher","Tiny Chest","Calling Bell","Ancient Tea Set","Singing Bowl","StoneCalendar","Boot","Regal Pillow","Question Card","MawBank"],"potions_floor_usage":[16,16,18,20,28],"damage_taken":[{"damage":1,"enemies":"Jaw Worm","floor":1,"turns":3},{"damage":1,"enemies":"Cultist","floor":2,"turns":3},{"damage":17,"enemies":"3 Sentries","floor":6,"turns":7},{"damage":0,"enemies":"2 Louse","floor":11,"turns":1},{"damage":0,"enemies":"Looter","floor":12,"turns":2},{"damage":31,"enemies":"Gremlin Gang","floor":13,"turns":3},{"damage":6,"enemies":"Exordium Thugs","floor":14,"turns":3},{"damage":27,"enemies":"Hexaghost","floor":16,"turns":8},{"damage":24,"enemies":"2 Thieves","floor":18,"turns":4},{"damage":21,"enemies":"Spheric Guardian","floor":20,"turns":4},{"damage":58,"enemies":"Book of Stabbing","floor":24,"turns":7},{"damage":21,"enemies":"Snecko","floor":25,"turns":5},{"damage":18,"enemies":"Colosseum Slavers","floor":28,"turns":1}],"seed_played":"8549614674533656040","potions_obtained":[{"floor":1,"key":"Strength Potion"},{"floor":13,"key":"Ancient Potion"},{"floor":14,"key":"GamblersBrew"},{"floor":16,"key":"PowerPotion"},{"floor":25,"key":"Regen Potion"}],"is_trial":false,"path_per_floor":["M","M","?","$","?","E","R","T","T","$","M","M","M","M","R","B",null,"M","T","M","$","?","R","E","M","T","$","?"],"character_chosen":"DEFECT","items_purchased":["FTL","Tiny Chest","Hologram","Regal Pillow","Hello World","Self Repair"],"campfire_rested":2,"item_purchase_floors":[4,10,10,21,21,27],"current_hp_per_floor":[74,74,74,74,74,68,68,68,68,68,70,72,43,39,64,39,85,61,61,42,42,42,82,26,7,7,7,0],"gold":10,"neow_bonus":"RANDOM_COMMON_RELIC","is_prod":false,"is_daily":false,"chose_seed":false,"campfire_upgraded":1,"win_rate":0,"timestamp":1545077207,"path_taken":["M","M","?","?","?","E","R","?","T","$","M","M","M","?","R","BOSS","M","?","M","$","?","R","E","M","T","$","?"],"build_version":"2018-12-13","purchased_purges":0,"victory":false,"max_hp_per_floor":[75,75,75,75,75,85,85,85,85,85,85,85,85,85,85,85,85,85,85,85,85,85,85,85,85,85,85,85],"card_choices":[{"not_picked":["Reinforced Body","Go for the Eyes"],"picked":"Gash","floor":1},{"not_picked":["Blizzard","Leap"],"picked":"Sweeping Beam","floor":2},{"not_picked":["Sweeping Beam","Compile Driver"],"picked":"Steam","floor":6},{"not_picked":["Skim","Reprogram"],"picked":"Beam Cell","floor":11},{"not_picked":["Barrage","Defragment"],"picked":"Heatsinks","floor":12},{"not_picked":["Redo","Ball Lightning"],"picked":"Hello World","floor":13},{"not_picked":["Conserve Battery","Compile Driver"],"picked":"Chill","floor":14},{"not_picked":["Coolheaded","Amplify"],"picked":"Conserve Battery","floor":15},{"not_picked":["Biased Cognition","Fission"],"picked":"Thunder Strike","floor":16},{"not_picked":["Hologram","Consume"],"picked":"Gash","floor":18},{"not_picked":["Skim","Coolheaded"],"picked":"Go for the Eyes","floor":20},{"not_picked":["Compile Driver","Sweeping Beam+1"],"picked":"Defragment","floor":23},{"not_picked":["Echo Form","Skim"],"picked":"Double Energy","floor":24},{"not_picked":["Leap+1","Scrape","Gash"],"picked":"Stack","floor":25}],"player_experience":514954,"relics_obtained":[{"floor":6,"key":"Pear"},{"floor":8,"key":"Pen Nib"},{"floor":9,"key":"Dream Catcher"},{"floor":17,"key":"Ancient Tea Set"},{"floor":17,"key":"Singing Bowl"},{"floor":17,"key":"StoneCalendar"},{"floor":19,"key":"Boot"},{"floor":24,"key":"Question Card"},{"floor":26,"key":"MawBank"}],"event_choices":[{"damage_healed":0,"gold_gain":0,"player_choice":"Upgraded","damage_taken":0,"max_hp_gain":0,"max_hp_loss":0,"event_name":"Upgrade Shrine","floor":3,"gold_loss":0,"cards_upgraded":["Zap"]},{"damage_healed":0,"gold_gain":0,"player_choice":"Grow","damage_taken":0,"max_hp_gain":0,"max_hp_loss":0,"event_name":"Living Wall","floor":5,"gold_loss":0,"cards_upgraded":["Dualcast"]},{"damage_healed":0,"gold_gain":0,"player_choice":"Ignored","damage_taken":0,"max_hp_gain":0,"max_hp_loss":0,"event_name":"Beggar","floor":22,"gold_loss":0},{"damage_healed":0,"gold_gain":0,"player_choice":"Fight","damage_taken":0,"max_hp_gain":0,"max_hp_loss":0,"event_name":"Colosseum","floor":28,"gold_loss":0}],"is_beta":false,"boss_relics":[{"not_picked":["Coffee Dripper","Tiny House"],"picked":"Calling Bell"}],"items_purged_floors":[],"is_endless":false,"potions_floor_spawned":[1,13,14,16,25],"killed_by":"Colosseum Slavers","ascension_level":1}