{"gold_per_floor":[109,59,79,79,99,133,153,153],"floor_reached":8,"playtime":481,"items_purged":[],"score":64,"play_id":"1e5c0ad5-2c5a-4251-a88b-8d708e635a1a","local_time":"20190710150506","is_ascension_mode":true,"campfire_choices":[],"neow_cost":"NONE","seed_source_timestamp":14025703926600,"circlet_count":0,"master_deck":["Strike_R","Strike_R","Strike_R","Strike_R","Defend_R","Defend_R","Defend_R","Defend_R","Bash","Headbutt","Dark Embrace","Burning Pact","Exhume","Spot Weakness"],"relics":["Burning Blood","Girya"],"potions_floor_usage":[6],"damage_taken":[{"damage":4,"enemies":"Jaw Worm","floor":1,"turns":4},{"damage":9,"enemies":"Small Slimes","floor":3,"turns":4},{"damage":1,"enemies":"Cultist","floor":5,"turns":3},{"damage":49,"enemies":"Lagavulin","floor":6,"turns":6},{"damage":6,"enemies":"2 Fungi Beasts","floor":7,"turns":4},{"damage":0,"enemies":"Exordium Thugs","floor":8,"turns":1}],"seed_played":"8159026175778105741","potions_obtained":[{"floor":3,"key":"Poison Potion"},{"floor":5,"key":"EssenceOfSteel"},{"floor":7,"key":"Dexterity Potion"}],"is_trial":false,"path_per_floor":["M","?","M","?","M","E","M","M"],"character_chosen":"IRONCLAD","items_purchased":[],"campfire_rested":0,"item_purchase_floors":[],"current_hp_per_floor":[88,88,85,85,88,45,45,45],"gold":153,"neow_bonus":"TEN_PERCENT_HP_BONUS","is_prod":false,"is_daily":false,"chose_seed":false,"campfire_upgraded":0,"win_rate":0,"timestamp":1562763906,"path_taken":["M","?","M","?","M","E","M","?"],"build_version":"2019-07-05","purchased_purges":0,"victory":false,"max_hp_per_floor":[88,88,88,88,88,88,88,88],"card_choices":[{"not_picked":["Wild Strike","Rupture"],"picked":"Headbutt","floor":1},{"not_picked":["Body Slam","Burning Pact","Evolve"],"picked":"SKIP","floor":3},{"not_picked":["Anger","Clothesline"],"picked":"Burning Pact","floor":5},{"not_picked":["Headbutt","Iron Wave"],"picked":"Exhume","floor":6},{"not_picked":["Burning Pact","Wild Strike"],"picked":"Spot Weakness","floor":7}],"player_experience":127671,"relics_obtained":[{"floor":6,"key":"Girya"}],"event_choices":[{"cards_removed":["Strike_R"],"damage_healed":0,"gold_gain":0,"player_choice":"Card Removal","damage_taken":0,"max_hp_gain":0,"max_hp_loss":0,"event_name":"The Cleric","floor":2,"gold_loss":50},{"damage_healed":0,"gold_gain":0,"player_choice":"1 cards matched","damage_taken":0,"max_hp_gain":0,"max_hp_loss":0,"event_name":"Match and Keep!","floor":4,"gold_loss":0,"cards_obtained":["Dark Embrace"]}],"is_beta":false,"boss_relics":[],"items_purged_floors":[],"is_endless":false,"potions_floor_spawned":[3,5,7],"killed_by":"Exordium Thugs","ascension_level":2}