{"gold_per_floor":[115,133,145,158,176,202,202,235,235,235,250,280,245,257,257,356,356,376,392,392,123,135,135,154,167,194,194,226,226,243,262,262,363,363,375,375,375,385,97,97,126,126,126,126,154,0,0,16,16,16],"floor_reached":50,"playtime":3591,"items_purged":["Regret","Defend_R"],"score":587,"play_id":"d4e81950-b045-4e7b-b592-f1a642c06434","local_time":"20190707230301","is_ascension_mode":true,"campfire_choices":[{"floor":7,"key":"REST"},{"floor":10,"key":"REST"},{"data":"Limit Break","floor":15,"key":"SMITH"},{"floor":23,"key":"REST"},{"floor":29,"key":"REST"},{"floor":32,"key":"REST"},{"floor":40,"key":"REST"},{"floor":42,"key":"REST"},{"data":"Heavy Blade","floor":44,"key":"SMITH"},{"floor":49,"key":"REST"}],"neow_cost":"NONE","seed_source_timestamp":138955152248600,"circlet_count":0,"master_deck":["Strike_R+1","Strike_R","Strike_R","Strike_R","Strike_R","Defend_R","Defend_R","Defend_R","Bash","Spot Weakness","Blood for Blood","Perfected Strike","Limit Break+1","Uppercut+1","Rupture","Rage+1","Brutality","Flex+1","Bloodletting+1","Fiend Fire","Heavy Blade+1","Flex+1","Limit Break+1","Heavy Blade+1","Finesse+1","Pommel Strike+1","Transmutation+1","Fiend Fire","Seeing Red+1","Impervious+1"],"relics":["Burning Blood","Boot","Toxic Egg 2","Letter Opener","Snecko Eye","Brimstone","Red Skull","Whetstone","Lizard Tail","Champion Belt","Gremlin Horn","Bird Faced Urn","Red Mask"],"potions_floor_usage":[33],"damage_taken":[{"damage":1,"enemies":"Cultist","floor":1,"turns":3},{"damage":0,"enemies":"Small Slimes","floor":2,"turns":4},{"damage":3,"enemies":"Jaw Worm","floor":3,"turns":4},{"damage":15,"enemies":"Looter","floor":4,"turns":4},{"damage":15,"enemies":"Large Slime","floor":5,"turns":7},{"damage":40,"enemies":"3 Sentries","floor":6,"turns":7},{"damage":24,"enemies":"Gremlin Nob","floor":8,"turns":4},{"damage":15,"enemies":"Exordium Thugs","floor":11,"turns":4},{"damage":8,"enemies":"2 Fungi Beasts","floor":14,"turns":4},{"damage":70,"enemies":"The Guardian","floor":16,"turns":9},{"damage":34,"enemies":"3 Byrds","floor":18,"turns":6},{"damage":13,"enemies":"Spheric Guardian","floor":19,"turns":4},{"damage":30,"enemies":"Centurion and Healer","floor":22,"turns":5},{"damage":19,"enemies":"Snake Plant","floor":24,"turns":2},{"damage":17,"enemies":"Cultist and Chosen","floor":25,"turns":3},{"damage":15,"enemies":"Gremlin Leader","floor":28,"turns":3},{"damage":14,"enemies":"Centurion and Healer","floor":30,"turns":3},{"damage":0,"enemies":"Snecko","floor":31,"turns":2},{"damage":39,"enemies":"Automaton","floor":33,"turns":5},{"damage":16,"enemies":"Orb Walker","floor":35,"turns":2},{"damage":15,"enemies":"3 Shapes","floor":38,"turns":4},{"damage":111,"enemies":"Reptomancer","floor":41,"turns":4},{"damage":23,"enemies":"Giant Head","floor":45,"turns":5},{"damage":24,"enemies":"Jaw Worm Horde","floor":48,"turns":2},{"damage":77,"enemies":"Donu and Deca","floor":50,"turns":4}],"seed_played":"9148481540423482342","potions_obtained":[{"floor":1,"key":"FairyPotion"},{"floor":5,"key":"Dexterity Potion"},{"floor":6,"key":"Ancient Potion"},{"floor":31,"key":"SteroidPotion"},{"floor":33,"key":"Poison Potion"},{"floor":45,"key":"Poison Potion"}],"is_trial":false,"path_per_floor":["M","M","M","M","M","E","R","E","T","R","M","?","?","M","R","B",null,"M","M","?","$","M","R","M","M","T","$","E","R","M","M","R","B",null,"M","?","?","M","$","R","E","R","T","R","E","?","$","M","R","B"],"character_chosen":"IRONCLAD","items_purchased":["Brimstone","Transmutation+1"],"campfire_rested":8,"item_purchase_floors":[21,39],"current_hp_per_floor":[88,88,88,79,70,36,62,44,44,70,61,61,83,81,81,17,88,60,53,53,53,29,55,42,31,31,31,22,48,40,46,72,39,88,78,78,78,69,69,88,46,72,72,72,55,55,55,37,63,0],"gold":16,"neow_bonus":"TEN_PERCENT_HP_BONUS","is_prod":false,"is_daily":false,"chose_seed":false,"campfire_upgraded":2,"win_rate":0,"timestamp":1562533381,"path_taken":["M","M","M","M","M","E","R","E","T","R","M","?","?","M","R","BOSS","M","M","?","$","M","R","M","?","T","$","E","R","M","M","R","BOSS","M","?","?","M","$","R","E","R","T","R","E","?","$","M","R","BOSS"],"build_version":"2019-07-05","purchased_purges":2,"victory":false,"max_hp_per_floor":[88,88,88,88,88,88,88,88,88,88,88,88,88,88,88,88,88,88,88,88,88,88,88,88,88,88,88,88,88,88,88,88,88,88,88,88,88,88,88,88,88,88,88,88,88,88,88,88,88,88],"card_choices":[{"not_picked":["Sword Boomerang","Clash"],"picked":"Spot Weakness","floor":1},{"not_picked":["Warcry","Pommel Strike","Armaments"],"picked":"SKIP","floor":2},{"not_picked":["Searing Blow","Shrug It Off","Clothesline"],"picked":"SKIP","floor":3},{"not_picked":["Hemokinesis","Flex"],"picked":"Blood for Blood","floor":4},{"not_picked":["Anger","Thunderclap"],"picked":"Perfected Strike","floor":5},{"not_picked":["Armaments","Battle Trance"],"picked":"Limit Break","floor":6},{"not_picked":["Carnage","Clothesline"],"picked":"Uppercut","floor":8},{"not_picked":["Headbutt","Pommel Strike"],"picked":"Rupture","floor":11},{"not_picked":["Headbutt","Fire Breathing"],"picked":"Rage+1","floor":14},{"not_picked":["Dark Embrace","Reaper"],"picked":"Brutality","floor":16},{"not_picked":["Twin Strike+1","Uppercut"],"picked":"Flex+1","floor":18},{"not_picked":["Thunderclap+1","Body Slam+1"],"picked":"Bloodletting+1","floor":19},{"not_picked":["Shrug It Off+1","Warcry+1","Flex+1"],"picked":"SKIP","floor":22},{"not_picked":["Sword Boomerang+1","Ghostly Armor+1"],"picked":"Barricade","floor":24},{"not_picked":["Combust+1","Headbutt","True Grit+1"],"picked":"SKIP","floor":25},{"not_picked":["Flex+1","Cleave"],"picked":"Heavy Blade","floor":28},{"not_picked":["Body Slam","Headbutt","Cleave"],"picked":"SKIP","floor":30},{"not_picked":["Shrug It Off+1","Clothesline"],"picked":"Flex+1","floor":31},{"not_picked":["Feed","Juggernaut"],"picked":"Limit Break+1","floor":33},{"not_picked":["Warcry+1","Twin Strike+1"],"picked":"Heavy Blade+1","floor":35},{"not_picked":["Dark Shackles+1","Good Instincts+1"],"picked":"Finesse+1","floor":37},{"not_picked":["Anger","Sever Soul+1"],"picked":"Pommel Strike+1","floor":38},{"not_picked":["Power Through+1","True Grit+1"],"picked":"Fiend Fire","floor":41},{"not_picked":["Headbutt+1","Clash"],"picked":"Seeing Red+1","floor":45},{"not_picked":["Warcry+1","True Grit+1"],"picked":"Impervious+1","floor":48}],"player_experience":17786,"relics_obtained":[{"floor":6,"key":"Boot"},{"floor":8,"key":"Toxic Egg 2"},{"floor":9,"key":"Letter Opener"},{"floor":26,"key":"Red Skull"},{"floor":28,"key":"Whetstone"},{"floor":41,"key":"Champion Belt"},{"floor":43,"key":"Gremlin Horn"},{"floor":45,"key":"Bird Faced Urn"}],"event_choices":[{"damage_healed":0,"gold_gain":30,"player_choice":"Searched \u00272\u0027 times","damage_taken":0,"max_hp_gain":0,"max_hp_loss":0,"event_name":"Dead Adventurer","floor":12,"gold_loss":0},{"damage_healed":22,"gold_gain":0,"player_choice":"Healed","damage_taken":0,"max_hp_gain":0,"max_hp_loss":0,"event_name":"The Cleric","floor":13,"gold_loss":35},{"damage_healed":0,"gold_gain":0,"player_choice":"2 cards matched","damage_taken":0,"max_hp_gain":0,"max_hp_loss":0,"event_name":"Match and Keep!","floor":20,"gold_loss":0,"cards_obtained":["Regret","Fiend Fire"]},{"damage_healed":0,"gold_gain":0,"player_choice":"2 cards matched","damage_taken":0,"max_hp_gain":0,"max_hp_loss":0,"event_name":"Match and Keep!","floor":20,"gold_loss":0,"cards_obtained":["Regret","Fiend Fire"]},{"cards_removed":["Barricade"],"damage_healed":0,"gold_gain":0,"player_choice":"Removed Power","damage_taken":0,"max_hp_gain":0,"max_hp_loss":0,"event_name":"Falling","floor":36,"gold_loss":0},{"damage_healed":0,"gold_gain":0,"player_choice":"Memory 1","damage_taken":0,"max_hp_gain":0,"max_hp_loss":0,"event_name":"SensoryStone","floor":37,"gold_loss":0},{"damage_healed":0,"gold_gain":0,"player_choice":"Paid","damage_taken":0,"relics_obtained":["Red Mask"],"max_hp_gain":0,"max_hp_loss":0,"event_name":"Tomb of Lord Red Mask","floor":46,"gold_loss":154}],"is_beta":false,"boss_relics":[{"not_picked":["Runic Dome","Velvet Choker"],"picked":"Snecko Eye"},{"not_picked":["Fusion Hammer","Calling Bell"],"picked":"Lizard Tail"}],"items_purged_floors":[21,39],"is_endless":false,"potions_floor_spawned":[1,5,6,8,22,25,31,33,35,45,48],"killed_by":"Donu and Deca","ascension_level":1}