{"gold_per_floor":[112,112,122,122,146,146,72,88,88,121,296,221,246,262,262,382,382,407,407,407,431,96,96,129,129,129,172,15,15,15,33,33,159,159,173,173,34,34,34,34,69,87,111,142,154,187,199],"floor_reached":47,"playtime":2553,"items_purged":["Doubt","Writhe"],"score":592,"play_id":"bed3e492-84b3-44ec-b7de-2d8bfb51b87b","local_time":"20190707192511","is_ascension_mode":false,"campfire_choices":[{"data":"Storm","floor":6,"key":"SMITH"},{"data":"Zap","floor":15,"key":"SMITH"},{"data":"Genetic Algorithm","floor":23,"key":"SMITH"},{"data":"Defragment","floor":25,"key":"SMITH"},{"data":"Redo","floor":29,"key":"SMITH"},{"data":"Defragment","floor":32,"key":"SMITH"},{"data":"Amplify","floor":40,"key":"SMITH"}],"neow_cost":"NONE","seed_source_timestamp":247260259015091,"circlet_count":0,"master_deck":["Strike_B","Strike_B","Strike_B","Strike_B","Defend_B","Defend_B","Defend_B","Zap+1","Dualcast","Machine Learning","Stack","Storm+1","FTL","Defragment+1","Redo+1","Ball Lightning","Storm","Electrodynamics","Defragment+1","Genetic Algorithm+1","Heatsinks","Leap+1","Amplify+1","Steam+1","Blind","BootSequence+1","Capacitor"],"relics":["Cracked Core","Golden Idol","Pantograph","Darkstone Periapt","Bag of Marbles","Eternal Feather","Bronze Scales","Mummified Hand","Vajra","Gremlin Horn","Smiling Mask","Lantern","Black Star","Pear","Bottled Flame","Omamori","MawBank","Boot"],"potions_floor_usage":[10,10,18,24,46,47],"damage_taken":[{"damage":6,"enemies":"Jaw Worm","floor":1,"turns":3},{"damage":5,"enemies":"Small Slimes","floor":3,"turns":4},{"damage":0,"enemies":"2 Louse","floor":5,"turns":3},{"damage":12,"enemies":"Blue Slaver","floor":8,"turns":3},{"damage":8,"enemies":"Gremlin Nob","floor":10,"turns":3},{"damage":3,"enemies":"Exordium Wildlife","floor":14,"turns":4},{"damage":26,"enemies":"The Guardian","floor":16,"turns":11},{"damage":39,"enemies":"2 Thieves","floor":18,"turns":4},{"damage":14,"enemies":"Shell Parasite","floor":21,"turns":4},{"damage":0,"enemies":"Gremlin Leader","floor":24,"turns":4},{"damage":27,"enemies":"Slavers","floor":27,"turns":2},{"damage":5,"enemies":"Chosen and Byrds","floor":31,"turns":3},{"damage":30,"enemies":"Collector","floor":33,"turns":6},{"damage":4,"enemies":"3 Shapes","floor":35,"turns":2},{"damage":0,"enemies":"Reptomancer","floor":41,"turns":4},{"damage":16,"enemies":"3 Darklings","floor":42,"turns":2},{"damage":26,"enemies":"Giant Head","floor":44,"turns":8},{"damage":34,"enemies":"Spire Growth","floor":46,"turns":4},{"damage":43,"enemies":"Reptomancer","floor":47,"turns":2}],"seed_played":"2888255431235607199","potions_obtained":[{"floor":1,"key":"Explosive Potion"},{"floor":3,"key":"Fire Potion"},{"floor":8,"key":"SpeedPotion"},{"floor":16,"key":"GamblersBrew"},{"floor":18,"key":"FearPotion"},{"floor":27,"key":"FairyPotion"},{"floor":31,"key":"Dexterity Potion"},{"floor":42,"key":"Block Potion"},{"floor":46,"key":"EssenceOfSteel"}],"is_trial":false,"path_per_floor":["M","?","M","?","M","R","$","M","T","E","?","$","T","M","R","B",null,"M","?","?","M","$","R","E","R","T","E","$","R","$","M","R","B",null,"M","?","$","?","?","R","E","M","T","E","?","M","E"],"character_chosen":"DEFECT","items_purchased":["Defragment","Genetic Algorithm","Mummified Hand","Lantern","Blind"],"campfire_rested":0,"item_purchase_floors":[7,22,22,28,37],"current_hp_per_floor":[69,69,64,46,46,46,46,34,34,26,32,32,32,29,29,28,81,42,42,42,28,28,40,40,52,52,25,25,37,37,32,44,39,81,77,87,87,87,87,87,97,81,81,55,46,12,0],"gold":199,"neow_bonus":"ONE_RANDOM_RARE_CARD","is_prod":false,"is_daily":false,"chose_seed":false,"campfire_upgraded":7,"win_rate":0.0,"timestamp":1562563511,"path_taken":["M","?","M","?","M","R","$","M","T","E","?","$","?","?","R","BOSS","M","?","?","M","$","R","E","R","T","E","$","R","?","M","R","BOSS","M","?","$","?","?","R","E","M","T","E","?","M","E"],"build_version":"2019-07-05","purchased_purges":2,"victory":false,"max_hp_per_floor":[75,75,75,75,75,75,75,75,75,75,81,81,81,81,81,81,81,81,81,81,81,81,81,81,81,81,81,81,81,81,81,81,81,81,81,87,87,87,87,87,97,97,97,97,97,97,97],"card_choices":[{"not_picked":["Rip and Tear","Steam"],"picked":"Stack","floor":1},{"not_picked":["Rebound","Beam Cell"],"picked":"Storm","floor":3},{"not_picked":["Melter","Rip and Tear"],"picked":"FTL","floor":5},{"not_picked":["Undo","Go for the Eyes"],"picked":"Redo","floor":8},{"not_picked":["Melter","Undo"],"picked":"Ball Lightning","floor":10},{"not_picked":["Redo","Barrage"],"picked":"Storm","floor":14},{"not_picked":["Thunder Strike","All For One"],"picked":"Electrodynamics","floor":16},{"not_picked":["Gash","Darkness","Melter"],"picked":"SKIP","floor":18},{"not_picked":["Sweeping Beam+1","Gash","Scrape"],"picked":"SKIP","floor":21},{"not_picked":["Stack","Turbo+1","Consume"],"picked":"SKIP","floor":24},{"not_picked":["Blizzard","Cold Snap"],"picked":"Heatsinks","floor":27},{"not_picked":["Go for the Eyes","Sweeping Beam"],"picked":"Leap+1","floor":31},{"not_picked":["Echo Form","Biased Cognition"],"picked":"Amplify","floor":33},{"not_picked":["Hello World","Storm+1"],"picked":"Steam+1","floor":35},{"not_picked":["Stack","Go for the Eyes+1","Redo"],"picked":"SKIP","floor":41},{"not_picked":["Lockon+1","Turbo"],"picked":"BootSequence+1","floor":42},{"not_picked":["Melter","Aggregate+1","Reprogram+1"],"picked":"SKIP","floor":44},{"not_picked":["Chaos+1","Rainbow"],"picked":"Capacitor","floor":46}],"player_experience":40350,"relics_obtained":[{"floor":9,"key":"Pantograph"},{"floor":10,"key":"Darkstone Periapt"},{"floor":13,"key":"Bag of Marbles"},{"floor":24,"key":"Vajra"},{"floor":26,"key":"Gremlin Horn"},{"floor":27,"key":"Smiling Mask"},{"floor":41,"key":"Pear"},{"floor":41,"key":"Bottled Flame"},{"floor":43,"key":"Omamori"},{"floor":44,"key":"MawBank"},{"floor":44,"key":"Boot"}],"event_choices":[{"damage_healed":0,"gold_gain":0,"player_choice":"Ignored","damage_taken":0,"max_hp_gain":0,"max_hp_loss":0,"event_name":"Golden Wing","floor":2,"gold_loss":0},{"damage_healed":0,"gold_gain":0,"player_choice":"Take Damage","damage_taken":18,"relics_obtained":["Golden Idol"],"max_hp_gain":0,"max_hp_loss":0,"event_name":"Golden Idol","floor":4,"gold_loss":0},{"damage_healed":0,"gold_gain":175,"player_choice":"AGREE","damage_taken":0,"max_hp_gain":0,"max_hp_loss":0,"event_name":"Liars Game","floor":11,"gold_loss":0,"cards_obtained":["Doubt"]},{"damage_healed":0,"gold_gain":0,"player_choice":"Read","damage_taken":0,"max_hp_gain":0,"max_hp_loss":0,"event_name":"The Library","floor":19,"gold_loss":0,"cards_obtained":["Defragment"]},{"damage_healed":0,"gold_gain":0,"player_choice":"Opened","damage_taken":0,"relics_obtained":["Bronze Scales"],"max_hp_gain":0,"max_hp_loss":0,"event_name":"The Mausoleum","floor":20,"gold_loss":0},{"damage_healed":20,"gold_gain":0,"player_choice":"Writhe","damage_taken":0,"max_hp_gain":0,"max_hp_loss":0,"event_name":"Winding Halls","floor":36,"gold_loss":0,"cards_obtained":["Writhe"]},{"damage_healed":0,"gold_gain":0,"player_choice":"Memory 1","damage_taken":0,"max_hp_gain":0,"max_hp_loss":0,"event_name":"SensoryStone","floor":38,"gold_loss":0},{"cards_removed":["Defend_B"],"damage_healed":0,"gold_gain":0,"player_choice":"Removed Skill","damage_taken":0,"max_hp_gain":0,"max_hp_loss":0,"event_name":"Falling","floor":39,"gold_loss":0},{"damage_healed":0,"gold_gain":0,"player_choice":"Damaged","damage_taken":9,"max_hp_gain":0,"max_hp_loss":0,"event_name":"Wheel of Change","floor":45,"gold_loss":0}],"is_beta":false,"boss_relics":[{"not_picked":["Busted Crown","Snecko Eye"],"picked":"Eternal Feather"},{"not_picked":["Empty Cage","Sozu"],"picked":"Black Star"}],"items_purged_floors":[12,37],"is_endless":false,"potions_floor_spawned":[1,3,8,16,18,27,31,42,44,46],"killed_by":"Reptomancer","ascension_level":0}