{"gold_per_floor":[119,135,148,165,165,165,185,17,17,17,17,29,49,66,66,163,163,175,194,8,22,40,40],"floor_reached":23,"playtime":3490,"items_purged":[],"score":189,"play_id":"6bfdeb10-8807-491a-8ee0-0472e44c3b05","local_time":"20190707175728","is_ascension_mode":false,"campfire_choices":[{"floor":6.0,"key":"REST"},{"floor":11.0,"key":"REST"},{"floor":15.0,"key":"REST"}],"neow_cost":"","seed_source_timestamp":0,"circlet_count":0,"master_deck":["Strike_R","Strike_R","Strike_R","Strike_R","Defend_R","Defend_R","Bash","Headbutt","Whirlwind","Shrug It Off","Infernal Blade","Bloodletting","Chrysalis","Iron Wave","Infernal Blade","Clash","Bloodletting","Double Tap","Cleave","Shockwave+1","Secret Weapon","Iron Wave+1"],"special_seed":0,"relics":["Burning Blood","Meat on the Bone","Self Forming Clay","Empty Cage"],"potions_floor_usage":[],"damage_taken":[{"damage":8.0,"enemies":"2 Louse","floor":1.0,"turns":3.0},{"damage":3.0,"enemies":"Small Slimes","floor":2.0,"turns":3.0},{"damage":5.0,"enemies":"Cultist","floor":3.0,"turns":4.0},{"damage":31.0,"enemies":"Exordium Thugs","floor":4.0,"turns":8.0},{"damage":7.0,"enemies":"3 Louse","floor":7.0,"turns":4.0},{"damage":19.0,"enemies":"Large Slime","floor":12.0,"turns":4.0},{"damage":6.0,"enemies":"Red Slaver","floor":13.0,"turns":3.0},{"damage":4.0,"enemies":"2 Fungi Beasts","floor":14.0,"turns":3.0},{"damage":60.0,"enemies":"The Guardian","floor":16.0,"turns":10.0},{"damage":8,"enemies":"Chosen","floor":18,"turns":3},{"damage":10,"enemies":"3 Byrds","floor":19,"turns":4},{"damage":60,"enemies":"Sentry and Sphere","floor":21,"turns":8},{"damage":24,"enemies":"Snake Plant","floor":22,"turns":4},{"damage":27,"enemies":"Centurion and Healer","floor":23,"turns":5}],"seed_played":"5333313004312815189","potions_obtained":[{"floor":3.0,"key":"Dexterity Potion"},{"floor":12.0,"key":"Poison Potion"},{"floor":14.0,"key":"AttackPotion"},{"floor":18,"key":"SpeedPotion"}],"is_trial":false,"path_per_floor":["M","M","M","M","?","R","M","$","T","?","R","M","M","M","R","B",null,"M","M","$","M","M","M"],"character_chosen":"IRONCLAD","items_purchased":["Chrysalis","Secret Weapon"],"campfire_rested":3,"item_purchase_floors":[8,20],"current_hp_per_floor":[78,80,80,55,37,61,60,60,60,60,80,67,67,69,80,38,80,78,74,74,32,26,0],"gold":40,"neow_bonus":"","is_prod":false,"is_daily":false,"chose_seed":false,"campfire_upgraded":0,"win_rate":0.0,"timestamp":1562515048,"path_taken":["M","M","M","M","?","R","M","$","T","?","R","M","M","M","R","BOSS","M","M","$","M","M","M"],"build_version":"2019-07-05","purchased_purges":0,"victory":false,"max_hp_per_floor":[80,80,80,80,80,80,80,80,80,80,80,80,80,80,80,80,80,80,80,80,80,80,80],"card_choices":[{"not_picked":["Blood for Blood","Uppercut"],"picked":"Headbutt","floor":1.0},{"not_picked":["Anger","Feel No Pain"],"picked":"Whirlwind","floor":2.0},{"not_picked":["Body Slam","Pummel"],"picked":"Shrug It Off","floor":3.0},{"not_picked":["Reckless Charge","True Grit"],"picked":"Infernal Blade","floor":4.0},{"not_picked":["Perfected Strike","Twin Strike"],"picked":"Bloodletting","floor":7.0},{"not_picked":["Headbutt","Rage"],"picked":"Infernal Blade","floor":12.0},{"not_picked":["Perfected Strike","Impervious"],"picked":"Clash","floor":13.0},{"not_picked":["Clothesline","Armaments"],"picked":"Bloodletting","floor":14.0},{"not_picked":["Brutality","Offering"],"picked":"Double Tap","floor":16.0},{"not_picked":["Body Slam","True Grit"],"picked":"Cleave","floor":18},{"not_picked":["Reckless Charge+1","Twin Strike+1"],"picked":"Shockwave+1","floor":19},{"not_picked":["Clothesline+1","Shrug It Off"],"picked":"Iron Wave+1","floor":21},{"not_picked":["Body Slam","Pummel","Disarm"],"picked":"SKIP","floor":22}],"player_experience":0,"relics_obtained":[{"floor":9.0,"key":"Self Forming Clay"}],"event_choices":[{"damage_healed":0.0,"max_hp_gain":0.0,"max_hp_loss":0.0,"gold_gain":0.0,"event_name":"Scrap Ooze","player_choice":"Success","floor":5.0,"gold_loss":0.0,"damage_taken":18.0,"relics_obtained":["Meat on the Bone"]},{"cards_removed":["Strike_R"],"damage_healed":0.0,"max_hp_gain":0.0,"max_hp_loss":0.0,"gold_gain":0.0,"event_name":"NoteForYourself","player_choice":"Took Card","floor":10.0,"gold_loss":0.0,"damage_taken":0.0,"cards_obtained":["Iron Wave"]}],"is_beta":false,"boss_relics":[{"not_picked":["Runic Dome","Velvet Choker"],"picked":"Empty Cage"}],"items_purged_floors":[],"is_endless":false,"potions_floor_spawned":[3,12,14,18,22],"killed_by":"Centurion and Healer","ascension_level":0}