{"gold_per_floor":[210,81,93,93,110,135,147,147,170,235,262,278,278,278,278,378,378,398,398,416,435,451,451,486,486],"floor_reached":25,"playtime":1130,"items_purged":[],"score":328,"play_id":"c33c7983-ded8-44d0-8678-f3d544245670","local_time":"20190709222446","is_ascension_mode":true,"campfire_choices":[{"floor":8,"key":"REST"},{"data":"Feed","floor":13,"key":"SMITH"},{"floor":15,"key":"REST"},{"floor":23,"key":"REST"}],"neow_cost":"NONE","seed_source_timestamp":0,"circlet_count":0,"master_deck":["Strike_R","Strike_R","Strike_R","Defend_R+1","Defend_R","Defend_R","Bash+1","Pommel Strike","Spot Weakness+1","Feed+1","Demon Form","Spot Weakness+1","Pummel+1","Rampage+1","Barricade"],"special_seed":0,"relics":["Burning Blood","Vajra","War Paint","Smiling Mask","Matryoshka","Astrolabe","Mercury Hourglass"],"potions_floor_usage":[11,16,16,16,24,25],"damage_taken":[{"damage":15.0,"enemies":"Small Slimes","floor":1.0,"turns":4.0},{"damage":6.0,"enemies":"Cultist","floor":3.0,"turns":3.0},{"damage":0.0,"enemies":"2 Louse","floor":5.0,"turns":2.0},{"damage":45.0,"enemies":"3 Sentries","floor":6.0,"turns":8.0},{"damage":13,"enemies":"Blue Slaver","floor":7,"turns":2},{"damage":16,"enemies":"Gremlin Nob","floor":10,"turns":3},{"damage":18,"enemies":"Gremlin Nob","floor":11,"turns":3},{"damage":12,"enemies":"Looter","floor":12,"turns":4},{"damage":65,"enemies":"The Guardian","floor":16,"turns":13},{"damage":34,"enemies":"2 Thieves","floor":18,"turns":4},{"damage":7,"enemies":"Chosen","floor":20,"turns":4},{"damage":20,"enemies":"Shelled Parasite and Fungi","floor":21,"turns":3},{"damage":21,"enemies":"Centurion and Healer","floor":22,"turns":7},{"damage":52,"enemies":"Gremlin Leader","floor":24,"turns":7},{"damage":22,"enemies":"Sentry and Sphere","floor":25,"turns":3}],"seed_played":"-7885748084945720005","potions_obtained":[{"floor":5.0,"key":"Explosive Potion"},{"floor":6,"key":"Explosive Potion"},{"floor":10,"key":"Regen Potion"},{"floor":11,"key":"FearPotion"},{"floor":18,"key":"Explosive Potion"},{"floor":24,"key":"GamblersBrew"}],"is_trial":false,"path_per_floor":["M","$","M","?","M","E","M","R","T","?","E","M","R","?","R","B",null,"M","?","M","M","M","R","E","M"],"character_chosen":"IRONCLAD","items_purchased":["Perfected Strike","BloodPotion"],"campfire_rested":3,"item_purchase_floors":[2,2],"current_hp_per_floor":[63,63,63,63,69,30,23,47,47,37,25,19,19,24,49,30,74,50,50,53,39,28,58,12,0],"gold":486,"neow_bonus":"HUNDRED_GOLD","is_prod":false,"is_daily":false,"chose_seed":false,"campfire_upgraded":1,"win_rate":0,"timestamp":1562725486,"path_taken":["M","$","M","?","?","E","M","R","T","?","E","M","R","?","R","BOSS","M","?","M","M","M","R","E","M"],"build_version":"2019-07-05","purchased_purges":0,"victory":false,"max_hp_per_floor":[80,80,80,80,80,80,80,80,80,80,80,80,80,85,85,89,89,93,93,97,97,101,101,101,101],"card_choices":[{"not_picked":["Havoc","Anger"],"picked":"Pommel Strike","floor":1.0},{"not_picked":["Warcry","Body Slam","Anger"],"picked":"SKIP","floor":3.0},{"not_picked":["Wild Strike","Sword Boomerang"],"picked":"Spot Weakness","floor":5.0},{"not_picked":["Ghostly Armor","Blood for Blood","Clothesline"],"picked":"SKIP","floor":6},{"not_picked":["Anger","Wild Strike","Combust"],"picked":"SKIP","floor":7},{"not_picked":["Rampage","Clothesline"],"picked":"Feed","floor":11},{"not_picked":["Inflame","Wild Strike","Dual Wield"],"picked":"SKIP","floor":12},{"not_picked":["Double Tap","Limit Break"],"picked":"Demon Form","floor":16},{"not_picked":["Clash+1","Perfected Strike","Power Through"],"picked":"SKIP","floor":18},{"not_picked":["Clash","Thunderclap","Evolve"],"picked":"SKIP","floor":20},{"not_picked":["Uppercut","Body Slam","Clash"],"picked":"SKIP","floor":21},{"not_picked":["Thunderclap+1","Twin Strike","Bloodletting"],"picked":"SKIP","floor":22},{"not_picked":["Hemokinesis","Power Through+1"],"picked":"Barricade","floor":24}],"player_experience":240597,"relics_obtained":[{"floor":6,"key":"Vajra"},{"floor":9,"key":"War Paint"},{"floor":11,"key":"Matryoshka"},{"floor":24,"key":"Mercury Hourglass"}],"event_choices":[{"cards_removed":["Defend_R"],"damage_healed":0.0,"max_hp_gain":0.0,"max_hp_loss":0.0,"gold_gain":0.0,"event_name":"Bonfire Elementals","player_choice":"Offered Basic","floor":4.0,"gold_loss":0.0,"damage_taken":0.0},{"damage_healed":0,"gold_gain":0,"player_choice":"Searched \u00272\u0027 times","damage_taken":0,"relics_obtained":["Smiling Mask"],"max_hp_gain":0,"max_hp_loss":0,"event_name":"Dead Adventurer","floor":10,"gold_loss":0},{"damage_healed":0,"gold_gain":0,"player_choice":"Donut","damage_taken":0,"max_hp_gain":5,"max_hp_loss":0,"event_name":"Big Fish","floor":14,"gold_loss":0},{"damage_healed":0,"gold_gain":0,"player_choice":"Forge","damage_taken":0,"max_hp_gain":0,"max_hp_loss":0,"event_name":"Accursed Blacksmith","floor":19,"gold_loss":0,"cards_upgraded":["Bash"]}],"is_beta":false,"boss_relics":[{"not_picked":["Lizard Tail","Eternal Feather"],"picked":"Astrolabe"}],"items_purged_floors":[],"is_endless":false,"potions_floor_spawned":[5,6,10,11,18,24],"killed_by":"Sentry and Sphere","ascension_level":6}