{"gold_per_floor":[366,380,32,32,32,32,46,46,46,58,74,54,54,65,65,144,144,154,167,167,177,190,190,190,190,217,217,252,277,304,57,57,57],"floor_reached":33,"playtime":1846,"items_purged":["Strike_R"],"score":550,"play_id":"efadbb08-a2a8-4d19-b233-9431f03600a5","local_time":"20190608155751","is_ascension_mode":true,"campfire_choices":[{"data":"Body Slam","floor":6.0,"key":"SMITH"},{"data":"Infernal Blade","floor":8.0,"key":"SMITH"},{"data":"Shrug It Off","floor":13.0,"key":"SMITH"},{"data":"Flame Barrier","floor":15.0,"key":"SMITH"},{"floor":23.0,"key":"REST"},{"data":"Body Slam","floor":25.0,"key":"SMITH"},{"floor":27.0,"key":"REST"},{"floor":32.0,"key":"REST"}],"neow_cost":"CURSE","seed_source_timestamp":267855275983665,"circlet_count":0,"master_deck":["AscendersBane","Strike_R","Strike_R","Defend_R+1","Defend_R","Defend_R+1","Defend_R","Bash","Headbutt","Infernal Blade+1","Body Slam+1","Shockwave","Carnage","Clash","Shrug It Off+1","Flame Barrier+1","Immolate","True Grit+1","Flame Barrier","Body Slam+1","Armaments+1","Shrug It Off","Barricade","Inflame","Blood for Blood"],"special_seed":0,"relics":["Burning Blood","Bag of Preparation","War Paint","Ancient Tea Set","Empty Cage","Blood Vial","Bronze Scales","Red Mask","Self Forming Clay"],"potions_floor_usage":[33],"damage_taken":[{"damage":3.0,"enemies":"Small Slimes","floor":1.0,"turns":3.0},{"damage":11.0,"enemies":"Cultist","floor":2.0,"turns":4.0},{"damage":5.0,"enemies":"2 Louse","floor":7.0,"turns":3.0},{"damage":10.0,"enemies":"Red Slaver","floor":10.0,"turns":4.0},{"damage":6.0,"enemies":"Gremlin Gang","floor":11.0,"turns":3.0},{"damage":4.0,"enemies":"Large Slime","floor":14.0,"turns":3.0},{"damage":63.0,"enemies":"The Guardian","floor":16.0,"turns":9.0},{"damage":24.0,"enemies":"Shell Parasite","floor":18.0,"turns":6.0},{"damage":21.0,"enemies":"Spheric Guardian","floor":19.0,"turns":5.0},{"damage":12.0,"enemies":"Snake Plant","floor":21.0,"turns":4.0},{"damage":13.0,"enemies":"Snecko","floor":22.0,"turns":8.0},{"damage":14.0,"enemies":"Book of Stabbing","floor":28.0,"turns":4.0},{"damage":4.0,"enemies":"Masked Bandits","floor":29.0,"turns":2.0},{"damage":42.0,"enemies":"Gremlin Leader","floor":30.0,"turns":8.0},{"damage":50,"enemies":"Automaton","floor":33,"turns":6}],"seed_played":"-4219692981554313589","potions_obtained":[{"floor":1.0,"key":"Explosive Potion"},{"floor":11.0,"key":"LiquidBronze"},{"floor":12.0,"key":"SpeedPotion"},{"floor":19.0,"key":"Fire Potion"},{"floor":21.0,"key":"Poison Potion"},{"floor":28.0,"key":"GamblersBrew"}],"is_trial":false,"path_per_floor":["M","M","$","?","$","R","M","R","T","M","M","?","R","M","R","B",null,"M","M","?","M","M","R","$","R","T","R","E","?","E","$","R","B"],"character_chosen":"IRONCLAD","items_purchased":["Bag of Preparation","War Paint","Body Slam","Inflame","Energy Potion","Blood for Blood"],"campfire_rested":3,"item_purchase_floors":[3,3,3,31,31,31],"current_hp_per_floor":[71,66,66,66,66,66,67,67,67,63,63,63,63,65,65,8,58,40,25,25,19,12,34,34,34,34,56,50,54,20,20,42,0],"gold":57,"neow_bonus":"TWO_FIFTY_GOLD","is_prod":false,"is_daily":false,"chose_seed":false,"campfire_upgraded":5,"win_rate":0,"timestamp":1560034671,"path_taken":["M","M","$","?","?","R","M","R","T","M","M","?","R","?","R","BOSS","M","?","?","?","?","R","?","R","T","R","E","?","E","?","R","BOSS"],"build_version":"2019-01-23","purchased_purges":1,"victory":false,"max_hp_per_floor":[75,75,75,75,75,75,75,75,75,75,75,75,75,75,75,75,75,75,75,75,75,75,75,75,75,75,75,75,75,75,75,75,75],"card_choices":[{"not_picked":["Warcry","Twin Strike"],"picked":"Headbutt","floor":1.0},{"not_picked":["Wild Strike","Entrench"],"picked":"Infernal Blade","floor":2.0},{"not_picked":["True Grit","Infernal Blade"],"picked":"Carnage","floor":7.0},{"not_picked":["Twin Strike","Sword Boomerang"],"picked":"Clash","floor":10.0},{"not_picked":["Thunderclap","Pommel Strike"],"picked":"Shrug It Off","floor":11.0},{"not_picked":["Intimidate","Pummel"],"picked":"Flame Barrier","floor":14.0},{"not_picked":["Limit Break","Offering"],"picked":"Immolate","floor":16.0},{"not_picked":["Combust+1","Sword Boomerang","Wild Strike"],"picked":"SKIP","floor":18.0},{"not_picked":["Thunderclap+1","Heavy Blade"],"picked":"True Grit","floor":19.0},{"not_picked":["Armaments","Intimidate"],"picked":"Flame Barrier","floor":21.0},{"not_picked":["Bloodletting","Whirlwind"],"picked":"Body Slam","floor":22.0},{"not_picked":["Juggernaut","Blood for Blood"],"picked":"Armaments+1","floor":28.0},{"not_picked":["Pommel Strike","Warcry"],"picked":"Shrug It Off","floor":29.0},{"not_picked":["Sword Boomerang+1","Shrug It Off"],"picked":"Barricade","floor":30.0}],"player_experience":812925,"relics_obtained":[{"floor":9.0,"key":"Ancient Tea Set"},{"floor":26.0,"key":"Blood Vial"},{"floor":28.0,"key":"Bronze Scales"},{"floor":29.0,"key":"Red Mask"},{"floor":30.0,"key":"Self Forming Clay"}],"event_choices":[{"damage_healed":0.0,"max_hp_gain":0.0,"max_hp_loss":0.0,"gold_gain":0.0,"cards_transformed":["Strike_R"],"event_name":"Transmorgrifier","player_choice":"Transformed","floor":4.0,"gold_loss":0.0,"damage_taken":0.0,"cards_obtained":["Shockwave"]},{"damage_healed":0.0,"max_hp_gain":0.0,"max_hp_loss":0.0,"gold_gain":0.0,"event_name":"The Woman in Blue","player_choice":"Bought 1 Potion","floor":12.0,"gold_loss":0.0,"damage_taken":0.0},{"damage_healed":0.0,"max_hp_gain":0.0,"max_hp_loss":0.0,"gold_gain":0.0,"event_name":"Upgrade Shrine","player_choice":"Upgraded","floor":20.0,"gold_loss":0.0,"damage_taken":0.0,"cards_upgraded":["True Grit"]},{"damage_healed":0.0,"max_hp_gain":0.0,"max_hp_loss":0.0,"gold_gain":0.0,"event_name":"Masked Bandits","player_choice":"Fought Bandits","floor":29.0,"gold_loss":0.0,"damage_taken":0.0}],"is_beta":false,"boss_relics":[{"not_picked":["Lizard Tail","Coffee Dripper"],"picked":"Empty Cage"}],"items_purged_floors":[31],"is_endless":false,"potions_floor_spawned":[1,11,14,19,21,28],"killed_by":"Automaton","ascension_level":20}