{"gold_per_floor":[114,114,129,144,36,66,81,96,96,111,81,96,96,126,126,226,226,241,241,256,256],"floor_reached":21,"playtime":2749,"items_purged":[],"score":193,"play_id":"14e55ecf-ef2e-4e39-a0ed-06efeac8835d","local_time":"20181209135622","daily_mods":["Draft","Red Cards","Night Terrors"],"is_ascension_mode":false,"campfire_choices":[{"floor":15,"key":"REST"}],"neow_cost":"","seed_source_timestamp":0,"circlet_count":0,"master_deck":["Dagger Throw","Outmaneuver+1","Choke","Clash","Underhanded Strike","Ghostly Armor","Prepared","Deflect","Spot Weakness","Flex","Deflect","Evolve","Outmaneuver","Outmaneuver","Backflip","Shrug It Off","Jack Of All Trades","Blur","Reaper","Noxious Fumes","Bouncing Flask","Bouncing Flask","Carnage","Blur","Burst+1","Slice","Dash","Flame Barrier+1","Tools of the Trade","Anger+1","Acrobatics+1"],"special_seed":17874,"relics":["Ring of the Snake","Bird Faced Urn","Toxic Egg 2","Blood Vial","WristBlade","Incense Burner"],"potions_floor_usage":[8,11,21,21],"damage_taken":[{"damage":5,"enemies":"Cultist","floor":1,"turns":4},{"damage":13,"enemies":"Jaw Worm","floor":3,"turns":4},{"damage":2,"enemies":"Small Slimes","floor":4,"turns":4},{"damage":27,"enemies":"Lagavulin","floor":6,"turns":8},{"damage":46,"enemies":"Gremlin Gang","floor":7,"turns":5},{"damage":7,"enemies":"Large Slime","floor":8,"turns":5},{"damage":6,"enemies":"Exordium Wildlife","floor":10,"turns":5},{"damage":2,"enemies":"Looter","floor":11,"turns":4},{"damage":10,"enemies":"Blue Slaver","floor":12,"turns":5},{"damage":17,"enemies":"Gremlin Nob","floor":14,"turns":4},{"damage":12,"enemies":"Slime Boss","floor":16,"turns":12},{"damage":43,"enemies":"Spheric Guardian","floor":18,"turns":8},{"damage":16,"enemies":"3 Byrds","floor":20,"turns":7},{"damage":29,"enemies":"Shelled Parasite and Fungi","floor":21,"turns":3}],"seed_played":"-3807787308880061937","potions_obtained":[{"floor":4,"key":"LiquidBronze"},{"floor":6,"key":"GamblersBrew"},{"floor":8,"key":"Swift Potion"},{"floor":10,"key":"Block Potion"},{"floor":18,"key":"SteroidPotion"},{"floor":20,"key":"AttackPotion"}],"is_trial":false,"path_per_floor":["M","?","M","M","$","E","M","M","T","M","M","M","?","E","R","B",null,"M","?","M","M"],"character_chosen":"THE_SILENT","items_purchased":["Noxious Fumes","Bouncing Flask"],"campfire_rested":1,"item_purchase_floors":[5,5],"current_hp_per_floor":[65,65,52,50,50,27,9,9,9,13,21,19,19,12,65,65,65,26,26,22,0],"gold":256,"neow_bonus":"","is_prod":false,"is_daily":true,"chose_seed":false,"campfire_upgraded":0,"win_rate":0,"timestamp":1544381782,"path_taken":["M","?","M","M","$","E","M","?","T","M","M","M","?","E","R","BOSS","M","?","?","M"],"build_version":"2018-12-06","purchased_purges":0,"victory":false,"max_hp_per_floor":[70,70,70,70,70,70,70,70,70,70,70,70,70,70,65,65,65,65,65,65,65],"card_choices":[{"not_picked":["Headbutt","Reckless Charge"],"picked":"Dagger Throw","floor":0},{"not_picked":["Dodge and Roll","Dagger Throw"],"picked":"Outmaneuver","floor":0},{"not_picked":["Armaments","Well Laid Plans"],"picked":"Choke","floor":0},{"not_picked":["Predator","Uppercut"],"picked":"Clash","floor":0},{"not_picked":["Clash","Blade Dance"],"picked":"Underhanded Strike","floor":0},{"not_picked":["Burning Pact","Havoc"],"picked":"Ghostly Armor","floor":0},{"not_picked":["Armaments","Deadly Poison"],"picked":"Prepared","floor":0},{"not_picked":["Cleave","Shockwave"],"picked":"Deflect","floor":0},{"not_picked":["Sentinel","Body Slam"],"picked":"Spot Weakness","floor":0},{"not_picked":["Headbutt","Clash"],"picked":"Flex","floor":0},{"not_picked":["Whirlwind","Sever Soul"],"picked":"Deflect","floor":0},{"not_picked":["Slice","Armaments"],"picked":"Evolve","floor":0},{"not_picked":["Masterful Stab","Blood for Blood"],"picked":"Outmaneuver","floor":0},{"not_picked":["Heavy Blade","Armaments"],"picked":"Outmaneuver","floor":0},{"not_picked":["Poisoned Stab","Body Slam"],"picked":"Backflip","floor":0},{"not_picked":["Flex","Second Wind"],"picked":"Shrug It Off","floor":1},{"not_picked":["Clash","Flechettes"],"picked":"Blur","floor":3},{"not_picked":["Pommel Strike","Clash"],"picked":"Reaper","floor":4},{"not_picked":["Outmaneuver","Ghostly Armor"],"picked":"Bouncing Flask","floor":6},{"not_picked":["Expertise","Flying Knee"],"picked":"Carnage","floor":7},{"not_picked":["Acrobatics","Body Slam"],"picked":"Blur","floor":8},{"not_picked":["Poisoned Stab","Dash"],"picked":"Burst+1","floor":10},{"not_picked":["Cleave","Havoc+1"],"picked":"Slice","floor":11},{"not_picked":["Twin Strike","Outmaneuver+1"],"picked":"Dash","floor":12},{"not_picked":["Evolve","Dodge and Roll+1"],"picked":"Flame Barrier+1","floor":14},{"not_picked":["Double Tap+1","Storm of Steel+1"],"picked":"Tools of the Trade","floor":16},{"not_picked":["Shrug It Off+1","Clothesline"],"picked":"Anger+1","floor":18},{"not_picked":["Choke","Calculated Gamble+1"],"picked":"Acrobatics+1","floor":20}],"player_experience":500912,"relics_obtained":[{"floor":6,"key":"Bird Faced Urn"},{"floor":9,"key":"Toxic Egg 2"},{"floor":14,"key":"Blood Vial"}],"event_choices":[{"damage_healed":0,"gold_gain":0,"player_choice":"1 cards matched","damage_taken":0,"max_hp_gain":0,"max_hp_loss":0,"event_name":"Match and Keep!","floor":2,"gold_loss":0,"cards_obtained":["Jack Of All Trades"]},{"damage_healed":0,"gold_gain":0,"player_choice":"Grow","damage_taken":0,"max_hp_gain":0,"max_hp_loss":0,"event_name":"Living Wall","floor":13,"gold_loss":0,"cards_upgraded":["Outmaneuver"]},{"damage_healed":0,"gold_gain":0,"player_choice":"Gave Potion","damage_taken":0,"relics_obtained":["Incense Burner"],"max_hp_gain":0,"max_hp_loss":0,"event_name":"WeMeetAgain","floor":19,"gold_loss":0}],"is_beta":false,"boss_relics":[{"not_picked":["Astrolabe","Snecko Eye"],"picked":"WristBlade"}],"items_purged_floors":[],"is_endless":false,"potions_floor_spawned":[4,6,8,10,18,20],"killed_by":"Shelled Parasite and Fungi","ascension_level":0}