{"gold_per_floor":[113,113,125,200,170,170,186,205,205,205,281,296,329,347,347,452,452,470,482,288,288,288,288,315,230,230,230,249,269,269,269],"floor_reached":31,"playtime":4892,"items_purged":[],"score":255,"play_id":"d390a777-a1a8-4330-af24-b4f65d381681","local_time":"20190708211202","is_ascension_mode":false,"campfire_choices":[{"data":"Shrug It Off","floor":6,"key":"SMITH"},{"data":"Clash","floor":10,"key":"SMITH"},{"floor":15,"key":"REST"},{"data":"Berserk","floor":23,"key":"SMITH"},{"floor":27,"key":"REST"}],"neow_cost":"NONE","seed_source_timestamp":346416843455377,"circlet_count":0,"master_deck":["Strike_R","Strike_R","Strike_R","Strike_R","Strike_R","Defend_R","Defend_R","Defend_R","Defend_R","Bash","Anger+1","Flex","Shrug It Off+1","Clash+1","Iron Wave","Headbutt","Flame Barrier","Metallicize","Berserk+1","Rage+1","Rampage","Violence","Metallicize","Second Wind","Heavy Blade","Dual Wield","Metallicize"],"relics":["Burning Blood","Self Forming Clay","Mummified Hand","Runic Pyramid","MutagenicStrength","Pen Nib","Magic Flower","Pantograph"],"potions_floor_usage":[5,29],"damage_taken":[{"damage":8,"enemies":"Jaw Worm","floor":1,"turns":3},{"damage":0,"enemies":"Small Slimes","floor":3,"turns":3},{"damage":7,"enemies":"2 Louse","floor":7,"turns":3},{"damage":9,"enemies":"Gremlin Gang","floor":8,"turns":4},{"damage":0,"enemies":"3 Louse","floor":12,"turns":4},{"damage":27,"enemies":"3 Sentries","floor":13,"turns":9},{"damage":18,"enemies":"Large Slime","floor":14,"turns":7},{"damage":28,"enemies":"The Guardian","floor":16,"turns":12},{"damage":0,"enemies":"Chosen","floor":18,"turns":5},{"damage":17,"enemies":"3 Byrds","floor":19,"turns":5},{"damage":38,"enemies":"Slavers","floor":24,"turns":8},{"damage":34,"enemies":"Centurion and Healer","floor":28,"turns":9},{"damage":16,"enemies":"Snake Plant","floor":29,"turns":5},{"damage":52,"enemies":"Cultist and Chosen","floor":31,"turns":6}],"seed_played":"1440150608589229512","potions_obtained":[{"floor":1,"key":"Regen Potion"},{"floor":5,"key":"Fruit Juice"},{"floor":5,"key":"SkillPotion"},{"floor":8,"key":"Block Potion"}],"is_trial":false,"path_per_floor":["M","?","M","?","?","R","M","M","T","R","?","M","E","M","R","B",null,"M","M","$","?","?","R","E","?","T","R","M","M","?","M"],"character_chosen":"IRONCLAD","items_purchased":["Violence"],"campfire_rested":2,"item_purchase_floors":[20],"current_hp_per_floor":[78,78,80,69,74,74,73,70,70,70,70,76,55,43,68,46,85,85,74,74,74,74,74,42,42,42,67,42,49,49,0],"gold":269,"neow_bonus":"THREE_CARDS","is_prod":false,"is_daily":false,"chose_seed":false,"campfire_upgraded":3,"win_rate":0.0,"timestamp":1562656322,"path_taken":["M","?","M","?","?","R","M","?","T","R","?","M","E","M","R","BOSS","M","M","$","?","?","R","E","?","T","R","M","?","?","M"],"build_version":"2019-07-05","purchased_purges":0,"victory":false,"max_hp_per_floor":[80,80,80,80,85,85,85,85,85,85,85,85,85,85,85,85,85,85,85,85,85,85,85,85,85,85,85,85,85,85,85],"card_choices":[{"not_picked":["Armaments","Headbutt"],"picked":"Anger","floor":0},{"not_picked":["Combust","True Grit"],"picked":"Flex","floor":1},{"not_picked":["Fire Breathing","Seeing Red"],"picked":"Shrug It Off","floor":3},{"not_picked":["Second Wind","True Grit"],"picked":"Clash","floor":7},{"not_picked":["Bloodletting","Battle Trance"],"picked":"Iron Wave","floor":8},{"not_picked":["Limit Break","Searing Blow"],"picked":"Headbutt","floor":12},{"not_picked":["Twin Strike","Shockwave"],"picked":"Flame Barrier","floor":13},{"not_picked":["Bloodletting","Entrench"],"picked":"Metallicize","floor":14},{"not_picked":["Offering","Dark Embrace"],"picked":"Berserk","floor":16},{"not_picked":["Armaments","Warcry"],"picked":"Rage+1","floor":18},{"not_picked":["Cleave","Bloodletting"],"picked":"Rampage","floor":19},{"not_picked":["Sword Boomerang","Body Slam"],"picked":"Second Wind","floor":24},{"not_picked":["Seeing Red","Second Wind+1"],"picked":"Heavy Blade","floor":28},{"not_picked":["Rupture","Warcry"],"picked":"Dual Wield","floor":29}],"player_experience":7445,"relics_obtained":[{"floor":9,"key":"Self Forming Clay"},{"floor":13,"key":"Mummified Hand"},{"floor":24,"key":"Pen Nib"},{"floor":26,"key":"Pantograph"}],"event_choices":[{"damage_healed":0,"gold_gain":0,"player_choice":"Grow","damage_taken":0,"max_hp_gain":0,"max_hp_loss":0,"event_name":"Living Wall","floor":2,"gold_loss":0,"cards_upgraded":["Anger"]},{"damage_healed":0,"gold_gain":75,"player_choice":"Gather Gold","damage_taken":11,"max_hp_gain":0,"max_hp_loss":0,"event_name":"World of Goop","floor":4,"gold_loss":0},{"damage_healed":0,"gold_gain":0,"player_choice":"Bought 2 Potions","damage_taken":0,"max_hp_gain":0,"max_hp_loss":0,"event_name":"The Woman in Blue","floor":5,"gold_loss":0},{"damage_healed":0,"gold_gain":76,"player_choice":"Gained Gold","damage_taken":0,"max_hp_gain":0,"max_hp_loss":0,"event_name":"Golden Wing","floor":11,"gold_loss":0},{"damage_healed":0,"gold_gain":0,"player_choice":"Inject Mutagens","damage_taken":0,"relics_obtained":["MutagenicStrength"],"max_hp_gain":0,"max_hp_loss":0,"event_name":"Drug Dealer","floor":21,"gold_loss":0},{"damage_healed":0,"gold_gain":0,"player_choice":"Read","damage_taken":0,"max_hp_gain":0,"max_hp_loss":0,"event_name":"The Library","floor":22,"gold_loss":0,"cards_obtained":["Metallicize"]},{"damage_healed":0,"gold_gain":0,"player_choice":"Obtained Relic","damage_taken":0,"relics_obtained":["Magic Flower"],"max_hp_gain":0,"max_hp_loss":0,"event_name":"Addict","floor":25,"gold_loss":85},{"damage_healed":0,"gold_gain":0,"player_choice":"Copied","damage_taken":0,"max_hp_gain":0,"max_hp_loss":0,"event_name":"Duplicator","floor":30,"gold_loss":0,"cards_obtained":["Metallicize"]}],"is_beta":false,"boss_relics":[{"not_picked":["Snecko Eye","Velvet Choker"],"picked":"Runic Pyramid"}],"items_purged_floors":[],"is_endless":false,"potions_floor_spawned":[1,8,12,18,28],"killed_by":"Cultist and Chosen","ascension_level":0}