{"gold_per_floor":[114,26,26,100,115,145,25,55,55,55,55,85,3,18,18,18],"floor_reached":16,"playtime":2166,"items_purged":[],"score":116,"play_id":"90d4fe7f-7487-4a7f-a4ed-dc860167a704","local_time":"20181020101901","daily_mods":["Draft","Blue Cards","Elite Swarm"],"is_ascension_mode":false,"campfire_choices":[{"floor":10,"key":"REST"},{"floor":15,"key":"REST"}],"neow_cost":"","seed_source_timestamp":0,"circlet_count":0,"master_deck":["Sweeping Beam","Caltrops","Deflect","Poisoned Stab+1","Dagger Throw","Deadly Poison","Dagger Throw","Beam Cell","Steam","FTL+1","Underhanded Strike","Heatsinks","Dodge and Roll","Slice","Double Energy","Dramatic Entrance","Concentrate","All For One","Swift Strike","Dodge and Roll","Tools of the Trade","A Thousand Cuts","Outmaneuver","Riddle With Holes+1","Tactician"],"special_seed":17824,"relics":["Ring of the Snake","Omamori","Molten Egg 2","Mercury Hourglass","Oddly Smooth Stone","Ginger"],"potions_floor_usage":[8,8],"damage_taken":[{"damage":4,"enemies":"2 Louse","floor":1,"turns":2},{"damage":1,"enemies":"Jaw Worm","floor":5,"turns":2},{"damage":36,"enemies":"Lagavulin","floor":6,"turns":5},{"damage":2,"enemies":"Gremlin Nob","floor":8,"turns":3},{"damage":20,"enemies":"Lagavulin","floor":12,"turns":4},{"damage":0,"enemies":"Small Slimes","floor":14,"turns":3},{"damage":35,"enemies":"The Guardian","floor":16,"turns":6}],"seed_played":"5305881688716240515","potions_obtained":[{"floor":5,"key":"Poison Potion"},{"floor":6,"key":"EssenceOfSteel"}],"is_trial":false,"path_per_floor":["M","$","?","?","M","E","$","E","T","R","?","E","$","M","R"],"character_chosen":"THE_SILENT","items_purchased":["Dramatic Entrance","Swift Strike","Dodge and Roll","Outmaneuver","Riddle With Holes+1"],"campfire_rested":2,"item_purchase_floors":[2,7,7,13,13],"current_hp_per_floor":[66,66,52,52,51,15,15,13,13,34,34,14,14,14,35,0],"gold":18,"neow_bonus":"","is_prod":false,"is_daily":true,"chose_seed":false,"campfire_upgraded":0,"win_rate":0,"timestamp":1540045141,"path_taken":["M","$","?","?","?","E","$","E","T","R","?","E","?","M","R","BOSS"],"build_version":"2018-10-18","purchased_purges":0,"victory":false,"max_hp_per_floor":[70,70,70,70,70,70,70,70,70,70,70,70,70,70,70,70],"card_choices":[{"not_picked":["Compile Driver","Streamline"],"picked":"Sweeping Beam","floor":0},{"not_picked":["Backflip","Sucker Punch"],"picked":"Caltrops","floor":0},{"not_picked":["Masterful Stab","Stack"],"picked":"Deflect","floor":0},{"not_picked":["Redo","Sucker Punch"],"picked":"Poisoned Stab","floor":0},{"not_picked":["Glacier","Blizzard"],"picked":"Dagger Throw","floor":0},{"not_picked":["All Out Attack","Skim"],"picked":"Deadly Poison","floor":0},{"not_picked":["Calculated Gamble","Darkness"],"picked":"Dagger Throw","floor":0},{"not_picked":["Well Laid Plans","Blade Dance"],"picked":"Beam Cell","floor":0},{"not_picked":["Skewer","Stack"],"picked":"Steam","floor":0},{"not_picked":["Rebound","PiercingWail"],"picked":"FTL","floor":0},{"not_picked":["Beam Cell","Cloak And Dagger"],"picked":"Underhanded Strike","floor":0},{"not_picked":["Beam Cell","Poisoned Stab"],"picked":"Heatsinks","floor":0},{"not_picked":["Hologram","Blade Dance"],"picked":"Dodge and Roll","floor":0},{"not_picked":["Chill","Sucker Punch"],"picked":"Slice","floor":0},{"not_picked":["Streamline","Hologram"],"picked":"Prepared","floor":0},{"not_picked":["Well Laid Plans","Footwork"],"picked":"Double Energy","floor":1},{"not_picked":["Force Field","Endless Agony"],"picked":"Concentrate","floor":5},{"not_picked":["Thunder Strike","Multi-Cast"],"picked":"All For One","floor":6},{"not_picked":["Amplify","Phantasmal Killer"],"picked":"Tools of the Trade","floor":8},{"not_picked":["Venomology","Echo Form"],"picked":"A Thousand Cuts","floor":12},{"not_picked":["Catalyst","Heel Hook+1"],"picked":"Tactician","floor":14}],"player_experience":437274,"relics_obtained":[{"floor":6,"key":"Omamori"},{"floor":8,"key":"Molten Egg 2"},{"floor":9,"key":"Mercury Hourglass"},{"floor":12,"key":"Ginger"}],"event_choices":[{"damage_healed":0,"gold_gain":0,"player_choice":"Entered Light","damage_taken":14,"max_hp_gain":0,"max_hp_loss":0,"event_name":"Shining Light","floor":3,"gold_loss":0,"cards_upgraded":["Poisoned Stab","FTL"]},{"damage_healed":0,"gold_gain":74,"player_choice":"Gained Gold","damage_taken":0,"max_hp_gain":0,"max_hp_loss":0,"event_name":"Golden Wing","floor":4,"gold_loss":0},{"cards_removed":["Prepared"],"damage_healed":0,"gold_gain":0,"player_choice":"Gave Card","damage_taken":0,"relics_obtained":["Oddly Smooth Stone"],"max_hp_gain":0,"max_hp_loss":0,"event_name":"WeMeetAgain","floor":11,"gold_loss":0}],"is_beta":false,"boss_relics":[],"items_purged_floors":[],"is_endless":false,"potions_floor_spawned":[5,6],"killed_by":"The Guardian","ascension_level":0}