{"gold_per_floor":[114,114,133,133,133,133,165,184,184,184,217,236,254,285,285,385,385,395,411,86,99,112,112,112],"floor_reached":24,"playtime":2891,"items_purged":["Strike_G"],"score":267,"play_id":"847aff4d-ce1a-40bb-8455-51608063caf7","local_time":"20190710150529","is_ascension_mode":true,"campfire_choices":[{"floor":6,"key":"RECALL"},{"data":"Neutralize","floor":10,"key":"SMITH"},{"floor":15,"key":"REST"},{"floor":23,"key":"REST"}],"neow_cost":"NONE","seed_source_timestamp":29039304563750,"circlet_count":0,"master_deck":["Strike_G","Strike_G","Strike_G","Defend_G","Defend_G","Defend_G","Defend_G","Defend_G","Survivor","Neutralize+1","Dagger Throw","Backflip","A Thousand Cuts","Deflect","Slice","Slice","Calculated Gamble","Envenom","Accuracy+1","Terror","Cloak And Dagger","Noxious Fumes","Flying Knee","Cloak And Dagger+1","Flying Knee+1"],"relics":["Ring of the Snake","NeowsBlessing","The Courier","Potion Belt","PreservedInsect","Runic Pyramid","Bag of Marbles"],"potions_floor_usage":[11,14,16,24,24],"damage_taken":[{"damage":0,"enemies":"Small Slimes","floor":1,"turns":1},{"damage":0,"enemies":"Cultist","floor":3,"turns":1},{"damage":0,"enemies":"Gremlin Nob","floor":7,"turns":1},{"damage":0,"enemies":"2 Louse","floor":8,"turns":3},{"damage":17,"enemies":"3 Sentries","floor":11,"turns":8},{"damage":17,"enemies":"Lots of Slimes","floor":12,"turns":3},{"damage":0,"enemies":"Blue Slaver","floor":13,"turns":5},{"damage":16,"enemies":"Gremlin Nob","floor":14,"turns":4},{"damage":38,"enemies":"Slime Boss","floor":16,"turns":12},{"damage":0,"enemies":"Shell Parasite","floor":18,"turns":9},{"damage":20,"enemies":"Chosen","floor":19,"turns":7},{"damage":23,"enemies":"Snake Plant","floor":21,"turns":5},{"damage":18,"enemies":"Centurion and Healer","floor":22,"turns":7},{"damage":30,"enemies":"Sentry and Sphere","floor":24,"turns":6}],"seed_played":"-6354536237366891940","potions_obtained":[{"floor":1,"key":"LiquidBronze"},{"floor":7,"key":"SteroidPotion"},{"floor":14,"key":"Ancient Potion"},{"floor":18,"key":"Fire Potion"},{"floor":22,"key":"Poison Potion"}],"is_trial":false,"path_per_floor":["M","$","M","$","?","R","E","M","T","R","E","M","M","E","R","B",null,"M","M","$","M","M","R","M"],"character_chosen":"THE_SILENT","items_purchased":["Cloak And Dagger","Noxious Fumes","Bag of Marbles","Flying Knee"],"campfire_rested":2,"item_purchase_floors":[20,20,20,20],"current_hp_per_floor":[70,70,70,70,70,70,70,70,70,70,53,36,36,20,41,3,70,70,50,50,27,9,30,0],"gold":112,"neow_bonus":"THREE_ENEMY_KILL","is_prod":false,"is_daily":false,"chose_seed":false,"campfire_upgraded":1,"win_rate":0,"timestamp":1562807129,"path_taken":["M","$","M","$","?","R","E","M","T","R","E","M","?","E","R","BOSS","M","M","$","M","?","R","?"],"build_version":"2019-07-05","purchased_purges":1,"victory":false,"max_hp_per_floor":[70,70,70,70,70,70,70,70,70,70,70,70,70,70,70,70,70,70,70,70,70,70,70,70],"card_choices":[{"not_picked":["Calculated Gamble","PiercingWail"],"picked":"Dagger Throw","floor":1},{"not_picked":["Dagger Throw","Choke"],"picked":"Backflip","floor":3},{"not_picked":["Calculated Gamble","Predator"],"picked":"A Thousand Cuts","floor":7},{"not_picked":["Leg Sweep","Dagger Throw"],"picked":"Deflect","floor":8},{"not_picked":["Flechettes","Masterful Stab"],"picked":"Slice","floor":11},{"not_picked":["Dodge and Roll","Dagger Spray"],"picked":"Slice","floor":12},{"not_picked":["Underhanded Strike","PiercingWail"],"picked":"Calculated Gamble","floor":13},{"not_picked":["Dagger Spray","Leg Sweep","Quick Slash"],"picked":"SKIP","floor":14},{"not_picked":["Storm of Steel","Die Die Die"],"picked":"Envenom","floor":16},{"not_picked":["Acrobatics","Bane"],"picked":"Accuracy+1","floor":18},{"not_picked":["Deadly Poison+1","Expertise"],"picked":"Terror","floor":19},{"not_picked":["Blade Dance","Dagger Spray"],"picked":"Cloak And Dagger+1","floor":21},{"not_picked":["Heel Hook","Deflect+1"],"picked":"Flying Knee+1","floor":22}],"player_experience":84862,"relics_obtained":[{"floor":7,"key":"The Courier"},{"floor":11,"key":"Potion Belt"},{"floor":14,"key":"PreservedInsect"}],"event_choices":[{"cards_removed":["Strike_G"],"damage_healed":0,"gold_gain":0,"player_choice":"Offered Basic","damage_taken":0,"max_hp_gain":0,"max_hp_loss":0,"event_name":"Bonfire Elementals","floor":5,"gold_loss":0}],"is_beta":false,"boss_relics":[{"not_picked":["Coffee Dripper","Sozu"],"picked":"Runic Pyramid"}],"items_purged_floors":[20],"is_endless":false,"potions_floor_spawned":[1,7,14,18,22],"killed_by":"Sentry and Sphere","ascension_level":2}