{"gold_per_floor":[110,127,30,30,43,43,69,69,93,93,108,28,0,15,15,114,114,127,127,145,145,145,145,173,173,200,113,125,125],"floor_reached":29,"playtime":1653,"items_purged":[],"score":266,"play_id":"e40872ef-1493-4a0f-b807-fd187d9367d9","local_time":"20190707000104","is_ascension_mode":false,"campfire_choices":[{"data":"White Noise","floor":6,"key":"SMITH"},{"data":"Loop","floor":10,"key":"SMITH"},{"data":"Redo","floor":15,"key":"SMITH"},{"floor":23,"key":"REST"},{"data":"Genetic Algorithm","floor":25,"key":"SMITH"}],"neow_cost":"PERCENT_DAMAGE","seed_source_timestamp":186998935319835,"circlet_count":0,"master_deck":["Strike_B","Strike_B","Strike_B","Defend_B","Defend_B+1","Defend_B","Defend_B","Zap+1","Dualcast","Conserve Battery+1","Leap","Finesse","White Noise+1","Darkness","Loop+1","Cold Snap","Genetic Algorithm+1","Redo+1","Electrodynamics","Conserve Battery","RitualDagger","Ball Lightning","BootSequence","Redo","Bandage Up","Aggregate"],"relics":["Cracked Core","War Paint","Centennial Puzzle","White Beast Statue","Omamori","Dream Catcher"],"potions_floor_usage":[24,29],"damage_taken":[{"damage":0,"enemies":"Cultist","floor":1,"turns":3},{"damage":2,"enemies":"2 Louse","floor":2,"turns":3},{"damage":0,"enemies":"Small Slimes","floor":5,"turns":3},{"damage":31,"enemies":"Gremlin Nob","floor":7,"turns":5},{"damage":4,"enemies":"Exordium Wildlife","floor":11,"turns":4},{"damage":0,"enemies":"Exordium Thugs","floor":14,"turns":5},{"damage":12,"enemies":"Slime Boss","floor":16,"turns":9},{"damage":9,"enemies":"Spheric Guardian","floor":18,"turns":4},{"damage":9,"enemies":"Shell Parasite","floor":20,"turns":7},{"damage":51,"enemies":"Slavers","floor":24,"turns":5},{"damage":12,"enemies":"Shelled Parasite and Fungi","floor":28,"turns":4},{"damage":22,"enemies":"Snecko","floor":29,"turns":5}],"seed_played":"-1041912934171797616","potions_obtained":[{"floor":2,"key":"SmokeBomb"},{"floor":5,"key":"Dexterity Potion"},{"floor":11,"key":"Swift Potion"},{"floor":16,"key":"FearPotion"},{"floor":18,"key":"SteroidPotion"},{"floor":24,"key":"SteroidPotion"}],"is_trial":false,"path_per_floor":["M","M","$","?","M","R","E","?","T","R","M","$","?","M","R","B",null,"M","?","M","?","?","R","E","R","T","$","M","M"],"character_chosen":"DEFECT","items_purchased":["Finesse","Genetic Algorithm","Bandage Up"],"campfire_rested":1,"item_purchase_floors":[3,12,27],"current_hp_per_floor":[68,66,66,66,66,66,35,35,35,35,31,31,31,31,31,19,89,80,74,65,65,48,76,25,25,25,25,17,0],"gold":125,"neow_bonus":"TWENTY_PERCENT_HP_BONUS","is_prod":false,"is_daily":false,"chose_seed":false,"campfire_upgraded":4,"win_rate":0.0,"timestamp":1562493664,"path_taken":["M","?","$","?","?","R","E","?","T","R","M","?","?","?","R","BOSS","M","?","M","?","?","R","E","R","T","$","?","M"],"build_version":"2019-07-05","purchased_purges":0,"victory":false,"max_hp_per_floor":[89,89,89,89,89,89,89,89,89,89,89,89,89,89,89,89,89,89,89,89,89,94,94,94,94,94,94,94,94],"card_choices":[{"not_picked":["Sweeping Beam","Steam Power"],"picked":"Conserve Battery","floor":1},{"not_picked":["Defragment","Rip and Tear"],"picked":"Leap","floor":2},{"not_picked":["Chill","Beam Cell"],"picked":"White Noise","floor":5},{"not_picked":["Lockon","Compile Driver"],"picked":"Darkness","floor":7},{"not_picked":["Go for the Eyes","Compile Driver"],"picked":"Cold Snap","floor":11},{"not_picked":["Thunder Strike","Go for the Eyes"],"picked":"Redo","floor":14},{"not_picked":["Biased Cognition","Buffer"],"picked":"Electrodynamics","floor":16},{"not_picked":["Stack","Fusion"],"picked":"Conserve Battery","floor":18},{"not_picked":["Redo","Compile Driver"],"picked":"Ball Lightning","floor":20},{"not_picked":["Buffer","Compile Driver"],"picked":"Redo","floor":24},{"not_picked":["Gash","Coolheaded+1"],"picked":"Aggregate","floor":28}],"player_experience":30461,"relics_obtained":[{"floor":7,"key":"War Paint"},{"floor":9,"key":"Centennial Puzzle"},{"floor":24,"key":"Omamori"},{"floor":26,"key":"Dream Catcher"}],"event_choices":[{"damage_healed":0,"gold_gain":0,"player_choice":"Forge","damage_taken":0,"max_hp_gain":0,"max_hp_loss":0,"event_name":"Accursed Blacksmith","floor":4,"gold_loss":0,"cards_upgraded":["Zap"]},{"damage_healed":0,"gold_gain":0,"cards_transformed":["Strike_B"],"player_choice":"Transformed","damage_taken":0,"max_hp_gain":0,"max_hp_loss":0,"event_name":"Transmorgrifier","floor":8,"gold_loss":0,"cards_obtained":["Loop"]},{"damage_healed":0,"gold_gain":0,"player_choice":"Left Gold","damage_taken":0,"max_hp_gain":0,"max_hp_loss":0,"event_name":"World of Goop","floor":13,"gold_loss":28},{"damage_healed":0,"gold_gain":0,"player_choice":"Joined the Cult","damage_taken":6,"max_hp_gain":0,"max_hp_loss":0,"event_name":"Nest","floor":19,"gold_loss":0,"cards_obtained":["RitualDagger"]},{"damage_healed":0,"gold_gain":0,"player_choice":"Read","damage_taken":0,"max_hp_gain":0,"max_hp_loss":0,"event_name":"The Library","floor":21,"gold_loss":0,"cards_obtained":["BootSequence"]},{"damage_healed":0,"gold_gain":0,"player_choice":"Shed Blood","damage_taken":22,"max_hp_gain":5,"max_hp_loss":0,"event_name":"Forgotten Altar","floor":22,"gold_loss":0}],"is_beta":false,"boss_relics":[{"not_picked":["Ectoplasm","Coffee Dripper"],"picked":"White Beast Statue"}],"items_purged_floors":[],"is_endless":false,"potions_floor_spawned":[2,5,11,16,18,20,24,28],"killed_by":"Snecko","ascension_level":0}