{"gold_per_floor":[114,114,21,36,51,51,326,341,371,401,416,416,431,446,446,546,546,561,576,576,591,31,31,61,76,101,21,36,51,150,175,175,275,275,290,305,20,35,35,35,50,65,65,65,65,65,65,80,80,80],"floor_reached":51,"playtime":3257,"items_purged":[],"score":873,"play_id":"135d6cdf-6bed-412d-ba6d-8b583f73d605","local_time":"20180825213040","daily_mods":["Specialized","Cursed Run","Time Dilation"],"is_ascension_mode":false,"campfire_choices":[{"data":"Fire Breathing","floor":6,"key":"SMITH"},{"floor":12,"key":"REST"},{"floor":15,"key":"REST"},{"floor":23,"key":"REST"},{"floor":32,"key":"REST"},{"data":"Whirlwind","floor":40,"key":"SMITH"},{"floor":44,"key":"REST"},{"data":"Mayhem","floor":47,"key":"SMITH"},{"data":"Rupture","floor":49,"key":"SMITH"}],"neow_cost":"","seed_source_timestamp":0,"circlet_count":0,"master_deck":["Strike_R","Strike_R","Strike_R","Strike_R","Strike_R","Defend_R","Defend_R","Defend_R","Defend_R","Bash","Offering","Fire Breathing+1","Thunderclap","Feel No Pain","Sword Boomerang","Cleave","Havoc","Regret","Whirlwind+1","Decay","Flex","Rage","Iron Wave","Spot Weakness","Regret","Dark Embrace","Sever Soul+1","Sever Soul+1","Dual Wield+1","Searing Blow","Second Wind+1","Decay","Feel No Pain+1","Mayhem+1","Sentinel+1","Fire Breathing","Entrench+1","Clash+1","Decay","Shockwave+1","Intimidate+1","Flame Barrier+1","Pain","Clumsy","Fiend Fire","Metallicize","Havoc+1","Seeing Red+1","Rupture+1","Immolate","Dropkick","Body Slam+1","Limit Break+1","Armaments+1","Discovery+1","Sadistic Nature","Deep Breath+1","Burning Pact+1","Reckless Charge+1","Regret","Rupture+1","Fire Breathing+1","Clumsy"],"special_seed":17769,"relics":["Cursed Key","Darkstone Periapt","Du-Vu Doll","Tiny Chest","Red Skull","Astrolabe","Toxic Egg 2","Torii","Orichalcum","Happy Flower","Orrery","Anchor","Calipers","Ice Cream"],"potions_floor_usage":[10,16,18,18,19,19,19,28,33,41,45,45],"damage_taken":[{"damage":8,"enemies":"2 Louse","floor":1,"turns":3},{"damage":17,"enemies":"Jaw Worm","floor":4,"turns":3},{"damage":6,"enemies":"Cultist","floor":5,"turns":3},{"damage":29,"enemies":"Exordium Wildlife","floor":8,"turns":4},{"damage":11,"enemies":"Lagavulin","floor":10,"turns":3},{"damage":0,"enemies":"Lots of Slimes","floor":11,"turns":1},{"damage":13,"enemies":"Large Slime","floor":13,"turns":3},{"damage":0,"enemies":"Gremlin Gang","floor":14,"turns":2},{"damage":35,"enemies":"The Guardian","floor":16,"turns":7},{"damage":10,"enemies":"2 Thieves","floor":18,"turns":3},{"damage":9,"enemies":"Spheric Guardian","floor":19,"turns":3},{"damage":34,"enemies":"Shelled Parasite and Fungi","floor":21,"turns":4},{"damage":29,"enemies":"Slavers","floor":24,"turns":2},{"damage":23,"enemies":"Snecko","floor":25,"turns":5},{"damage":26,"enemies":"Snake Plant","floor":28,"turns":3},{"damage":2,"enemies":"Cultist and Chosen","floor":29,"turns":4},{"damage":17,"enemies":"Automaton","floor":33,"turns":9},{"damage":19,"enemies":"3 Darklings","floor":35,"turns":3},{"damage":41,"enemies":"Orb Walker","floor":36,"turns":5},{"damage":0,"enemies":"4 Shapes","floor":38,"turns":1},{"damage":6,"enemies":"3 Darklings","floor":41,"turns":3},{"damage":22,"enemies":"Maw","floor":42,"turns":7},{"damage":17,"enemies":"Mind Bloom Boss Battle","floor":45,"turns":3},{"damage":3,"enemies":"Flame Bruiser 2 Orb","floor":48,"turns":3},{"damage":60,"enemies":"Donu and Deca","floor":50,"turns":6}],"seed_played":"1407461410960682535","potions_obtained":[{"floor":8,"key":"PowerPotion"},{"floor":13,"key":"Explosive Potion"},{"floor":16,"key":"EntropicBrew"},{"floor":18,"key":"AttackPotion"},{"floor":21,"key":"SpeedPotion"},{"floor":24,"key":"FearPotion"},{"floor":28,"key":"Block Potion"},{"floor":33,"key":"FairyPotion"},{"floor":36,"key":"Block Potion"},{"floor":42,"key":"Explosive Potion"}],"is_trial":false,"path_per_floor":["M","?","$","M","M","R","?","M","T","E","M","R","M","M","R","B",null,"M","M","?","M","$","R","E","M","T","$","M","M","?","T","R","B",null,"M","M","$","M","?","R","M","M","T","R","?","?","R","M","R","B"],"character_chosen":"IRONCLAD","items_purchased":["Feel No Pain","Sword Boomerang","Toxic Egg 2","Mayhem","Sentinel+1","Fire Breathing","Shockwave+1","Anchor","Limit Break+1"],"campfire_rested":5,"item_purchase_floors":[3,3,22,22,22,22,27,37,37],"current_hp_per_floor":[72,72,72,55,49,49,55,26,32,21,21,48,35,35,62,33,98,88,79,85,51,51,82,53,30,36,36,10,8,8,14,48,37,122,103,62,62,62,52,52,46,24,30,68,51,112,112,109,109,55],"gold":80,"neow_bonus":"","is_prod":false,"is_daily":true,"chose_seed":false,"campfire_upgraded":4,"win_rate":0,"timestamp":1535247040,"path_taken":["M","?","$","M","M","R","?","?","T","E","M","R","M","M","R","BOSS","M","M","?","M","$","R","E","M","T","?","M","?","?","?","R","BOSS","M","M","$","M","?","R","M","M","T","R","?","?","R","M","R","BOSS"],"build_version":"2018-08-23v2","purchased_purges":0,"victory":true,"max_hp_per_floor":[80,80,80,80,80,80,86,86,92,92,92,92,92,92,92,98,98,98,98,104,104,104,104,104,104,110,110,110,110,110,116,116,122,122,122,122,122,122,122,122,122,122,128,128,128,112,112,112,112,118],"card_choices":[{"not_picked":["True Grit","Heavy Blade"],"picked":"Fire Breathing","floor":1},{"not_picked":["Clash","Pommel Strike"],"picked":"Cleave","floor":4},{"not_picked":["Twin Strike","Heavy Blade"],"picked":"Havoc","floor":5},{"not_picked":["Clash","Havoc"],"picked":"Whirlwind","floor":8},{"not_picked":["Feel No Pain","Warcry"],"picked":"Flex","floor":10},{"not_picked":["Double Tap","Twin Strike"],"picked":"Rage","floor":11},{"not_picked":["Warcry","Shrug It Off"],"picked":"Iron Wave","floor":13},{"not_picked":["Body Slam","Headbutt"],"picked":"Spot Weakness","floor":14},{"not_picked":["Berserk","Reaper"],"picked":"Dark Embrace","floor":16},{"not_picked":["Headbutt+1","Armaments"],"picked":"Searing Blow","floor":18},{"not_picked":["Sword Boomerang","Body Slam+1"],"picked":"Second Wind+1","floor":19},{"not_picked":["Clash+1","Second Wind"],"picked":"Feel No Pain+1","floor":21},{"not_picked":["Feel No Pain+1","Clothesline"],"picked":"Entrench+1","floor":24},{"not_picked":["Feel No Pain","Combust"],"picked":"Clash+1","floor":25},{"not_picked":["Twin Strike","Armaments+1"],"picked":"Intimidate+1","floor":28},{"not_picked":["Battle Trance+1","Wild Strike"],"picked":"Flame Barrier+1","floor":29},{"not_picked":["Bludgeon","Limit Break+1"],"picked":"Fiend Fire","floor":33},{"not_picked":["Ghostly Armor+1","Body Slam"],"picked":"Metallicize","floor":34},{"not_picked":["Iron Wave","Heavy Blade"],"picked":"Havoc+1","floor":34},{"not_picked":["Flex+1","Disarm+1"],"picked":"Seeing Red+1","floor":34},{"not_picked":["Shrug It Off+1","Metallicize"],"picked":"Rupture","floor":34},{"not_picked":["Wild Strike","Anger"],"picked":"Immolate","floor":34},{"not_picked":["Anger","Power Through+1"],"picked":"Dropkick","floor":35},{"not_picked":["Reckless Charge+1","Metallicize"],"picked":"Body Slam+1","floor":36},{"not_picked":["Wild Strike+1","Body Slam"],"picked":"Armaments+1","floor":38},{"not_picked":["Purity+1","Enlightenment+1"],"picked":"Discovery+1","floor":39},{"not_picked":["Enlightenment+1","Flash of Steel"],"picked":"Sadistic Nature","floor":39},{"not_picked":["Thinking Ahead+1","Secret Technique+1"],"picked":"Deep Breath+1","floor":39},{"not_picked":["Iron Wave","Thunderclap"],"picked":"Burning Pact+1","floor":41},{"not_picked":["Twin Strike","Clothesline+1"],"picked":"Reckless Charge+1","floor":42},{"not_picked":["Disarm+1","Sever Soul+1"],"picked":"Rupture+1","floor":45},{"not_picked":["Flame Barrier+1","Immolate"],"picked":"Fire Breathing+1","floor":48}],"player_experience":336161,"relics_obtained":[{"floor":9,"key":"Tiny Chest"},{"floor":10,"key":"Red Skull"},{"floor":24,"key":"Torii"},{"floor":26,"key":"Orichalcum"},{"floor":31,"key":"Happy Flower"},{"floor":43,"key":"Calipers"},{"floor":45,"key":"Ice Cream"}],"event_choices":[{"event_name":"Living Wall","player_choice":"Change","floor":2,"damage_taken":0},{"event_name":"Golden Shrine","player_choice":"Desecrate","floor":7,"damage_taken":0},{"event_name":"Forgotten Altar","player_choice":"Smashed Altar","floor":20,"damage_taken":0},{"event_name":"Nest","player_choice":"Stole From Cult","floor":30,"damage_taken":0},{"event_name":"SensoryStone","player_choice":"Memory 3","floor":39,"damage_taken":0},{"event_name":"MindBloom","player_choice":"Fight","floor":45,"damage_taken":0},{"event_name":"The Moai Head","player_choice":"Heal","floor":46,"damage_taken":0}],"is_beta":false,"boss_relics":[{"not_picked":["Runic Dome","Runic Pyramid"],"picked":"Astrolabe"},{"not_picked":["Fusion Hammer","Coffee Dripper"],"picked":"Orrery"}],"items_purged_floors":[],"is_endless":false,"potions_floor_spawned":[8,13,16,18,21,24,28,33,36,42],"ascension_level":0}