{"gold_per_floor":[114,114,129,22,22,22,22,37,37,112,127,127,92,122,122,222,222,237,237,336,11,26,26,41,41,41,41,41],"floor_reached":28,"playtime":1000,"items_purged":[],"score":264,"play_id":"2f91d8fb-6470-482c-a9f3-5cef61085135","local_time":"20181207151603","daily_mods":["Allstar","ControlledChaos","Lethality"],"is_ascension_mode":false,"campfire_choices":[{"data":"Zap","floor":6,"key":"SMITH"},{"floor":15,"key":"REST"},{"floor":23,"key":"REST"}],"neow_cost":"","seed_source_timestamp":0,"circlet_count":0,"master_deck":["Strike_B","Strike_B","Strike_B","Strike_B","Defend_B","Defend_B","Defend_B","Defend_B","Zap+1","Dualcast","Violence","Impatience","Mayhem+1","Panacea","Enlightenment","Gash","Sweeping Beam","Defragment","Melter","Parasite","Steam+1","Thunder Strike","Reprogram+1","Buffer","Gash","Sadistic Nature","BootSequence","Stack","Writhe"],"special_seed":17872,"relics":["Cracked Core","Frozen Eye","Pear","Smiling Mask","Mummified Hand","Turnip","Black Star","War Paint","Regal Pillow","Juzu Bracelet"],"potions_floor_usage":[16,16,28],"damage_taken":[{"damage":26,"enemies":"Small Slimes","floor":1,"turns":3},{"damage":4,"enemies":"Cultist","floor":3,"turns":3},{"damage":9,"enemies":"2 Louse","floor":8,"turns":2},{"damage":8,"enemies":"2 Fungi Beasts","floor":11,"turns":2},{"damage":15,"enemies":"3 Sentries","floor":14,"turns":4},{"damage":0,"enemies":"Slime Boss","floor":16,"turns":5},{"damage":64,"enemies":"3 Byrds","floor":18,"turns":5},{"damage":38,"enemies":"Shell Parasite","floor":22,"turns":5},{"damage":29,"enemies":"Snecko","floor":24,"turns":5},{"damage":15,"enemies":"Snake Plant","floor":28,"turns":1}],"seed_played":"-1452955457845597649","potions_obtained":[{"floor":11,"key":"Ancient Potion"},{"floor":14,"key":"LiquidBronze"},{"floor":16,"key":"Dexterity Potion"},{"floor":22,"key":"Explosive Potion"},{"floor":24,"key":"Dexterity Potion"}],"is_trial":false,"path_per_floor":["M","?","M","$","T","R","?","M","T","?","M","?","?","E","R","B",null,"M","?","?","$","M","R","M","?","T","?","M"],"character_chosen":"DEFECT","items_purchased":["Defragment","Melter","War Paint","Sadistic Nature"],"campfire_rested":2,"item_purchase_floors":[4,4,21,21],"current_hp_per_floor":[49,49,45,45,55,55,76,67,67,56,48,30,51,36,61,61,85,21,49,49,49,11,36,7,7,7,7,0],"gold":41,"neow_bonus":"","is_prod":false,"is_daily":true,"chose_seed":false,"campfire_upgraded":1,"win_rate":0,"timestamp":1544213763,"path_taken":["M","?","M","$","?","R","?","M","T","?","?","?","?","E","R","BOSS","M","?","?","$","M","R","M","?","T","?","M"],"build_version":"2018-12-06","purchased_purges":0,"victory":false,"max_hp_per_floor":[75,75,75,75,85,85,85,85,85,85,85,85,85,85,85,85,85,85,85,85,85,85,85,85,85,85,85,85],"card_choices":[{"not_picked":["Cold Snap","Redo"],"picked":"Gash","floor":1},{"not_picked":["Compile Driver","Force Field"],"picked":"Sweeping Beam","floor":3},{"not_picked":["Double Energy","Consume"],"picked":"Steam","floor":8},{"not_picked":["Reinforced Body","Leap"],"picked":"Thunder Strike","floor":11},{"not_picked":["Cold Snap","Recycle"],"picked":"Reprogram","floor":14},{"not_picked":["Meteor Strike","Core Surge"],"picked":"Buffer","floor":16},{"not_picked":["Hologram","Leap+1"],"picked":"Gash","floor":18},{"not_picked":["Steam+1","Gash"],"picked":"BootSequence","floor":22},{"not_picked":["Streamline+1","Skim+1"],"picked":"Stack","floor":24}],"player_experience":499912,"relics_obtained":[{"floor":5,"key":"Pear"},{"floor":9,"key":"Smiling Mask"},{"floor":14,"key":"Turnip"},{"floor":26,"key":"Regal Pillow"}],"event_choices":[{"damage_healed":0,"gold_gain":0,"player_choice":"Upgraded","damage_taken":0,"max_hp_gain":0,"max_hp_loss":0,"event_name":"Upgrade Shrine","floor":2,"gold_loss":0,"cards_upgraded":["Mayhem"]},{"damage_healed":21,"gold_gain":0,"player_choice":"Healed and dodged fight","damage_taken":0,"max_hp_gain":0,"max_hp_loss":0,"event_name":"Mushrooms","floor":7,"gold_loss":0,"cards_obtained":["Parasite"]},{"damage_healed":0,"gold_gain":75,"player_choice":"Gather Gold","damage_taken":11,"max_hp_gain":0,"max_hp_loss":0,"event_name":"World of Goop","floor":10,"gold_loss":0},{"damage_healed":0,"gold_gain":0,"player_choice":"Success","damage_taken":18,"relics_obtained":["Mummified Hand"],"max_hp_gain":0,"max_hp_loss":0,"event_name":"Scrap Ooze","floor":12,"gold_loss":0},{"damage_healed":21,"gold_gain":0,"player_choice":"Healed","damage_taken":0,"max_hp_gain":0,"max_hp_loss":0,"event_name":"The Cleric","floor":13,"gold_loss":35},{"damage_healed":28,"gold_gain":0,"player_choice":"Heal","damage_taken":0,"max_hp_gain":0,"max_hp_loss":0,"event_name":"The Library","floor":19,"gold_loss":0},{"damage_healed":0,"gold_gain":99,"player_choice":"Stole From Cult","damage_taken":0,"max_hp_gain":0,"max_hp_loss":0,"event_name":"Nest","floor":20,"gold_loss":0},{"damage_healed":0,"gold_gain":0,"player_choice":"Ignored","damage_taken":0,"max_hp_gain":0,"max_hp_loss":0,"event_name":"Ghosts","floor":25,"gold_loss":0},{"damage_healed":0,"gold_gain":0,"player_choice":"Opened","damage_taken":0,"relics_obtained":["Juzu Bracelet"],"max_hp_gain":0,"max_hp_loss":0,"event_name":"The Mausoleum","floor":27,"gold_loss":0,"cards_obtained":["Writhe"]}],"is_beta":false,"boss_relics":[{"not_picked":["Sozu","Coffee Dripper"],"picked":"Black Star"}],"items_purged_floors":[],"is_endless":false,"potions_floor_spawned":[11,14,16,22,24],"killed_by":"Snake Plant","ascension_level":0}