{"gold_per_floor":[17,17,117,130,42,42,65,96,149,149,163,163,130,149,149,280,280,294,103,88,88,88,123,123,141,141,141,141,164,195,220,220,351,351,370,370,390,415,188,188,188,222,247,372,387,387,411,431,431,431],"floor_reached":50,"playtime":3763,"items_purged":[],"score":562,"play_id":"a2166e2e-3719-4ee6-95b5-20189561105b","local_time":"20190706210615","is_ascension_mode":false,"campfire_choices":[{"data":"Cleave","floor":6,"key":"SMITH"},{"data":"Metallicize","floor":10,"key":"SMITH"},{"data":"Body Slam","floor":15,"key":"SMITH"},{"floor":24,"key":"REST"},{"data":"Strike_R","floor":32,"key":"PURGE"},{"floor":40,"key":"REST"},{"floor":46,"key":"REST"},{"floor":49,"key":"REST"}],"neow_cost":"NO_GOLD","seed_source_timestamp":174398566580945,"circlet_count":0,"master_deck":["Strike_R","Strike_R","Strike_R","Strike_R","Defend_R","Defend_R","Defend_R","Defend_R","Bash","Cleave+1","Intimidate","Bandage Up","Headbutt","Metallicize+1","Body Slam+1","Ghostly Armor","Anger+1","Double Tap","Seeing Red","Violence","Twin Strike","Armaments","Intimidate","Flex","Rampage+1","Thunderclap+1","Shrug It Off","Impervious","Seeing Red+1","Rage+1","Parasite","Shrug It Off+1","Inflame","Good Instincts","Pommel Strike","Flex","Cleave+1"],"relics":["Burning Blood","Peace Pipe","Golden Idol","Oddly Smooth Stone","Smiling Mask","PreservedInsect","Fusion Hammer","Sundial","MutagenicStrength","Ginger","Mummified Hand","Question Card","Runic Pyramid","Happy Flower","Whetstone","Vajra","Thread and Needle"],"potions_floor_usage":[16,16,16,30,30,42,50,50],"damage_taken":[{"damage":6,"enemies":"Jaw Worm","floor":1,"turns":4},{"damage":1,"enemies":"2 Louse","floor":4,"turns":4},{"damage":6,"enemies":"Cultist","floor":7,"turns":4},{"damage":30,"enemies":"Gremlin Nob","floor":8,"turns":5},{"damage":15,"enemies":"Exordium Wildlife","floor":11,"turns":5},{"damage":5,"enemies":"Red Slaver","floor":14,"turns":3},{"damage":32,"enemies":"Hexaghost","floor":16,"turns":11},{"damage":0,"enemies":"Shell Parasite","floor":18,"turns":5},{"damage":10,"enemies":"2 Thieves","floor":20,"turns":4},{"damage":40,"enemies":"Slavers","floor":23,"turns":4},{"damage":9,"enemies":"Centurion and Healer","floor":25,"turns":9},{"damage":14,"enemies":"Sentry and Sphere","floor":29,"turns":4},{"damage":27,"enemies":"Gremlin Leader","floor":30,"turns":3},{"damage":0,"enemies":"Snake Plant","floor":31,"turns":3},{"damage":53,"enemies":"Champ","floor":33,"turns":11},{"damage":16,"enemies":"3 Shapes","floor":35,"turns":7},{"damage":7,"enemies":"Orb Walker","floor":37,"turns":3},{"damage":24,"enemies":"Writhing Mass","floor":38,"turns":10},{"damage":33,"enemies":"Reptomancer","floor":42,"turns":8},{"damage":0,"enemies":"Mind Bloom Boss Battle","floor":44,"turns":8},{"damage":54,"enemies":"Sphere and 2 Shapes","floor":45,"turns":8},{"damage":19,"enemies":"4 Shapes","floor":47,"turns":4},{"damage":14,"enemies":"Spire Growth","floor":48,"turns":6},{"damage":65,"enemies":"Donu and Deca","floor":50,"turns":8}],"seed_played":"3897276230674824185","potions_obtained":[{"floor":1,"key":"PowerPotion"},{"floor":4,"key":"GamblersBrew"},{"floor":8,"key":"FearPotion"},{"floor":20,"key":"LiquidBronze"},{"floor":23,"key":"Strength Potion"},{"floor":31,"key":"GamblersBrew"},{"floor":37,"key":"EssenceOfSteel"},{"floor":42,"key":"SteroidPotion"},{"floor":48,"key":"LiquidBronze"}],"is_trial":false,"path_per_floor":["M","?","?","M","$","R","M","E","T","R","M","T","$","M","R","B",null,"M","$","M","T","?","E","R","M","T","?","?","M","E","M","R","B",null,"M","$","M","M","$","R","?","E","T","?","M","R","M","M","R","B"],"character_chosen":"IRONCLAD","items_purchased":["Bandage Up","Ghostly Armor","Violence","Twin Strike","Inflame","Happy Flower"],"campfire_rested":4,"item_purchase_floors":[5,13,19,19,39,39],"current_hp_per_floor":[80,60,60,65,65,65,69,49,49,49,44,44,44,49,49,27,80,80,80,80,80,80,50,74,75,75,75,75,71,50,56,56,13,80,74,74,73,59,59,80,80,57,57,67,23,47,38,34,58,0],"gold":431,"neow_bonus":"ONE_RARE_RELIC","is_prod":false,"is_daily":false,"chose_seed":false,"campfire_upgraded":3,"win_rate":0.0,"timestamp":1562483175,"path_taken":["M","?","?","?","$","R","M","E","T","R","M","?","$","M","R","BOSS","M","$","M","?","?","E","R","M","T","?","?","?","E","M","R","BOSS","M","$","?","M","$","R","?","E","T","?","M","R","M","M","R","BOSS"],"build_version":"2019-07-05","purchased_purges":0,"victory":false,"max_hp_per_floor":[80,80,80,80,80,80,80,80,80,80,80,80,80,80,80,80,80,80,80,80,80,80,80,80,80,80,80,80,80,80,80,80,80,80,80,80,80,80,80,80,80,80,80,80,80,80,80,80,80,80],"card_choices":[{"not_picked":["Reckless Charge","Twin Strike"],"picked":"Cleave","floor":1},{"not_picked":["Sword Boomerang","Heavy Blade"],"picked":"Intimidate","floor":4},{"not_picked":["Pummel","Twin Strike"],"picked":"Headbutt","floor":7},{"not_picked":["Combust","Infernal Blade"],"picked":"Metallicize","floor":8},{"not_picked":["Cleave","True Grit"],"picked":"Body Slam","floor":11},{"not_picked":["Body Slam","Offering"],"picked":"Anger","floor":14},{"not_picked":["Offering","Bludgeon"],"picked":"Double Tap","floor":16},{"not_picked":["True Grit","Twin Strike+1"],"picked":"Seeing Red","floor":18},{"not_picked":["Pommel Strike","True Grit"],"picked":"Armaments","floor":20},{"not_picked":["Cleave","Burning Pact"],"picked":"Intimidate","floor":23},{"not_picked":["Pommel Strike","Limit Break"],"picked":"Flex","floor":25},{"not_picked":["Twin Strike","Armaments"],"picked":"Thunderclap+1","floor":29},{"not_picked":["Impervious","Clothesline+1"],"picked":"Shrug It Off","floor":30},{"not_picked":["Thunderclap","Shockwave","True Grit","Dark Embrace"],"picked":"SKIP","floor":31},{"not_picked":["Reaper","Bludgeon","Brutality"],"picked":"Impervious","floor":33},{"not_picked":["Reckless Charge+1","Carnage","Combust"],"picked":"Seeing Red+1","floor":35},{"not_picked":["Spot Weakness","Clothesline","Headbutt+1"],"picked":"Rage+1","floor":37},{"not_picked":["Body Slam","Pommel Strike","Ghostly Armor"],"picked":"Shrug It Off+1","floor":38},{"not_picked":["Mind Blast","Swift Strike","Trip"],"picked":"Good Instincts","floor":41},{"not_picked":["Heavy Blade","Clash","Bloodletting"],"picked":"Pommel Strike","floor":42},{"not_picked":["Dual Wield","Combust+1","Heavy Blade"],"picked":"Flex","floor":44},{"not_picked":["Feel No Pain","Armaments","Warcry+1","Cleave"],"picked":"SKIP","floor":45},{"not_picked":["Body Slam","Blood for Blood","Double Tap"],"picked":"Cleave+1","floor":47},{"not_picked":["Heavy Blade+1","Corruption+1","Perfected Strike","True Grit+1"],"picked":"SKIP","floor":48}],"player_experience":22282,"relics_obtained":[{"floor":8,"key":"Oddly Smooth Stone"},{"floor":9,"key":"Smiling Mask"},{"floor":12,"key":"PreservedInsect"},{"floor":21,"key":"Sundial"},{"floor":23,"key":"Ginger"},{"floor":26,"key":"Mummified Hand"},{"floor":30,"key":"Question Card"},{"floor":42,"key":"Whetstone"},{"floor":43,"key":"Vajra"},{"floor":44,"key":"Thread and Needle"}],"event_choices":[{"damage_healed":0,"gold_gain":0,"player_choice":"Take Damage","damage_taken":20,"relics_obtained":["Golden Idol"],"max_hp_gain":0,"max_hp_loss":0,"event_name":"Golden Idol","floor":2,"gold_loss":0},{"damage_healed":0,"gold_gain":100,"player_choice":"Pray","damage_taken":0,"max_hp_gain":0,"max_hp_loss":0,"event_name":"Golden Shrine","floor":3,"gold_loss":0},{"damage_healed":0,"gold_gain":0,"player_choice":"Inject Mutagens","damage_taken":0,"relics_obtained":["MutagenicStrength"],"max_hp_gain":0,"max_hp_loss":0,"event_name":"Drug Dealer","floor":22,"gold_loss":0},{"damage_healed":0,"gold_gain":0,"player_choice":"Read","damage_taken":0,"max_hp_gain":0,"max_hp_loss":0,"event_name":"The Library","floor":27,"gold_loss":0,"cards_obtained":["Rampage"]},{"damage_healed":0,"gold_gain":0,"player_choice":"Ignored","damage_taken":0,"max_hp_gain":0,"max_hp_loss":0,"event_name":"Beggar","floor":28,"gold_loss":0},{"damage_healed":0,"gold_gain":0,"player_choice":"Memory 1","damage_taken":0,"max_hp_gain":0,"max_hp_loss":0,"event_name":"SensoryStone","floor":41,"gold_loss":0},{"damage_healed":0,"gold_gain":0,"player_choice":"Fight","damage_taken":0,"max_hp_gain":0,"max_hp_loss":0,"event_name":"MindBloom","floor":44,"gold_loss":0}],"is_beta":false,"boss_relics":[{"not_picked":["Busted Crown","Mark of Pain"],"picked":"Fusion Hammer"},{"not_picked":["Astrolabe","Coffee Dripper"],"picked":"Runic Pyramid"}],"items_purged_floors":[],"is_endless":false,"potions_floor_spawned":[1,4,8,20,23,31,37,42,48],"killed_by":"Donu and Deca","ascension_level":0}