{"gold_per_floor":[216,233,250,250,250,280,280,305,330,355,355,373,373,26,26,129,129,147,147,22,38,54,86,86,36,82,94,106,152,164,126,126,226,226,237,248,248,248,262,262,158,170,194,211,244,254,266,266,266,266],"floor_reached":51,"playtime":3129,"items_purged":["Strike_G","Strike_G","Choke","Strike_G","Defend_G"],"score":723,"play_id":"a86be093-d4f0-48d4-8e63-fb681ba8f83d","local_time":"20190709203931","is_ascension_mode":false,"campfire_choices":[{"floor":7.0,"key":"REST"},{"data":"Bouncing Flask","floor":11.0,"key":"SMITH"},{"floor":15.0,"key":"REST"},{"floor":28,"key":"REST"},{"floor":30,"key":"REST"},{"data":"Noxious Fumes","floor":32,"key":"SMITH"},{"floor":40,"key":"REST"},{"floor":49,"key":"REST"}],"neow_cost":"NONE","seed_source_timestamp":0,"circlet_count":0,"master_deck":["Defend_G","Defend_G","Defend_G","Survivor+1","Neutralize","Deadly Poison","After Image","Bouncing Flask+1","Catalyst","Noxious Fumes+1","Bane","Deflect+1","Catalyst+1","Burst+1","Deadly Poison+1","Noxious Fumes+1"],"special_seed":0,"relics":["Ring of the Snake","PreservedInsect","Happy Flower","Anchor","Snake Skull","Bronze Scales","Smiling Mask","Bag of Preparation","Orichalcum","Black Star","Nilry\u0027s Codex","Pen Nib","Regal Pillow","MawBank","Dodecahedron","Shuriken","Toxic Egg 2","Lizard Tail","War Paint","Dream Catcher","Juzu Bracelet"],"potions_floor_usage":[35],"damage_taken":[{"damage":0.0,"enemies":"Jaw Worm","floor":1.0,"turns":7.0},{"damage":0.0,"enemies":"Small Slimes","floor":2.0,"turns":4.0},{"damage":0.0,"enemies":"Cultist","floor":3.0,"turns":4.0},{"damage":8.0,"enemies":"Gremlin Nob","floor":6.0,"turns":4.0},{"damage":6.0,"enemies":"Lagavulin","floor":8.0,"turns":4.0},{"damage":0.0,"enemies":"Looter","floor":12.0,"turns":4.0},{"damage":10.0,"enemies":"Hexaghost","floor":16.0,"turns":8.0},{"damage":0.0,"enemies":"Shell Parasite","floor":18.0,"turns":3.0},{"damage":0.0,"enemies":"Spheric Guardian","floor":21.0,"turns":2.0},{"damage":0,"enemies":"Shelled Parasite and Fungi","floor":22,"turns":4},{"damage":5,"enemies":"Book of Stabbing","floor":23,"turns":4},{"damage":9,"enemies":"Slavers","floor":29,"turns":5},{"damage":14,"enemies":"Automaton","floor":33,"turns":6},{"damage":26,"enemies":"3 Darklings","floor":35,"turns":4},{"damage":5,"enemies":"3 Shapes","floor":36,"turns":4},{"damage":0,"enemies":"Transient","floor":39,"turns":5},{"damage":0,"enemies":"4 Shapes","floor":42,"turns":4},{"damage":22,"enemies":"Spire Growth","floor":44,"turns":3},{"damage":1,"enemies":"Giant Head","floor":45,"turns":4},{"damage":0,"enemies":"Transient","floor":46,"turns":5},{"damage":4,"enemies":"3 Darklings","floor":47,"turns":3},{"damage":51,"enemies":"Donu and Deca","floor":50,"turns":7}],"seed_played":"4021623417005942102","potions_obtained":[{"floor":2.0,"key":"Strength Potion"},{"floor":3.0,"key":"AttackPotion"},{"floor":6.0,"key":"FearPotion"},{"floor":18.0,"key":"Strength Potion"},{"floor":23,"key":"Fire Potion"},{"floor":29,"key":"Block Potion"},{"floor":44,"key":"Strength Potion"},{"floor":47,"key":"Fire Potion"}],"is_trial":false,"path_per_floor":["M","M","M","?","?","E","R","E","T","T","R","M","?","$","R","B",null,"M","?","$","M","M","E","?","$","T","T","R","E","R","$","R","B",null,"M","M","?","?","M","R","$","M","T","M","E","M","M","?","R","B",null],"character_chosen":"THE_SILENT","items_purchased":["Bag of Preparation","Orichalcum","Noxious Fumes","Deadly Poison+1"],"campfire_rested":6,"item_purchase_floors":[14,14,20,41],"current_hp_per_floor":[70,70,70,70,63,55,70,64,64,64,64,64,57,57,70,60,70,70,54,54,54,54,49,49,49,49,49,70,61,70,70,70,56,70,44,39,39,39,39,70,70,70,70,48,47,47,43,43,70,19],"gold":266,"neow_bonus":"HUNDRED_GOLD","is_prod":false,"is_daily":false,"chose_seed":false,"campfire_upgraded":2,"win_rate":0.0,"timestamp":1562729971,"path_taken":["M","M","M","?","?","E","R","E","T","?","R","?","?","$","R","BOSS","M","?","?","M","M","E","?","?","T","?","R","E","R","$","R","BOSS","M","M","?","?","M","R","$","M","T","M","E","M","M","?","R","BOSS"],"build_version":"2019-07-05","purchased_purges":5,"victory":true,"max_hp_per_floor":[70,70,70,70,70,70,70,70,70,70,70,70,70,70,70,70,70,70,70,70,70,70,70,70,70,70,70,70,70,70,70,70,70,70,70,70,70,70,70,70,70,70,70,70,70,70,70,70,70,70],"card_choices":[{"not_picked":["Predator","Caltrops"],"picked":"Deadly Poison","floor":1.0},{"not_picked":["Predator","Flying Knee","Distraction"],"picked":"SKIP","floor":2.0},{"not_picked":["Escape Plan","Underhanded Strike","Cloak And Dagger"],"picked":"SKIP","floor":3.0},{"not_picked":["Slice","All Out Attack"],"picked":"After Image","floor":6.0},{"not_picked":["Cloak And Dagger","Slice"],"picked":"Bouncing Flask","floor":8.0},{"not_picked":["Dodge and Roll","Backstab","Flying Knee"],"picked":"SKIP","floor":12.0},{"not_picked":["Slice","Sucker Punch+1"],"picked":"Catalyst","floor":18.0},{"not_picked":["Slice+1","Escape Plan","Flechettes"],"picked":"SKIP","floor":21},{"not_picked":["Outmaneuver","Masterful Stab"],"picked":"Bane","floor":22},{"not_picked":["Riddle With Holes","Dagger Spray","Glass Knife"],"picked":"SKIP","floor":23},{"not_picked":["Acrobatics","Prepared"],"picked":"Catalyst","floor":29},{"not_picked":["After Image","Envenom"],"picked":"Burst+1","floor":33},{"not_picked":["Prepared+1","Caltrops+1","Flechettes"],"picked":"SKIP","floor":35},{"not_picked":["Accuracy+1","Blur+1","Endless Agony"],"picked":"SKIP","floor":36},{"not_picked":["Dagger Spray+1","Flying Knee","Slice"],"picked":"SKIP","floor":39},{"not_picked":["Footwork+1","Quick Slash+1","Flying Knee"],"picked":"SKIP","floor":42},{"not_picked":["Dagger Throw+1","Endless Agony+1","Distraction+1"],"picked":"SKIP","floor":44},{"not_picked":["Backstab+1","Underhanded Strike+1","Flying Knee+1"],"picked":"SKIP","floor":45},{"not_picked":["Backflip+1","Finisher"],"picked":"Noxious Fumes+1","floor":46},{"not_picked":["Flying Knee","Outmaneuver+1","Poisoned Stab"],"picked":"SKIP","floor":47}],"player_experience":49693,"relics_obtained":[{"floor":6.0,"key":"Happy Flower"},{"floor":8.0,"key":"Anchor"},{"floor":9.0,"key":"Snake Skull"},{"floor":10.0,"key":"Bronze Scales"},{"floor":19.0,"key":"Nilry\u0027s Codex"},{"floor":23,"key":"Pen Nib"},{"floor":23,"key":"Regal Pillow"},{"floor":26,"key":"MawBank"},{"floor":27,"key":"Dodecahedron"},{"floor":29,"key":"Shuriken"},{"floor":29,"key":"Toxic Egg 2"},{"floor":43,"key":"War Paint"},{"floor":45,"key":"Dream Catcher"},{"floor":45,"key":"Juzu Bracelet"}],"event_choices":[{"damage_healed":0.0,"max_hp_gain":0.0,"max_hp_loss":0.0,"gold_gain":0.0,"event_name":"Big Fish","player_choice":"Box","floor":4.0,"gold_loss":0.0,"damage_taken":0.0,"relics_obtained":["PreservedInsect"],"cards_obtained":["Regret"]},{"cards_removed":["Regret"],"damage_healed":0.0,"max_hp_gain":0.0,"max_hp_loss":0.0,"gold_gain":0.0,"event_name":"Golden Wing","player_choice":"Card Removal","floor":5.0,"gold_loss":0.0,"damage_taken":7.0},{"damage_healed":0.0,"max_hp_gain":0.0,"max_hp_loss":0.0,"gold_gain":0.0,"event_name":"Scrap Ooze","player_choice":"Success","floor":13.0,"gold_loss":0.0,"damage_taken":7.0,"relics_obtained":["Smiling Mask"]},{"damage_healed":0.0,"max_hp_gain":0.0,"max_hp_loss":0.0,"gold_gain":0.0,"event_name":"Cursed Tome","player_choice":"Obtained Book","floor":19.0,"gold_loss":0.0,"damage_taken":16.0},{"damage_healed":0,"gold_gain":0,"cards_transformed":["Strike_G","Strike_G"],"player_choice":"Became Test Subject","damage_taken":0,"max_hp_gain":0,"max_hp_loss":0,"event_name":"Drug Dealer","floor":24,"gold_loss":0,"cards_obtained":["Deflect","Choke"]},{"cards_removed":["Defend_G"],"damage_healed":0,"gold_gain":0,"player_choice":"Removed Skill","damage_taken":0,"max_hp_gain":0,"max_hp_loss":0,"event_name":"Falling","floor":37,"gold_loss":0},{"damage_healed":0,"gold_gain":0,"player_choice":"Ignored","damage_taken":0,"max_hp_gain":0,"max_hp_loss":0,"event_name":"Mysterious Sphere","floor":38,"gold_loss":0},{"damage_healed":0,"gold_gain":0,"player_choice":"Ignored","damage_taken":0,"max_hp_gain":0,"max_hp_loss":0,"event_name":"Tomb of Lord Red Mask","floor":48,"gold_loss":0}],"is_beta":false,"boss_relics":[{"not_picked":["Sozu","Cursed Key"],"picked":"Black Star"},{"not_picked":["Snecko Eye","Astrolabe"],"picked":"Lizard Tail"}],"items_purged_floors":[14,20,25,31,41],"is_endless":false,"potions_floor_spawned":[2,3,6,18,23,29,44,45,46,47],"ascension_level":0}