{"gold_per_floor":[114,114,129,144,159,189,15,15,90,120,6,6,21,51,51,51],"floor_reached":16,"playtime":994,"items_purged":[],"score":120,"play_id":"3e0cbb95-5aae-46d1-b18a-df858fda02c9","local_time":"20190430000144","daily_mods":["Cursed Run","ControlledChaos","Lethality"],"is_ascension_mode":false,"campfire_choices":[{"floor":8,"key":"REST"},{"floor":15,"key":"REST"}],"neow_cost":"","seed_source_timestamp":0,"circlet_count":0,"master_deck":["Strike_B","Strike_B","Strike_B+1","Strike_B","Defend_B+1","Defend_B","Defend_B","Defend_B","Zap","Dualcast","Double Energy","Rip and Tear","Self Repair","Blizzard","Echo Form","Bandage Up","Gash","Steam Power","Writhe","Beam Cell","Storm+1","Sunder","Zap","Shame","Flash of Steel","Loop+1","Double Energy","Aggregate"],"special_seed":18016,"relics":["Cursed Key","Darkstone Periapt","Du-Vu Doll","Frozen Eye","DataDisk","Frozen Egg 2","Dodecahedron","Dream Catcher"],"potions_floor_usage":[6,14,16,16,16],"damage_taken":[{"damage":0,"enemies":"Cultist","floor":1,"turns":3},{"damage":3,"enemies":"2 Louse","floor":3,"turns":2},{"damage":9,"enemies":"Jaw Worm","floor":4,"turns":2},{"damage":11,"enemies":"Exordium Thugs","floor":5,"turns":5},{"damage":27,"enemies":"Lagavulin","floor":6,"turns":5},{"damage":39,"enemies":"3 Sentries","floor":10,"turns":5},{"damage":4,"enemies":"Large Slime","floor":13,"turns":2},{"damage":32,"enemies":"Lagavulin","floor":14,"turns":4},{"damage":48,"enemies":"Hexaghost","floor":16,"turns":4}],"seed_played":"5114170758115261822","potions_obtained":[{"floor":3,"key":"Explosive Potion"},{"floor":5,"key":"GamblersBrew"},{"floor":6,"key":"Swift Potion"},{"floor":13,"key":"Dexterity Potion"},{"floor":14,"key":"SpeedPotion"}],"is_trial":false,"path_per_floor":["M","?","M","M","M","E","$","R","T","E","$","?","M","E","R","B"],"character_chosen":"DEFECT","items_purchased":["Bandage Up","Gash","Steam Power","Storm+1","Sunder"],"campfire_rested":2,"item_purchase_floors":[7,7,7,11,11],"current_hp_per_floor":[75,60,57,48,44,24,24,46,52,31,31,37,40,19,45,0],"gold":51,"neow_bonus":"","is_prod":false,"is_daily":true,"chose_seed":false,"campfire_upgraded":0,"win_rate":0,"timestamp":1556596904,"path_taken":["M","?","M","M","M","E","$","R","T","E","$","?","?","E","R","BOSS"],"build_version":"2019-01-23","purchased_purges":0,"victory":false,"max_hp_per_floor":[75,75,75,75,75,75,75,75,81,81,81,87,87,87,87,87],"card_choices":[{"not_picked":["Streamline","Sweeping Beam"],"picked":"Double Energy","floor":1},{"not_picked":["Rebound","Leap"],"picked":"Rip and Tear","floor":3},{"not_picked":["Sweeping Beam","Reinforced Body"],"picked":"Self Repair","floor":4},{"not_picked":["Hologram","Streamline"],"picked":"Blizzard","floor":5},{"not_picked":["Machine Learning","Streamline"],"picked":"Echo Form","floor":6},{"not_picked":["Reinforced Body","Compile Driver"],"picked":"Beam Cell","floor":10},{"not_picked":["Consume","Redo"],"picked":"Loop+1","floor":13},{"not_picked":["Chaos","Rebound"],"picked":"Double Energy","floor":14},{"not_picked":["Machine Learning+1","Doom and Gloom"],"picked":"Aggregate","floor":15}],"player_experience":624389,"relics_obtained":[{"floor":6,"key":"DataDisk"},{"floor":9,"key":"Frozen Egg 2"},{"floor":10,"key":"Dodecahedron"},{"floor":14,"key":"Dream Catcher"}],"event_choices":[{"damage_healed":0,"gold_gain":0,"player_choice":"Entered Light","damage_taken":15,"max_hp_gain":0,"max_hp_loss":0,"event_name":"Shining Light","floor":2,"gold_loss":0,"cards_upgraded":["Defend_B","Strike_B"]},{"damage_healed":0,"gold_gain":0,"player_choice":"3 cards matched","damage_taken":0,"max_hp_gain":0,"max_hp_loss":0,"event_name":"Match and Keep!","floor":12,"gold_loss":0,"cards_obtained":["Zap","Shame","Flash of Steel"]}],"is_beta":false,"boss_relics":[],"items_purged_floors":[],"is_endless":false,"potions_floor_spawned":[3,5,6,13,14],"killed_by":"Hexaghost","ascension_level":0}