{"gold_per_floor":[118,118,134,144,163,190,23,23,77,87,103,116,116],"floor_reached":13,"playtime":746,"items_purged":[],"score":89,"play_id":"37806bed-dca4-482d-adb7-05cc9f393b36","local_time":"20190707134010","is_ascension_mode":false,"campfire_choices":[{"data":"Genetic Algorithm","floor":8,"key":"SMITH"}],"neow_cost":"NONE","seed_source_timestamp":237052678384831,"circlet_count":0,"master_deck":["Strike_B","Strike_B","Strike_B","Strike_B","Defend_B","Defend_B","Defend_B","Defend_B","Zap","Dualcast","Buffer","Ball Lightning","Cold Snap","Stack","Double Energy","Genetic Algorithm+1","Beam Cell","FTL","Streamline","Rebound"],"relics":["Cracked Core","Dodecahedron","Ancient Tea Set"],"potions_floor_usage":[],"damage_taken":[{"damage":2,"enemies":"Small Slimes","floor":1,"turns":4},{"damage":0,"enemies":"Cultist","floor":3,"turns":2},{"damage":3,"enemies":"Jaw Worm","floor":4,"turns":4},{"damage":15,"enemies":"Large Slime","floor":5,"turns":4},{"damage":18,"enemies":"Gremlin Nob","floor":6,"turns":5},{"damage":7,"enemies":"2 Fungi Beasts","floor":10,"turns":3},{"damage":17,"enemies":"Exordium Wildlife","floor":11,"turns":4},{"damage":4,"enemies":"Looter","floor":12,"turns":3}],"seed_played":"673149376181787009","potions_obtained":[{"floor":2,"key":"SmokeBomb"},{"floor":2,"key":"SneckoOil"},{"floor":2,"key":"SkillPotion"},{"floor":3,"key":"AttackPotion"},{"floor":4,"key":"Explosive Potion"}],"is_trial":false,"path_per_floor":["M","?","M","M","M","E","$","R","T","M","M","M","R"],"character_chosen":"DEFECT","items_purchased":["Genetic Algorithm","Beam Cell","FTL"],"campfire_rested":0,"item_purchase_floors":[7,7,7],"current_hp_per_floor":[73,73,73,70,55,37,37,37,37,30,13,9,9],"gold":116,"neow_bonus":"ONE_RANDOM_RARE_CARD","is_prod":false,"is_daily":false,"chose_seed":false,"campfire_upgraded":1,"win_rate":0.0,"timestamp":1562542810,"path_taken":["M","?","M","?","M","E","$","R","T","M","M","M","R"],"build_version":"2019-07-05","purchased_purges":0,"victory":false,"max_hp_per_floor":[75,75,75,75,75,75,75,75,75,75,75,75,75],"card_choices":[{"not_picked":["Gash","Go for the Eyes"],"picked":"Ball Lightning","floor":1},{"not_picked":["Turbo","Barrage","Tempest"],"picked":"SKIP","floor":3},{"not_picked":["Scrape","Self Repair"],"picked":"Cold Snap","floor":4},{"not_picked":["Reinforced Body","Fusion"],"picked":"Stack","floor":5},{"not_picked":["Coolheaded","Steam"],"picked":"Double Energy","floor":6},{"not_picked":["Go for the Eyes","Glacier","Cold Snap"],"picked":"SKIP","floor":10},{"not_picked":["Beam Cell","Multi-Cast"],"picked":"Streamline","floor":11},{"not_picked":["Cold Snap","Sweeping Beam"],"picked":"Rebound","floor":12}],"player_experience":36712,"relics_obtained":[{"floor":6,"key":"Dodecahedron"},{"floor":9,"key":"Ancient Tea Set"}],"event_choices":[{"damage_healed":0,"gold_gain":0,"player_choice":"Got Potions","damage_taken":0,"max_hp_gain":0,"max_hp_loss":0,"event_name":"Lab","floor":2,"gold_loss":0}],"is_beta":false,"boss_relics":[],"items_purged_floors":[],"is_endless":false,"potions_floor_spawned":[3,4,12],"ascension_level":0}