{"gold_per_floor":[113,81,92,92,92,109,122,136,161,173,173,173,61,76,76,176,176,196,214,224,72,72,72,72],"floor_reached":24,"playtime":1990,"items_purged":["Strike_G"],"score":190,"play_id":"a18bd10a-9d51-4334-b040-ce60ce5f0ee3","local_time":"20190708004559","is_ascension_mode":false,"campfire_choices":[{"data":"Infinite Blades","floor":11,"key":"SMITH"},{"data":"Envenom","floor":15,"key":"SMITH"},{"data":"Bandage Up","floor":23,"key":"SMITH"}],"neow_cost":"NONE","seed_source_timestamp":1285586695863900,"circlet_count":0,"master_deck":["Strike_G+1","Strike_G","Strike_G","Defend_G+1","Defend_G","Defend_G","Defend_G","Defend_G+1","Survivor","Neutralize+1","Deadly Poison","Dagger Throw","Blur","Infinite Blades+1","Envenom+1","Terror","Prepared","Well Laid Plans","Choke","A Thousand Cuts","Flying Knee+1","Endless Agony","Poisoned Stab","Unload","Bandage Up+1","Decay"],"relics":["Ring of the Snake","Whetstone","Vajra","Eternal Feather"],"potions_floor_usage":[8],"damage_taken":[{"damage":4,"enemies":"Jaw Worm","floor":1,"turns":5},{"damage":0,"enemies":"2 Louse","floor":3,"turns":3},{"damage":0,"enemies":"Small Slimes","floor":6,"turns":4},{"damage":0,"enemies":"Blue Slaver","floor":7,"turns":4},{"damage":2,"enemies":"Looter","floor":8,"turns":3},{"damage":0,"enemies":"Large Slime","floor":10,"turns":5},{"damage":4,"enemies":"Exordium Thugs","floor":14,"turns":6},{"damage":4,"enemies":"Hexaghost","floor":16,"turns":8},{"damage":15,"enemies":"3 Byrds","floor":18,"turns":7},{"damage":6,"enemies":"Chosen","floor":19,"turns":3},{"damage":34,"enemies":"3 Cultists","floor":20,"turns":6},{"damage":36,"enemies":"Chosen and Byrds","floor":24,"turns":6}],"seed_played":"1028358746701946442","potions_obtained":[{"floor":1,"key":"SneckoOil"},{"floor":6,"key":"Swift Potion"},{"floor":7,"key":"Weak Potion"},{"floor":18,"key":"GamblersBrew"}],"is_trial":false,"path_per_floor":["M","?","M","?","?","M","M","M","T","M","R","?","$","M","R","B",null,"M","M","M","$","?","R","M"],"character_chosen":"THE_SILENT","items_purchased":["Well Laid Plans","Unload","Bandage Up"],"campfire_rested":0,"item_purchase_floors":[13,21,21],"current_hp_per_floor":[66,66,66,66,52,52,52,50,50,50,50,50,50,46,46,42,70,55,49,15,15,15,30,0],"gold":72,"neow_bonus":"RANDOM_COMMON_RELIC","is_prod":false,"is_daily":false,"chose_seed":false,"campfire_upgraded":3,"win_rate":0.0,"timestamp":1562514359,"path_taken":["M","?","M","?","?","M","M","?","T","M","R","?","$","M","R","BOSS","M","M","M","$","?","R","M"],"build_version":"2019-07-05","purchased_purges":1,"victory":false,"max_hp_per_floor":[70,70,70,70,70,70,70,70,70,70,70,70,70,70,70,70,70,70,70,70,70,70,70,70],"card_choices":[{"not_picked":["Dagger Throw","Underhanded Strike"],"picked":"Deadly Poison","floor":1},{"not_picked":["Deflect","Sucker Punch"],"picked":"Dagger Throw","floor":3},{"not_picked":["Choke","Acrobatics"],"picked":"Blur","floor":6},{"not_picked":["Blade Dance","Quick Slash"],"picked":"Infinite Blades","floor":7},{"not_picked":["Blade Dance","Underhanded Strike"],"picked":"Envenom","floor":8},{"not_picked":["Bane","Sucker Punch"],"picked":"Terror","floor":10},{"not_picked":["Dagger Spray","Heel Hook"],"picked":"Choke","floor":14},{"not_picked":["Unload","Phantasmal Killer"],"picked":"A Thousand Cuts","floor":16},{"not_picked":["Deadly Poison","Outmaneuver+1"],"picked":"Flying Knee+1","floor":18},{"not_picked":["Distraction","Prepared"],"picked":"Endless Agony","floor":19},{"not_picked":["Prepared","Backflip"],"picked":"Poisoned Stab","floor":20}],"player_experience":41688,"relics_obtained":[{"floor":9,"key":"Vajra"}],"event_choices":[{"damage_healed":0,"gold_gain":0,"player_choice":"Left Gold","damage_taken":0,"max_hp_gain":0,"max_hp_loss":0,"event_name":"World of Goop","floor":2,"gold_loss":32},{"damage_healed":0,"gold_gain":0,"player_choice":"Ignored","damage_taken":0,"max_hp_gain":0,"max_hp_loss":0,"event_name":"Liars Game","floor":4,"gold_loss":0},{"damage_healed":0,"gold_gain":0,"player_choice":"Entered Light","damage_taken":14,"max_hp_gain":0,"max_hp_loss":0,"event_name":"Shining Light","floor":5,"gold_loss":0,"cards_upgraded":["Defend_G","Defend_G"]},{"damage_healed":0,"gold_gain":0,"cards_transformed":["Strike_G"],"player_choice":"Change","damage_taken":0,"max_hp_gain":0,"max_hp_loss":0,"event_name":"Living Wall","floor":12,"gold_loss":0,"cards_obtained":["Prepared"]},{"damage_healed":0,"gold_gain":0,"player_choice":"Smashed Altar","damage_taken":0,"max_hp_gain":0,"max_hp_loss":0,"event_name":"Forgotten Altar","floor":22,"gold_loss":0,"cards_obtained":["Decay"]}],"is_beta":false,"boss_relics":[{"not_picked":["White Beast Statue","Fusion Hammer"],"picked":"Eternal Feather"}],"items_purged_floors":[13],"is_endless":false,"potions_floor_spawned":[1,6,7,18],"killed_by":"Chosen and Byrds","ascension_level":0}