{"gold_per_floor":[114,124,299,47,47,17,17,92,137,157,182,252,262,287,287,287],"floor_reached":16,"playtime":645,"items_purged":[],"score":103,"play_id":"88b1084c-f580-4b68-8e14-0e408dd5d85f","local_time":"20180922142621","is_ascension_mode":true,"campfire_choices":[{"data":"Fire Breathing","floor":7,"key":"SMITH"},{"floor":15,"key":"REST"}],"neow_cost":"NONE","seed_source_timestamp":257388641195296,"circlet_count":0,"master_deck":["Strike_R","Strike_R","Strike_R","Strike_R","Strike_R","Defend_R","Defend_R","Defend_R","Defend_R","Bash","Reaper","Flex","Corruption","Doubt","Fire Breathing+1","Seeing Red","Anger","Iron Wave","Anger"],"relics":["Burning Blood","Ornamental Fan","The Courier","Vajra","Dream Catcher","Sundial","PreservedInsect"],"potions_floor_usage":[13],"damage_taken":[{"damage":14,"enemies":"Small Slimes","floor":1,"turns":5},{"damage":11,"enemies":"Jaw Worm","floor":2,"turns":4},{"damage":10,"enemies":"Cultist","floor":10,"turns":4},{"damage":12,"enemies":"Large Slime","floor":13,"turns":7},{"damage":46,"enemies":"Lagavulin","floor":14,"turns":7},{"damage":58,"enemies":"The Guardian","floor":16,"turns":7}],"seed_played":"6201821890127565152","potions_obtained":[{"floor":2,"key":"GamblersBrew"},{"floor":10,"key":"Energy Potion"}],"is_trial":false,"path_per_floor":["M","M","?","$","?","$","R","?","T","M","T","T","M","E","R"],"character_chosen":"IRONCLAD","items_purchased":["Ornamental Fan","Fire Breathing"],"campfire_rested":1,"item_purchase_floors":[4,6],"current_hp_per_floor":[76,77,77,77,77,77,77,66,66,62,62,62,61,31,55,0],"gold":287,"neow_bonus":"ONE_RANDOM_RARE_CARD","is_prod":false,"is_daily":false,"chose_seed":false,"campfire_upgraded":1,"win_rate":0,"timestamp":1537640781,"path_taken":["M","M","?","$","?","$","R","?","T","M","?","?","M","E","R","BOSS"],"build_version":"2018-09-20","purchased_purges":0,"victory":false,"max_hp_per_floor":[80,80,80,80,80,80,80,80,80,80,80,80,80,80,80,80],"card_choices":[{"not_picked":["Clothesline","Twin Strike"],"picked":"Flex","floor":1},{"not_picked":["True Grit","Anger"],"picked":"Corruption","floor":2},{"not_picked":["Uppercut","Iron Wave"],"picked":"Seeing Red","floor":10},{"not_picked":["Body Slam","Armaments"],"picked":"Anger","floor":13},{"not_picked":["Flex","Burning Pact"],"picked":"Iron Wave","floor":14},{"not_picked":["Headbutt","Offering"],"picked":"Anger","floor":15}],"player_experience":388692,"relics_obtained":[{"floor":9,"key":"Vajra"},{"floor":11,"key":"Dream Catcher"},{"floor":12,"key":"Sundial"},{"floor":14,"key":"PreservedInsect"}],"event_choices":[{"event_name":"Liars Game","player_choice":"agreed","floor":3,"damage_taken":0},{"event_name":"WeMeetAgain","player_choice":"Potion","floor":5,"damage_taken":0},{"event_name":"World of Goop","player_choice":"Gather Gold","floor":8,"damage_taken":0}],"is_beta":false,"boss_relics":[],"items_purged_floors":[],"is_endless":false,"potions_floor_spawned":[2,10],"killed_by":"The Guardian","ascension_level":1}