{"gold_per_floor":[116,116,129,129,139,158,186,196,223,96,110,110,128,108,108,206,206,224,237,237,152,167,167],"floor_reached":23,"playtime":1714,"items_purged":[],"score":222,"play_id":"98bd6fbf-459a-43d0-8177-54bcb4e6ff11","local_time":"20190706015403","is_ascension_mode":false,"campfire_choices":[{"floor":12,"key":"REST"},{"floor":15,"key":"REST"}],"neow_cost":"NONE","seed_source_timestamp":107316278361770,"circlet_count":0,"master_deck":["Strike_B","Strike_B","Strike_B","Strike_B","Defend_B","Defend_B","Defend_B","Defend_B","Zap","Dualcast","Defragment","Gash","Redo","Auto Shields","Chaos","Gash","Leap","Loop","Gash","Leap","Gash","Thunder Strike","FTL","Ball Lightning","Gash"],"relics":["Cracked Core","Sundial","PreservedInsect","Juzu Bracelet","Inserter","Bag of Marbles"],"potions_floor_usage":[14,16,22],"damage_taken":[{"damage":0,"enemies":"2 Louse","floor":1,"turns":2},{"damage":8,"enemies":"Jaw Worm","floor":3,"turns":3},{"damage":0,"enemies":"Small Slimes","floor":5,"turns":3},{"damage":28,"enemies":"Exordium Thugs","floor":6,"turns":5},{"damage":15,"enemies":"Lagavulin","floor":7,"turns":7},{"damage":8,"enemies":"2 Fungi Beasts","floor":8,"turns":4},{"damage":11,"enemies":"Looter","floor":11,"turns":3},{"damage":11,"enemies":"Lots of Slimes","floor":13,"turns":5},{"damage":3,"enemies":"Exordium Thugs","floor":14,"turns":5},{"damage":19,"enemies":"Slime Boss","floor":16,"turns":5},{"damage":23,"enemies":"Spheric Guardian","floor":18,"turns":5},{"damage":10,"enemies":"Chosen","floor":19,"turns":6},{"damage":24,"enemies":"Snecko","floor":22,"turns":6}],"seed_played":"5486246026520324059","potions_obtained":[{"floor":5,"key":"Block Potion"},{"floor":7,"key":"Weak Potion"},{"floor":11,"key":"PowerPotion"},{"floor":13,"key":"Ancient Potion"},{"floor":19,"key":"Block Potion"}],"is_trial":false,"path_per_floor":["M","?","M","?","M","M","E","M","T","$","M","R","M","M","R","B",null,"M","M","?","?","M","?"],"character_chosen":"DEFECT","items_purchased":["Leap","Loop"],"campfire_rested":2,"item_purchase_floors":[10,10],"current_hp_per_floor":[82,82,74,67,67,39,24,16,16,16,5,29,18,15,39,20,82,59,49,33,33,9,0],"gold":167,"neow_bonus":"TEN_PERCENT_HP_BONUS","is_prod":false,"is_daily":false,"chose_seed":false,"campfire_upgraded":0,"win_rate":0.0,"timestamp":1562414043,"path_taken":["M","?","M","?","M","M","E","M","T","$","M","R","M","M","R","BOSS","M","M","?","?","M","?"],"build_version":"2019-07-05","purchased_purges":0,"victory":false,"max_hp_per_floor":[82,82,82,82,82,82,82,82,82,82,82,82,82,82,82,82,82,82,82,87,87,87,87],"card_choices":[{"not_picked":["Cold Snap","Storm"],"picked":"Defragment","floor":1},{"not_picked":["Streamline","Steam"],"picked":"Gash","floor":3},{"not_picked":["Coolheaded","Barrage"],"picked":"Redo","floor":5},{"not_picked":["Amplify","Barrage"],"picked":"Auto Shields","floor":6},{"not_picked":["Double Energy","Hello World"],"picked":"Chaos","floor":7},{"not_picked":["Loop","Hologram"],"picked":"Gash","floor":8},{"not_picked":["Heatsinks","Coolheaded"],"picked":"Gash","floor":11},{"not_picked":["Cold Snap","Sweeping Beam"],"picked":"Leap","floor":13},{"not_picked":["Rip and Tear","Blizzard"],"picked":"Gash","floor":14},{"not_picked":["Creative AI","Buffer"],"picked":"Thunder Strike","floor":16},{"not_picked":["Hologram","Steam"],"picked":"FTL","floor":18},{"not_picked":["Beam Cell+1","Streamline"],"picked":"Ball Lightning","floor":19},{"not_picked":["Sweeping Beam","Streamline"],"picked":"Gash","floor":22}],"player_experience":5405,"relics_obtained":[{"floor":7,"key":"PreservedInsect"},{"floor":9,"key":"Juzu Bracelet"}],"event_choices":[{"damage_healed":0,"gold_gain":0,"player_choice":"Ignored","damage_taken":0,"max_hp_gain":0,"max_hp_loss":0,"event_name":"Liars Game","floor":2,"gold_loss":0},{"damage_healed":0,"gold_gain":0,"player_choice":"Success","damage_taken":7,"relics_obtained":["Sundial"],"max_hp_gain":0,"max_hp_loss":0,"event_name":"Scrap Ooze","floor":4,"gold_loss":0},{"damage_healed":0,"gold_gain":0,"player_choice":"Shed Blood","damage_taken":21,"max_hp_gain":5,"max_hp_loss":0,"event_name":"Forgotten Altar","floor":20,"gold_loss":0},{"damage_healed":0,"gold_gain":0,"player_choice":"Obtained Relic","damage_taken":0,"relics_obtained":["Bag of Marbles"],"max_hp_gain":0,"max_hp_loss":0,"event_name":"Addict","floor":21,"gold_loss":85}],"is_beta":false,"boss_relics":[{"not_picked":["Snecko Eye","Coffee Dripper"],"picked":"Inserter"}],"items_purged_floors":[],"is_endless":false,"potions_floor_spawned":[5,7,11,13,19],"ascension_level":0}