{"gold_per_floor":[360,112,124,143,157,157,182,182,182,197,197,216,250,262,262,262],"floor_reached":16,"playtime":784,"items_purged":["Shame"],"score":228,"play_id":"2161e3ae-4eb0-4eb3-b878-7cd3ce160659","local_time":"20190616190258","is_ascension_mode":true,"campfire_choices":[{"data":"Neutralize","floor":6,"key":"SMITH"},{"floor":11,"key":"REST"},{"data":"Cloak And Dagger","floor":15,"key":"SMITH"}],"neow_cost":"CURSE","seed_source_timestamp":319346651791486,"circlet_count":0,"master_deck":["AscendersBane","Defend_G","Defend_G","Defend_G","Defend_G","Defend_G","Strike_G","Strike_G","Strike_G","Strike_G","Strike_G","Survivor","Neutralize+1","Dagger Throw","Cloak And Dagger","Dodge and Roll","Riddle With Holes","Escape Plan","A Thousand Cuts","Cloak And Dagger+1","Riddle With Holes","Blur"],"relics":["Ring of the Snake","Oddly Smooth Stone","Pantograph","Bottled Flame","Ornamental Fan"],"potions_floor_usage":[7,7,13,16],"damage_taken":[{"damage":5,"enemies":"Cultist","floor":1,"turns":4},{"damage":0,"enemies":"2 Louse","floor":3,"turns":4},{"damage":2,"enemies":"Small Slimes","floor":4,"turns":3},{"damage":7,"enemies":"Exordium Wildlife","floor":5,"turns":4},{"damage":13,"enemies":"3 Sentries","floor":7,"turns":16},{"damage":7,"enemies":"Large Slime","floor":10,"turns":7},{"damage":3,"enemies":"Blue Slaver","floor":12,"turns":5},{"damage":25,"enemies":"Gremlin Nob","floor":13,"turns":4},{"damage":0,"enemies":"3 Louse","floor":14,"turns":5},{"damage":50,"enemies":"Slime Boss","floor":16,"turns":8}],"seed_played":"4686995194847748714","potions_obtained":[{"floor":4,"key":"SkillPotion"},{"floor":5,"key":"Block Potion"},{"floor":8,"key":"PowerPotion"},{"floor":8,"key":"Dexterity Potion"}],"is_trial":false,"path_per_floor":["M","$","M","M","M","R","E","?","T","M","R","M","E","M","R","B"],"character_chosen":"THE_SILENT","items_purchased":["Oddly Smooth Stone"],"campfire_rested":1,"item_purchase_floors":[2],"current_hp_per_floor":[54,54,54,52,45,45,32,32,32,25,44,41,16,16,16,0],"gold":262,"neow_bonus":"TWO_FIFTY_GOLD","is_prod":false,"is_daily":false,"chose_seed":false,"campfire_upgraded":2,"win_rate":0,"timestamp":1560736978,"path_taken":["M","$","M","?","M","R","E","?","T","M","R","?","E","M","R","BOSS"],"build_version":"2019-01-23","purchased_purges":1,"victory":false,"max_hp_per_floor":[66,66,66,66,66,66,66,66,66,66,66,66,66,66,66,66],"card_choices":[{"not_picked":["Dagger Spray","Underhanded Strike"],"picked":"Dagger Throw","floor":1},{"not_picked":["Bane","Acrobatics"],"picked":"Cloak And Dagger","floor":3},{"not_picked":["Eviscerate","Poisoned Stab"],"picked":"Dodge and Roll","floor":4},{"not_picked":["Outmaneuver","Acrobatics"],"picked":"Riddle With Holes","floor":5},{"not_picked":["Dagger Spray","Masterful Stab"],"picked":"Escape Plan","floor":7},{"not_picked":["Deflect","Deadly Poison"],"picked":"A Thousand Cuts","floor":10},{"not_picked":["PiercingWail","Dagger Spray"],"picked":"Cloak And Dagger","floor":12},{"not_picked":["Outmaneuver","Night Terror"],"picked":"Riddle With Holes","floor":13},{"not_picked":["Poisoned Stab","Dagger Throw"],"picked":"Blur","floor":14}],"player_experience":840783,"relics_obtained":[{"floor":7,"key":"Pantograph"},{"floor":9,"key":"Bottled Flame"},{"floor":13,"key":"Ornamental Fan"}],"event_choices":[{"damage_healed":0,"gold_gain":0,"player_choice":"Got Potions","damage_taken":0,"max_hp_gain":0,"max_hp_loss":0,"event_name":"Lab","floor":8,"gold_loss":0}],"is_beta":false,"boss_relics":[],"items_purged_floors":[2],"is_endless":false,"potions_floor_spawned":[4,5,10],"killed_by":"Slime Boss","ascension_level":20}