{"gold_per_floor":[116,66,66,341,358,385,385,396,396,376,390,291,466,77,77,176,176,195,195,70,96,11,11,31,31,56,56,56,71,96,114,114,210,210,223,243,243,243,258,258,108,108,108,35,55,55,277,38,38,38],"floor_reached":50,"playtime":1196,"items_purged":["Regret","Doubt","Strike_B","Parasite"],"score":554,"play_id":"4ea405db-63a6-4946-b286-772ef93a002b","local_time":"20190707042349","is_ascension_mode":false,"campfire_choices":[{"data":"Zap","floor":7.0,"key":"SMITH"},{"floor":15.0,"key":"REST"},{"data":"Rainbow","floor":23.0,"key":"SMITH"},{"data":"Dualcast","floor":25.0,"key":"SMITH"},{"data":"Tempest","floor":27.0,"key":"SMITH"},{"data":"Tempest","floor":32.0,"key":"SMITH"},{"data":"Bandage Up","floor":40.0,"key":"SMITH"},{"data":"Reinforced Body","floor":46.0,"key":"SMITH"},{"data":"Capacitor","floor":49.0,"key":"SMITH"}],"neow_cost":"NONE","seed_source_timestamp":1373901531795,"circlet_count":0,"master_deck":["Strike_B","Strike_B","Defend_B","Defend_B","Defend_B","Zap+1","Dualcast+1","Cold Snap","Ball Lightning","Ball Lightning","Doom and Gloom","Tempest+1","Reinforced Body+1","Ball Lightning","Bandage Up+1","Rainbow+1","Darkness+1","Auto Shields","All For One","Tempest+1","Doom and Gloom+1","Electrodynamics","Ball Lightning","Darkness+1","Capacitor+1","Defragment+1","Conserve Battery"],"special_seed":0,"relics":["Cracked Core","Bronze Scales","WingedGreaves","Orichalcum","Calipers","Toolbox","Coffee Dripper","Red Mask","Gambling Chip","Vajra","Darkstone Periapt","Sozu","Mercury Hourglass","Chemical X"],"potions_floor_usage":[50,50],"damage_taken":[{"damage":9.0,"enemies":"2 Louse","floor":1.0,"turns":2.0},{"damage":2.0,"enemies":"Cultist","floor":5.0,"turns":3.0},{"damage":28.0,"enemies":"3 Sentries","floor":6.0,"turns":5.0},{"damage":2.0,"enemies":"Jaw Worm","floor":8.0,"turns":3.0},{"damage":13.0,"enemies":"2 Fungi Beasts","floor":11.0,"turns":3.0},{"damage":9.0,"enemies":"Hexaghost","floor":16.0,"turns":8.0},{"damage":8.0,"enemies":"3 Byrds","floor":18.0,"turns":2.0},{"damage":0.0,"enemies":"Masked Bandits","floor":21.0,"turns":3.0},{"damage":13.0,"enemies":"Shell Parasite","floor":24.0,"turns":3.0},{"damage":0.0,"enemies":"Centurion and Healer","floor":29.0,"turns":3.0},{"damage":0.0,"enemies":"Gremlin Leader","floor":30.0,"turns":4.0},{"damage":0.0,"enemies":"Chosen and Byrds","floor":31.0,"turns":2.0},{"damage":54.0,"enemies":"Champ","floor":33.0,"turns":10.0},{"damage":6.0,"enemies":"Orb Walker","floor":35.0,"turns":2.0},{"damage":11.0,"enemies":"3 Darklings","floor":36.0,"turns":3.0},{"damage":15.0,"enemies":"Writhing Mass","floor":39.0,"turns":3.0},{"damage":0.0,"enemies":"Transient","floor":45.0,"turns":5.0},{"damage":78,"enemies":"Awakened One","floor":50,"turns":8}],"seed_played":"-1253304816637854054","potions_obtained":[{"floor":1.0,"key":"SteroidPotion"},{"floor":6.0,"key":"Block Potion"},{"floor":10.0,"key":"Fruit Juice"},{"floor":16.0,"key":"Swift Potion"},{"floor":28.0,"key":"EntropicBrew"},{"floor":30.0,"key":"EssenceOfSteel"}],"is_trial":false,"path_per_floor":["M","$","?","?","M","E","R","M","T","?","M","$","?","$","R","B",null,"M","?","$","?","?","R","M","R","T","R","?","M","E","M","R","B",null,"M","M","?","?","M","R","$","?","T","$","M","R","?","$","R","B"],"character_chosen":"DEFECT","items_purchased":["Ball Lightning","Ball Lightning","Toolbox","Bandage Up","Capacitor","Chemical X","Conserve Battery"],"campfire_rested":1,"item_purchase_floors":[2,12,14,14,44,48,48],"current_hp_per_floor":[66,66,59,59,57,29,29,27,27,32,19,19,19,19,43,38,80,72,72,72,76,76,76,67,67,67,67,67,71,75,75,75,25,80,74,67,67,67,62,62,62,62,62,62,68,68,68,68,68,0],"gold":38,"neow_bonus":"RANDOM_COMMON_RELIC","is_prod":false,"is_daily":false,"chose_seed":false,"campfire_upgraded":8,"win_rate":0,"timestamp":1562495029,"path_taken":["M","$","?","?","M","E","R","?","T","?","?","$","?","$","R","BOSS","M","?","$","?","?","R","M","R","T","R","?","M","E","M","R","BOSS","M","M","?","?","M","R","?","?","T","$","?","R","?","$","R","BOSS"],"build_version":"2019-07-05","purchased_purges":4,"victory":false,"max_hp_per_floor":[75,75,75,75,75,75,75,75,75,80,80,80,80,80,80,80,80,80,80,80,80,80,80,80,80,80,80,80,80,80,80,80,80,80,80,80,80,80,86,86,83,83,83,83,83,83,83,83,83,83],"card_choices":[{"not_picked":["Hello World","Conserve Battery"],"picked":"Cold Snap","floor":1.0},{"not_picked":["Stack","Recycle"],"picked":"Ball Lightning","floor":5.0},{"not_picked":["BootSequence","Double Energy"],"picked":"Doom and Gloom","floor":6.0},{"not_picked":["Reprogram","Glacier"],"picked":"Tempest","floor":8.0},{"not_picked":["Fusion","Coolheaded"],"picked":"Reinforced Body","floor":11.0},{"not_picked":["Reboot","Hyperbeam"],"picked":"Rainbow","floor":16.0},{"not_picked":["Steam","Stack"],"picked":"Darkness+1","floor":18.0},{"not_picked":["Heatsinks+1","Self Repair"],"picked":"Tempest","floor":24.0},{"not_picked":["Turbo+1","Redo","Rip and Tear"],"picked":"SKIP","floor":29.0},{"not_picked":["Leap+1","Rip and Tear"],"picked":"Doom and Gloom+1","floor":30.0},{"not_picked":["Streamline","Scrape","Blizzard+1"],"picked":"SKIP","floor":31.0},{"not_picked":["Amplify","All For One"],"picked":"Electrodynamics","floor":33.0},{"not_picked":["Lockon","Beam Cell+1","Streamline"],"picked":"SKIP","floor":35.0},{"not_picked":["Doom and Gloom+1","Gash"],"picked":"Compile Driver+1","floor":36.0},{"not_picked":["Sweeping Beam+1","Redo"],"picked":"Ball Lightning","floor":39.0},{"not_picked":["Stack","Sweeping Beam"],"picked":"Defragment+1","floor":45.0}],"player_experience":1542824,"relics_obtained":[{"floor":6.0,"key":"Orichalcum"},{"floor":9.0,"key":"Calipers"},{"floor":21.0,"key":"Red Mask"},{"floor":26.0,"key":"Vajra"},{"floor":30.0,"key":"Darkstone Periapt"},{"floor":43.0,"key":"Mercury Hourglass"}],"event_choices":[{"damage_healed":0.0,"max_hp_gain":0.0,"max_hp_loss":0.0,"gold_gain":0.0,"event_name":"Scrap Ooze","player_choice":"Success","floor":3.0,"gold_loss":0.0,"damage_taken":7.0,"relics_obtained":["WingedGreaves"]},{"damage_healed":0.0,"max_hp_gain":0.0,"max_hp_loss":0.0,"gold_gain":275.0,"event_name":"Golden Shrine","player_choice":"Desecrate","floor":4.0,"gold_loss":0.0,"damage_taken":0.0,"cards_obtained":["Regret"]},{"damage_healed":0.0,"max_hp_gain":0.0,"max_hp_loss":0.0,"gold_gain":0.0,"event_name":"The Woman in Blue","player_choice":"Bought 1 Potion","floor":10.0,"gold_loss":0.0,"damage_taken":0.0},{"damage_healed":0.0,"max_hp_gain":0.0,"max_hp_loss":0.0,"gold_gain":175.0,"event_name":"Liars Game","player_choice":"AGREE","floor":13.0,"gold_loss":0.0,"damage_taken":0.0,"cards_obtained":["Doubt"]},{"damage_healed":0.0,"max_hp_gain":0.0,"max_hp_loss":0.0,"gold_gain":0.0,"cards_transformed":["Strike_B","Defend_B"],"event_name":"Drug Dealer","player_choice":"Became Test Subject","floor":19.0,"gold_loss":0.0,"damage_taken":0.0,"cards_obtained":["Auto Shields","All For One"]},{"damage_healed":0.0,"max_hp_gain":0.0,"max_hp_loss":0.0,"gold_gain":0.0,"event_name":"Masked Bandits","player_choice":"Fought Bandits","floor":21.0,"gold_loss":0.0,"damage_taken":0.0},{"damage_healed":0.0,"max_hp_gain":0.0,"max_hp_loss":0.0,"gold_gain":0.0,"event_name":"Addict","player_choice":"Obtained Relic","floor":22.0,"gold_loss":85.0,"damage_taken":0.0,"relics_obtained":["Gambling Chip"]},{"damage_healed":0.0,"max_hp_gain":0.0,"max_hp_loss":0.0,"gold_gain":0.0,"event_name":"Lab","player_choice":"Got Potions","floor":28.0,"gold_loss":0.0,"damage_taken":0.0},{"cards_removed":["Compile Driver"],"damage_healed":0.0,"max_hp_gain":0.0,"max_hp_loss":0.0,"gold_gain":0.0,"event_name":"Falling","player_choice":"Removed Attack","floor":37.0,"gold_loss":0.0,"damage_taken":0.0},{"damage_healed":0.0,"max_hp_gain":0.0,"max_hp_loss":0.0,"gold_gain":0.0,"event_name":"Mysterious Sphere","player_choice":"Ignored","floor":38.0,"gold_loss":0.0,"damage_taken":0.0},{"damage_healed":0.0,"max_hp_gain":0.0,"max_hp_loss":0.0,"gold_gain":0.0,"event_name":"Duplicator","player_choice":"Copied","floor":42.0,"gold_loss":0.0,"damage_taken":0.0,"cards_obtained":["Darkness"]},{"damage_healed":0.0,"max_hp_gain":0.0,"max_hp_loss":0.0,"gold_gain":222.0,"event_name":"Tomb of Lord Red Mask","player_choice":"Wore Mask","floor":47.0,"gold_loss":0.0,"damage_taken":0.0}],"is_beta":false,"boss_relics":[{"not_picked":["FrozenCore","Snecko Eye"],"picked":"Coffee Dripper"},{"not_picked":["Pandora\u0027s Box","Inserter"],"picked":"Sozu"}],"items_purged_floors":[12,14,20,41],"is_endless":false,"potions_floor_spawned":[1,6,16,21,30,31,35,39,45],"killed_by":"Awakened One","ascension_level":0}