{"gold_per_floor":[112,262,262,137,158,158,193,33,33,33,57,96,109,123,123,217,217,231,281,259,2,2,2,2,2,2,2,15,15,15,29,29,122,122,135,159,159,492,504,394,394,394,394,406,406,69,69,89,89,89],"floor_reached":50,"playtime":2645,"items_purged":["Doubt","Injury","Writhe"],"score":899,"play_id":"ab12cfb6-edcf-42c1-8de7-2a0207bf451d","local_time":"20190527101907","is_ascension_mode":true,"campfire_choices":[{"data":"Loop","floor":6.0,"key":"SMITH"},{"floor":10.0,"key":"REST"},{"data":"Defragment","floor":15.0,"key":"SMITH"},{"data":"Loop","floor":23.0,"key":"SMITH"},{"data":"Sunder","floor":27.0,"key":"SMITH"},{"data":"Zap","floor":29.0,"key":"SMITH"},{"floor":32.0,"key":"REST"},{"floor":41.0,"key":"REST"},{"floor":49,"key":"REST"}],"neow_cost":"NONE","seed_source_timestamp":0,"circlet_count":0,"master_deck":["AscendersBane","Strike_B+1","Strike_B+1","Defend_B+1","Defend_B+1","Defend_B+1","Defend_B+1","Zap+1","Dualcast+1","Conserve Battery+1","Conserve Battery+1","Loop+1","Self Repair+1","Coolheaded+1","Loop+1","Defragment+1","Meteor Strike+1","Sunder+1","Static Discharge+1","Turbo+1","Gash+1","Loop+1","Echo Form+1","Streamline+1","Metamorphosis+1","Skim+1","Rebound+1"],"special_seed":0,"relics":["Cracked Core","Bag of Preparation","DataDisk","Ice Cream","Emotion Chip","Nuclear Battery","Juzu Bracelet","Cables","Mercury Hourglass","Toxic Egg 2","Fusion Hammer","Molten Egg 2","Lee\u0027s Waffle","Mark of the Bloom"],"potions_floor_usage":[50],"damage_taken":[{"damage":4.0,"enemies":"Jaw Worm","floor":1.0,"turns":4.0},{"damage":0.0,"enemies":"2 Louse","floor":5.0,"turns":2.0},{"damage":43.0,"enemies":"Lagavulin","floor":7.0,"turns":8.0},{"damage":0.0,"enemies":"Cultist","floor":11.0,"turns":3.0},{"damage":26.0,"enemies":"3 Sentries","floor":12.0,"turns":11.0},{"damage":4.0,"enemies":"Blue Slaver","floor":13.0,"turns":4.0},{"damage":1.0,"enemies":"Large Slime","floor":14.0,"turns":5.0},{"damage":21.0,"enemies":"The Guardian","floor":16.0,"turns":9.0},{"damage":22.0,"enemies":"Spheric Guardian","floor":18.0,"turns":4.0},{"damage":7.0,"enemies":"2 Thieves","floor":20.0,"turns":4.0},{"damage":3.0,"enemies":"Sentry and Sphere","floor":28.0,"turns":4.0},{"damage":19.0,"enemies":"3 Cultists","floor":31.0,"turns":5.0},{"damage":30.0,"enemies":"Collector","floor":33.0,"turns":8.0},{"damage":24.0,"enemies":"3 Darklings","floor":35.0,"turns":4.0},{"damage":5.0,"enemies":"3 Shapes","floor":36.0,"turns":5.0},{"damage":46.0,"enemies":"Maw","floor":39.0,"turns":7.0},{"damage":32.0,"enemies":"3 Darklings","floor":44.0,"turns":6.0},{"damage":23,"enemies":"Jaw Worm Horde","floor":48,"turns":3},{"damage":66,"enemies":"Awakened One","floor":50,"turns":3}],"seed_played":"2481087171895047585","potions_obtained":[{"floor":7.0,"key":"AttackPotion"},{"floor":12.0,"key":"Ancient Potion"},{"floor":14.0,"key":"Poison Potion"},{"floor":18.0,"key":"SkillPotion"},{"floor":31.0,"key":"Weak Potion"},{"floor":35.0,"key":"SneckoOil"},{"floor":36.0,"key":"EssenceOfSteel"},{"floor":44.0,"key":"EssenceOfSteel"}],"is_trial":false,"path_per_floor":["M","?","?","$","M","R","E","$","T","R","M","E","M","M","R","B",null,"M","?","M","$","?","R","?","?","T","R","M","R","T","M","R","B",null,"M","M","?","?","M","?","R","?","T","M","?","$","?","M","R","B"],"character_chosen":"DEFECT","items_purchased":["Conserve Battery","DataDisk","Juzu Bracelet","Lee\u0027s Waffle"],"campfire_rested":4,"item_purchase_floors":[4,8,21,46],"current_hp_per_floor":[60,60,60,60,60,60,17,17,17,38,45,26,29,35,35,21,59,44,37,37,37,37,37,37,37,37,37,34,34,34,22,43,20,58,41,50,64,64,25,25,46,46,46,21,21,78,78,55,55,0],"gold":89,"neow_bonus":"TRANSFORM_CARD","is_prod":false,"is_daily":false,"chose_seed":false,"campfire_upgraded":5,"win_rate":0,"timestamp":1558977547,"path_taken":["M","?","?","$","M","R","E","$","T","R","M","E","M","M","R","BOSS","M","?","?","$","?","R","?","?","T","R","M","R","?","M","R","BOSS","M","M","?","?","M","?","R","?","T","M","?","$","?","M","R","BOSS"],"build_version":"2019-01-23","purchased_purges":3,"victory":false,"max_hp_per_floor":[71,71,71,71,71,71,71,71,71,71,71,71,71,71,71,71,71,71,71,71,71,71,71,71,71,71,71,71,71,71,71,71,71,71,71,71,71,71,71,71,71,71,71,71,71,78,78,78,78,78],"card_choices":[{"not_picked":["Hologram","Beam Cell"],"picked":"Conserve Battery","floor":1.0},{"not_picked":["Coolheaded","Heatsinks"],"picked":"Loop","floor":5.0},{"not_picked":["Barrage","Recycle"],"picked":"Self Repair","floor":7.0},{"not_picked":["Redo","Steam"],"picked":"Coolheaded","floor":11.0},{"not_picked":["Chaos","Conserve Battery"],"picked":"Loop","floor":12.0},{"not_picked":["Turbo","Stack","Go for the Eyes"],"picked":"SKIP","floor":13.0},{"not_picked":["Turbo","Self Repair"],"picked":"Defragment","floor":14.0},{"not_picked":["Hyperbeam","Biased Cognition"],"picked":"Meteor Strike","floor":16.0},{"not_picked":["Steam+1","Barrage"],"picked":"Sunder","floor":18.0},{"not_picked":["Turbo","Redo"],"picked":"Static Discharge","floor":20.0},{"not_picked":["Turbo+1","Beam Cell+1","Steam Power"],"picked":"SKIP","floor":28.0},{"not_picked":["Storm","Conserve Battery+1"],"picked":"Loop","floor":31.0},{"not_picked":["Biased Cognition","Buffer"],"picked":"Echo Form","floor":33.0},{"not_picked":["Streamline","Double Energy+1","Sweeping Beam"],"picked":"SKIP","floor":35.0},{"not_picked":["Fusion+1","Rebound"],"picked":"Streamline+1","floor":36.0},{"not_picked":["Redo+1","Steam+1","Barrage"],"picked":"SKIP","floor":39.0},{"not_picked":["Discovery+1","Blind+1"],"picked":"Metamorphosis+1","floor":42.0},{"not_picked":["Redo+1","Hello World"],"picked":"Skim+1","floor":44.0},{"not_picked":["Doom and Gloom+1","Static Discharge"],"picked":"Rebound+1","floor":48}],"player_experience":764518,"relics_obtained":[{"floor":7.0,"key":"Bag of Preparation"},{"floor":9.0,"key":"Ice Cream"},{"floor":12.0,"key":"Emotion Chip"},{"floor":26.0,"key":"Mercury Hourglass"},{"floor":30.0,"key":"Toxic Egg 2"},{"floor":43.0,"key":"Molten Egg 2"}],"event_choices":[{"damage_healed":0.0,"max_hp_gain":0.0,"max_hp_loss":0.0,"gold_gain":150.0,"event_name":"Liars Game","player_choice":"AGREE","floor":2.0,"gold_loss":0.0,"damage_taken":0.0,"cards_obtained":["Doubt"]},{"damage_healed":0.0,"max_hp_gain":0.0,"max_hp_loss":0.0,"gold_gain":0.0,"event_name":"Golden Idol","player_choice":"Take Wound","floor":3.0,"gold_loss":0.0,"damage_taken":0.0,"relics_obtained":["Golden Idol"],"cards_obtained":["Injury"]},{"damage_healed":0.0,"max_hp_gain":0.0,"max_hp_loss":0.0,"gold_gain":50.0,"event_name":"FaceTrader","player_choice":"Touch","floor":19.0,"gold_loss":0.0,"damage_taken":7.0},{"damage_healed":0.0,"max_hp_gain":0.0,"max_hp_loss":0.0,"gold_gain":0.0,"cards_transformed":["Strike_B","Blizzard"],"event_name":"Drug Dealer","player_choice":"Became Test Subject","floor":22.0,"gold_loss":0.0,"damage_taken":0.0,"cards_obtained":["Turbo","Gash"]},{"damage_healed":0.0,"max_hp_gain":0.0,"max_hp_loss":0.0,"gold_gain":0.0,"event_name":"Addict","player_choice":"Stole Relic","floor":24.0,"gold_loss":0.0,"damage_taken":0.0,"relics_obtained":["Cables"],"cards_obtained":["Shame"]},{"damage_healed":0.0,"max_hp_gain":0.0,"max_hp_loss":0.0,"gold_gain":0.0,"event_name":"Beggar","player_choice":"Ignored","floor":25.0,"gold_loss":0.0,"damage_taken":0.0},{"damage_healed":14.0,"max_hp_gain":0.0,"max_hp_loss":0.0,"gold_gain":0.0,"event_name":"Winding Halls","player_choice":"Writhe","floor":37.0,"gold_loss":0.0,"damage_taken":0.0,"cards_obtained":["Writhe"]},{"damage_healed":0.0,"max_hp_gain":0.0,"max_hp_loss":0.0,"gold_gain":333.0,"event_name":"The Moai Head","player_choice":"Gave Idol","floor":38.0,"relics_lost":["Golden Idol"],"gold_loss":0.0,"damage_taken":0.0},{"cards_removed":["Shame"],"damage_healed":0.0,"max_hp_gain":0.0,"max_hp_loss":0.0,"gold_gain":0.0,"event_name":"Designer","player_choice":"Upgrade and Remove","floor":40.0,"gold_loss":110.0,"damage_taken":0.0,"cards_upgraded":["Strike_B"]},{"damage_healed":0.0,"max_hp_gain":0.0,"max_hp_loss":0.0,"gold_gain":0.0,"event_name":"SensoryStone","player_choice":"Memory 1","floor":42.0,"gold_loss":0.0,"damage_taken":0.0},{"damage_healed":0.0,"max_hp_gain":0.0,"max_hp_loss":0.0,"gold_gain":0.0,"event_name":"Mysterious Sphere","player_choice":"Ignored","floor":45.0,"gold_loss":0.0,"damage_taken":0.0},{"damage_healed":0,"gold_gain":0,"player_choice":"Upgrade","damage_taken":0,"relics_obtained":["Mark of the Bloom"],"max_hp_gain":0,"max_hp_loss":0,"event_name":"MindBloom","floor":47,"gold_loss":0,"cards_upgraded":["Strike_B","Defend_B","Defend_B","Defend_B","Defend_B","Dualcast","Conserve Battery","Conserve Battery","Self Repair","Coolheaded","Meteor Strike","Static Discharge","Turbo","Gash","Loop","Echo Form"]}],"is_beta":false,"boss_relics":[{"not_picked":["Calling Bell","White Beast Statue"],"picked":"Nuclear Battery"},{"not_picked":["Lizard Tail","Orrery"],"picked":"Fusion Hammer"}],"items_purged_floors":[4,21,46],"is_endless":false,"potions_floor_spawned":[7,12,14,18,31,35,36,44],"killed_by":"Awakened One","ascension_level":19}