{"gold_per_floor":[119,119,194,194,119,153,153,186,233,248,248,248,264,5,5,5],"floor_reached":16,"playtime":708,"items_purged":[],"score":106,"play_id":"2ad23e5d-7356-40d5-8843-9c205e0ecdf8","local_time":"20190707001314","is_ascension_mode":false,"campfire_choices":[{"data":"Storm","floor":7,"key":"SMITH"},{"floor":11,"key":"REST"},{"data":"Genetic Algorithm","floor":15,"key":"SMITH"}],"neow_cost":"NONE","seed_source_timestamp":188673941087590,"circlet_count":0,"master_deck":["Strike_B","Strike_B","Strike_B","Strike_B","Defend_B","Defend_B","Defend_B","Defend_B","Zap+1","Dualcast","Glacier","Defragment","Heatsinks","Storm+1","Beam Cell","Streamline","Genetic Algorithm+1"],"relics":["Cracked Core","Anchor","Vajra","Strawberry","Golden Idol","Matryoshka"],"potions_floor_usage":[],"damage_taken":[{"damage":1,"enemies":"Jaw Worm","floor":1,"turns":4},{"damage":17,"enemies":"Gremlin Nob","floor":6,"turns":6},{"damage":39,"enemies":"3 Sentries","floor":8,"turns":6},{"damage":0,"enemies":"2 Louse","floor":10,"turns":3},{"damage":0,"enemies":"Cultist","floor":13,"turns":2},{"damage":50,"enemies":"Hexaghost","floor":16,"turns":8}],"seed_played":"2489904155630070190","potions_obtained":[{"floor":1,"key":"Ancient Potion"},{"floor":10,"key":"SpeedPotion"}],"is_trial":false,"path_per_floor":["M","?","?","?","$","E","R","E","T","M","R","?","M","$","R","B"],"character_chosen":"DEFECT","items_purchased":["Heatsinks","Matryoshka"],"campfire_rested":1,"item_purchase_floors":[5,14],"current_hp_per_floor":[74,74,63,68,68,51,51,12,19,19,45,45,45,45,45,0],"gold":5,"neow_bonus":"THREE_CARDS","is_prod":false,"is_daily":false,"chose_seed":false,"campfire_upgraded":2,"win_rate":0.0,"timestamp":1562494394,"path_taken":["M","?","?","?","$","E","R","E","T","M","R","?","M","?","R","BOSS"],"build_version":"2019-07-05","purchased_purges":0,"victory":false,"max_hp_per_floor":[75,75,75,80,80,80,80,80,87,87,87,81,81,81,81,81],"card_choices":[{"not_picked":["Compile Driver","Reprogram"],"picked":"Glacier","floor":0},{"not_picked":["Doom and Gloom","Reinforced Body"],"picked":"Defragment","floor":1},{"not_picked":["Auto Shields","Steam"],"picked":"Storm","floor":6},{"not_picked":["Barrage","Ball Lightning"],"picked":"Beam Cell","floor":8},{"not_picked":["Compile Driver","Beam Cell"],"picked":"Streamline","floor":10},{"not_picked":["Undo","Rebound"],"picked":"Genetic Algorithm","floor":13}],"player_experience":32114,"relics_obtained":[{"floor":6,"key":"Anchor"},{"floor":8,"key":"Vajra"},{"floor":9,"key":"Strawberry"}],"event_choices":[{"damage_healed":0,"gold_gain":0,"player_choice":"Grow","damage_taken":0,"max_hp_gain":0,"max_hp_loss":0,"event_name":"Living Wall","floor":2,"gold_loss":0,"cards_upgraded":["Zap"]},{"damage_healed":0,"gold_gain":75,"player_choice":"Gather Gold","damage_taken":11,"max_hp_gain":0,"max_hp_loss":0,"event_name":"World of Goop","floor":3,"gold_loss":0},{"damage_healed":0,"gold_gain":0,"player_choice":"Donut","damage_taken":0,"max_hp_gain":5,"max_hp_loss":0,"event_name":"Big Fish","floor":4,"gold_loss":0},{"damage_healed":0,"gold_gain":0,"player_choice":"Lose Max HP","damage_taken":0,"relics_obtained":["Golden Idol"],"max_hp_gain":0,"max_hp_loss":6,"event_name":"Golden Idol","floor":12,"gold_loss":0}],"is_beta":false,"boss_relics":[],"items_purged_floors":[],"is_endless":false,"potions_floor_spawned":[1,10],"killed_by":"Hexaghost","ascension_level":0}