{"gold_per_floor":[114,114,114,129,129,129,144,144,224,539,35,50,65,65,65,165,165,180,186,201,201,26,126,141,156,156,156,156,206,206,236,236,336,336,351,9,34,34,49,79,79,79,79,94,109,109,124,124,124,124],"floor_reached":51,"playtime":2381,"items_purged":[],"score":885,"play_id":"58420cf6-abb1-49bb-929d-8bbe2b76afdc","local_time":"20181017062147","daily_mods":["Insanity","Vintage","Binary"],"is_ascension_mode":false,"campfire_choices":[{"data":"Metallicize","floor":6,"key":"SMITH"},{"data":"Rage","floor":8,"key":"SMITH"},{"data":"Mayhem","floor":15,"key":"SMITH"},{"data":"Panache","floor":32,"key":"SMITH"},{"data":"1","floor":41,"key":"LIFT"},{"data":"2","floor":49,"key":"LIFT"}],"neow_cost":"","seed_source_timestamp":0,"circlet_count":0,"master_deck":["Defend_R","Limit Break","Sentinel","Searing Blow","Searing Blow","Fiend Fire","Intimidate","Evolve","Sever Soul","Double Tap","Headbutt","Rampage","Dual Wield","Inflame","Bash","Carnage","Sword Boomerang","Impervious","Shockwave","Disarm","Bludgeon","Ghostly Armor","Headbutt","Clash+1","Headbutt","Havoc+1","Intimidate+1","Metallicize+1","Second Wind","Berserk","Limit Break+1","Shockwave","Flex","Twin Strike","Immolate","Blood for Blood","Spot Weakness","Wild Strike","Clash","Shockwave","Reaper","Inflame","Evolve","Seeing Red","Sentinel","Rage+1","Body Slam","Reaper","Mayhem+1","Juggernaut","Panache+1","Seeing Red+1","Dark Embrace","Dramatic Entrance","Feel No Pain","Seeing Red","Flex+1","Metallicize+1","Flex+1","Apotheosis","Finesse","Impatience"],"special_seed":17821,"relics":["Burning Blood","Ornamental Fan","Paper Frog","Prayer Wheel","Nunchaku","Tiny Chest","Old Coin","Ginger","Juzu Bracelet","Singing Bowl","Pantograph","Meat on the Bone","Coffee Dripper","Bottled Tornado","Red Mask","Red Skull","Mummified Hand","Darkstone Periapt","PreservedInsect","Magic Flower","Peace Pipe","Anchor","Potion Belt","Ancient Tea Set","Lizard Tail","Pen Nib","Centennial Puzzle","FossilizedHelix","Girya","Bag of Preparation","Bottled Lightning","Orichalcum","Oddly Smooth Stone","Frozen Egg 2","War Paint","Self Forming Clay"],"potions_floor_usage":[19,33,33,38,40,50,50,50],"damage_taken":[{"damage":0,"enemies":"Small Slimes","floor":1,"turns":2},{"damage":0,"enemies":"Cultist","floor":4,"turns":2},{"damage":8,"enemies":"Jaw Worm","floor":7,"turns":2},{"damage":15,"enemies":"2 Fungi Beasts","floor":10,"turns":3},{"damage":0,"enemies":"3 Louse","floor":12,"turns":2},{"damage":2,"enemies":"Large Slime","floor":13,"turns":4},{"damage":1,"enemies":"Hexaghost","floor":16,"turns":9},{"damage":13,"enemies":"Shell Parasite","floor":18,"turns":3},{"damage":45,"enemies":"Masked Bandits","floor":19,"turns":5},{"damage":3,"enemies":"3 Byrds","floor":20,"turns":5},{"damage":6,"enemies":"Snake Plant","floor":24,"turns":2},{"damage":9,"enemies":"Sentry and Sphere","floor":25,"turns":4},{"damage":4,"enemies":"Slavers","floor":31,"turns":2},{"damage":17,"enemies":"Champ","floor":33,"turns":7},{"damage":16,"enemies":"3 Darklings","floor":35,"turns":5},{"damage":33,"enemies":"Mysterious Sphere","floor":37,"turns":2},{"damage":35,"enemies":"Mind Bloom Boss Battle","floor":38,"turns":4},{"damage":0,"enemies":"Orb Walker","floor":39,"turns":3},{"damage":0,"enemies":"Nemesis","floor":40,"turns":5},{"damage":0,"enemies":"Transient","floor":44,"turns":5},{"damage":14,"enemies":"Sphere and 2 Shapes","floor":45,"turns":4},{"damage":0,"enemies":"Maw","floor":47,"turns":5},{"damage":17,"enemies":"Donu and Deca","floor":50,"turns":6}],"seed_played":"5594467698129206487","potions_obtained":[{"floor":4,"key":"GamblersBrew"},{"floor":12,"key":"Regen Potion"},{"floor":16,"key":"Dexterity Potion"},{"floor":25,"key":"SteroidPotion"},{"floor":33,"key":"Dexterity Potion"},{"floor":37,"key":"FearPotion"},{"floor":38,"key":"EssenceOfSteel"},{"floor":45,"key":"Block Potion"},{"floor":47,"key":"Dexterity Potion"}],"is_trial":false,"path_per_floor":["M","?","?","M","?","R","M","R","T","M","$","M","M","T","R","B",null,"M","?","M","T","$","?","M","M","T","?","T","?","?","E","R","B",null,"M","$","?","?","M","E","R","?","T","M","M","?","M","T","R","B"],"character_chosen":"IRONCLAD","items_purchased":["Mayhem","Ginger","Panache","Dramatic Entrance","Centennial Puzzle","Feel No Pain","Seeing Red"],"campfire_rested":0,"item_purchase_floors":[11,11,22,36,36,36,36],"current_hp_per_floor":[80,80,77,80,64,64,62,62,62,61,61,67,71,71,71,80,80,73,60,63,63,63,63,64,61,61,61,61,61,61,66,66,82,82,82,82,60,56,65,74,74,74,74,82,77,67,76,76,76,74],"gold":124,"neow_bonus":"","is_prod":false,"is_daily":true,"chose_seed":false,"campfire_upgraded":4,"win_rate":0,"timestamp":1539771707,"path_taken":["M","?","?","M","?","R","M","R","T","M","?","M","M","?","R","BOSS","M","?","M","?","$","?","M","M","T","?","?","?","?","E","R","BOSS","M","$","?","?","M","E","R","?","T","M","M","?","M","?","R","BOSS"],"build_version":"2018-10-11","purchased_purges":0,"victory":true,"max_hp_per_floor":[80,80,80,80,80,80,80,80,80,80,80,80,80,80,80,80,80,80,82,82,82,82,82,82,82,82,82,82,82,82,82,82,82,82,82,82,82,82,82,82,82,82,82,82,82,82,82,82,82,82],"card_choices":[{"not_picked":["Exhume"],"picked":"Juggernaut","floor":16},{"not_picked":["Whirlwind","Sword Boomerang"],"picked":"Singing Bowl","floor":19},{"not_picked":["Warcry"],"picked":"Seeing Red+1","floor":31},{"not_picked":["Exhume"],"picked":"Dark Embrace","floor":33},{"not_picked":["Dual Wield"],"picked":"Flex+1","floor":37},{"not_picked":["Sever Soul+1"],"picked":"Metallicize+1","floor":38},{"not_picked":["Twin Strike"],"picked":"Flex+1","floor":40},{"not_picked":["Enlightenment"],"picked":"Apotheosis","floor":46},{"not_picked":["Enlightenment"],"picked":"Finesse","floor":46},{"not_picked":["Purity"],"picked":"Impatience","floor":46}],"player_experience":434893,"relics_obtained":[{"floor":1,"key":"Ornamental Fan"},{"floor":4,"key":"Prayer Wheel"},{"floor":7,"key":"Nunchaku"},{"floor":9,"key":"Tiny Chest"},{"floor":10,"key":"Old Coin"},{"floor":12,"key":"Juzu Bracelet"},{"floor":13,"key":"Singing Bowl"},{"floor":14,"key":"Pantograph"},{"floor":16,"key":"Meat on the Bone"},{"floor":18,"key":"Bottled Tornado"},{"floor":19,"key":"Red Mask"},{"floor":20,"key":"Red Skull"},{"floor":21,"key":"Mummified Hand"},{"floor":24,"key":"Darkstone Periapt"},{"floor":25,"key":"PreservedInsect"},{"floor":26,"key":"Magic Flower"},{"floor":28,"key":"Peace Pipe"},{"floor":31,"key":"Potion Belt"},{"floor":33,"key":"Ancient Tea Set"},{"floor":35,"key":"Pen Nib"},{"floor":37,"key":"FossilizedHelix"},{"floor":38,"key":"Girya"},{"floor":39,"key":"Bag of Preparation"},{"floor":40,"key":"Bottled Lightning"},{"floor":43,"key":"Orichalcum"},{"floor":44,"key":"Oddly Smooth Stone"},{"floor":45,"key":"Frozen Egg 2"},{"floor":47,"key":"War Paint"},{"floor":48,"key":"Self Forming Clay"}],"event_choices":[{"event_name":"Purifier","player_choice":"Skipped","floor":2,"damage_taken":0},{"event_name":"Scrap Ooze","player_choice":"success","floor":3,"damage_taken":3},{"event_name":"Shining Light","player_choice":"Entered Light","floor":5,"damage_taken":0},{"event_name":"Masked Bandits","player_choice":"Fought Bandits","floor":19,"damage_taken":0},{"event_name":"Golden Shrine","player_choice":"Pray","floor":23,"damage_taken":0},{"event_name":"Back to Basics","player_choice":"Elegance","floor":27,"damage_taken":0},{"event_name":"The Joust","player_choice":"Bet on Murderer","floor":29,"damage_taken":0},{"event_name":"The Mausoleum","player_choice":"Yes","floor":30,"damage_taken":0},{"event_name":"Mysterious Sphere","player_choice":"Fight","floor":37,"damage_taken":0},{"event_name":"MindBloom","player_choice":"Fight","floor":38,"damage_taken":0},{"event_name":"Falling","player_choice":"Removed Skill","floor":42,"damage_taken":0},{"event_name":"SensoryStone","player_choice":"Memory 3","floor":46,"damage_taken":0}],"is_beta":false,"boss_relics":[{"not_picked":["White Beast Statue","Runic Dome"],"picked":"Coffee Dripper"},{"not_picked":["Busted Crown","Cursed Key"],"picked":"Lizard Tail"}],"items_purged_floors":[],"is_endless":false,"potions_floor_spawned":[4,12,16,18,25,33,37,38,45,47],"ascension_level":0}