{"gold_per_floor":[109,109,126,50,61,89,89,119,119,158,194,236,262,274,286,393,405,429,441,453,465,402,414,426,466,551,574,602,627,277,306,306,409,409,427,527,545,545,558,589,608,640,640,640,640,659,659,672,672,672],"floor_reached":51,"playtime":4416,"items_purged":[],"score":788,"play_id":"906f3377-2939-4c3f-8cd5-bb14b43d77e4","local_time":"20190706233307","is_ascension_mode":false,"campfire_choices":[{"data":"Metallicize","floor":7.0,"key":"SMITH"},{"data":"Inflame","floor":15.0,"key":"SMITH"},{"data":"Demon Form","floor":23,"key":"SMITH"},{"data":"Flame Barrier","floor":32,"key":"SMITH"},{"data":"Enlightenment","floor":44,"key":"SMITH"},{"data":"Fire Breathing","floor":49,"key":"SMITH"}],"neow_cost":"NONE","seed_source_timestamp":182705995453710,"circlet_count":0,"master_deck":["Strike_R+1","Strike_R","Strike_R","Strike_R","Defend_R","Defend_R","Defend_R","Bash","Twin Strike","Anger","Metallicize+1","Disarm","Flame Barrier+1","Headbutt","Inflame+1","Rampage+1","Cleave+1","Demon Form+1","Iron Wave+1","Inflame","Armaments+1","Pommel Strike+1","Pommel Strike+1","Shrug It Off+1","Berserk","Iron Wave+1","Iron Wave+1","Enlightenment+1","Metallicize+1","Headbutt+1","Shrug It Off+1","Ghostly Armor+1","Metallicize+1","Fire Breathing+1"],"special_seed":0,"relics":["Burning Blood","Mummified Hand","Tiny Chest","MawBank","Red Skull","Odd Mushroom","Ancient Tea Set","Eternal Feather","Mercury Hourglass","MutagenicStrength","Question Card","Meat on the Bone","Whetstone","Toy Ornithopter","Dream Catcher","Runic Pyramid","Bird Faced Urn","Mango","Boot","Gremlin Horn","Bag of Preparation"],"potions_floor_usage":[25,28,31,31,33,33,37,46],"damage_taken":[{"damage":0.0,"enemies":"2 Louse","floor":1.0,"turns":4.0},{"damage":6.0,"enemies":"Cultist","floor":3.0,"turns":3.0},{"damage":0.0,"enemies":"Small Slimes","floor":5.0,"turns":4.0},{"damage":31.0,"enemies":"3 Sentries","floor":6.0,"turns":11.0},{"damage":7.0,"enemies":"Lagavulin","floor":10.0,"turns":6.0},{"damage":13.0,"enemies":"The Mushroom Lair","floor":11.0,"turns":5.0},{"damage":5.0,"enemies":"3 Sentries","floor":12.0,"turns":5.0},{"damage":2.0,"enemies":"3 Louse","floor":13.0,"turns":5.0},{"damage":37.0,"enemies":"The Guardian","floor":16.0,"turns":8.0},{"damage":17,"enemies":"Chosen","floor":18,"turns":6},{"damage":40,"enemies":"Slavers","floor":25,"turns":5},{"damage":5,"enemies":"2 Thieves","floor":27,"turns":3},{"damage":21,"enemies":"Snecko","floor":28,"turns":5},{"damage":13,"enemies":"Cultist and Chosen","floor":29,"turns":5},{"damage":34,"enemies":"Book of Stabbing","floor":31,"turns":5},{"damage":80,"enemies":"Automaton","floor":33,"turns":9},{"damage":18,"enemies":"Orb Walker","floor":35,"turns":3},{"damage":25,"enemies":"Mind Bloom Boss Battle","floor":36,"turns":7},{"damage":0,"enemies":"3 Shapes","floor":37,"turns":4},{"damage":46,"enemies":"Writhing Mass","floor":39,"turns":6},{"damage":38,"enemies":"Reptomancer","floor":40,"turns":6},{"damage":24,"enemies":"Jaw Worm Horde","floor":41,"turns":3},{"damage":23,"enemies":"Nemesis","floor":42,"turns":7},{"damage":36,"enemies":"Spire Growth","floor":46,"turns":4},{"damage":10,"enemies":"Transient","floor":48,"turns":5},{"damage":34,"enemies":"Time Eater","floor":50,"turns":11}],"seed_played":"648483467492705240","potions_obtained":[{"floor":3.0,"key":"Block Potion"},{"floor":5.0,"key":"SteroidPotion"},{"floor":11.0,"key":"Block Potion"},{"floor":13.0,"key":"LiquidBronze"},{"floor":18,"key":"Explosive Potion"},{"floor":27,"key":"BloodPotion"},{"floor":29,"key":"Swift Potion"},{"floor":31,"key":"FearPotion"},{"floor":36,"key":"FearPotion"},{"floor":37,"key":"GamblersBrew"},{"floor":41,"key":"SkillPotion"}],"is_trial":false,"path_per_floor":["M","?","M","$","M","E","R","?","T","E","?","E","M","?","R","B",null,"M","?","T","?","?","R","?","E","T","M","M","M","$","E","R","B",null,"M","?","M","?","M","E","M","E","T","R","?","M","T","M","R","B",null],"character_chosen":"IRONCLAD","items_purchased":["Metallicize","Whetstone","Toy Ornithopter"],"campfire_rested":0,"item_purchase_floors":[4,30,30],"current_hp_per_floor":[80,90,90,90,90,65,65,58,58,57,50,51,55,55,55,24,90,79,61,61,61,61,73,73,39,39,52,60,65,65,59,74,22,95,83,64,83,83,63,65,63,70,70,88,88,69,69,77,95,83],"gold":672,"neow_bonus":"ONE_RANDOM_RARE_CARD","is_prod":false,"is_daily":false,"chose_seed":false,"campfire_upgraded":6,"win_rate":0.0,"timestamp":1562491987,"path_taken":["M","?","M","?","?","E","R","?","T","E","?","E","M","?","R","BOSS","M","?","?","?","?","R","?","E","T","M","M","M","$","E","R","BOSS","M","?","M","?","M","E","M","E","T","R","?","M","?","M","R","BOSS"],"build_version":"2019-07-05","purchased_purges":0,"victory":true,"max_hp_per_floor":[80,90,90,90,90,90,90,90,90,90,90,90,90,90,90,90,90,90,95,95,95,95,95,95,95,95,95,95,95,95,95,95,95,95,95,95,95,95,95,109,109,109,109,109,109,109,109,109,109,109],"card_choices":[{"not_picked":["True Grit","Anger"],"picked":"Twin Strike","floor":1.0},{"not_picked":["Heavy Blade","Warcry"],"picked":"Anger","floor":3.0},{"not_picked":["Shockwave","Entrench"],"picked":"Disarm","floor":5.0},{"not_picked":["Dropkick","Clash"],"picked":"Flame Barrier","floor":6.0},{"not_picked":["True Grit","Bloodletting"],"picked":"Headbutt","floor":10.0},{"not_picked":["Rupture","Thunderclap"],"picked":"Inflame","floor":11.0},{"not_picked":["Spot Weakness","Headbutt"],"picked":"Rampage","floor":12.0},{"not_picked":["Hemokinesis","Whirlwind"],"picked":"Cleave","floor":13.0},{"not_picked":["Juggernaut","Double Tap"],"picked":"Demon Form","floor":16.0},{"not_picked":["True Grit","Clothesline"],"picked":"Iron Wave+1","floor":18},{"not_picked":["Impervious","Clothesline"],"picked":"Armaments+1","floor":25},{"not_picked":["Dual Wield","Clothesline+1","Clash"],"picked":"Pommel Strike+1","floor":27},{"not_picked":["Heavy Blade+1","Impervious","Warcry","True Grit"],"picked":"SKIP","floor":28},{"not_picked":["Cleave","Heavy Blade","Thunderclap"],"picked":"Pommel Strike+1","floor":29},{"not_picked":["Rupture","Iron Wave","Berserk"],"picked":"Shrug It Off+1","floor":31},{"not_picked":["Limit Break","Bludgeon","Juggernaut"],"picked":"Berserk","floor":33},{"not_picked":["Infernal Blade","Sword Boomerang","Anger+1"],"picked":"Iron Wave+1","floor":35},{"not_picked":["Inflame","Thunderclap","Heavy Blade+1"],"picked":"Iron Wave+1","floor":37},{"not_picked":["Discovery","Mind Blast","Swift Strike"],"picked":"Enlightenment","floor":38},{"not_picked":["Spot Weakness","Warcry","Flex+1"],"picked":"Metallicize+1","floor":39},{"not_picked":["Twin Strike","Reckless Charge+1","Feed"],"picked":"Headbutt+1","floor":40},{"not_picked":["Twin Strike+1","Rampage","Body Slam+1"],"picked":"Shrug It Off+1","floor":41},{"not_picked":["Battle Trance","Headbutt+1","Thunderclap+1"],"picked":"Ghostly Armor+1","floor":42},{"not_picked":["Bloodletting","Twin Strike","Hemokinesis+1"],"picked":"Metallicize+1","floor":46},{"not_picked":["Flame Barrier","Iron Wave","Inflame"],"picked":"Fire Breathing","floor":48}],"player_experience":26045,"relics_obtained":[{"floor":6.0,"key":"Mummified Hand"},{"floor":9.0,"key":"MawBank"},{"floor":10.0,"key":"Red Skull"},{"floor":11.0,"key":"Odd Mushroom"},{"floor":12.0,"key":"Ancient Tea Set"},{"floor":20,"key":"Mercury Hourglass"},{"floor":25,"key":"Question Card"},{"floor":26,"key":"Meat on the Bone"},{"floor":31,"key":"Dream Catcher"},{"floor":36,"key":"Bird Faced Urn"},{"floor":40,"key":"Mango"},{"floor":42,"key":"Boot"},{"floor":43,"key":"Gremlin Horn"},{"floor":47,"key":"Bag of Preparation"}],"event_choices":[{"cards_removed":["Impervious"],"damage_healed":0.0,"max_hp_gain":10.0,"max_hp_loss":0.0,"gold_gain":0.0,"event_name":"Bonfire Elementals","player_choice":"Offered Rare","floor":2.0,"gold_loss":0.0,"damage_taken":0.0},{"damage_healed":0.0,"max_hp_gain":0.0,"max_hp_loss":0.0,"gold_gain":0.0,"event_name":"Scrap Ooze","player_choice":"Success","floor":8.0,"gold_loss":0.0,"damage_taken":7.0,"relics_obtained":["Tiny Chest"]},{"damage_healed":0.0,"max_hp_gain":0.0,"max_hp_loss":0.0,"gold_gain":0.0,"event_name":"Mushrooms","player_choice":"Fought Mushrooms","floor":11.0,"gold_loss":0.0,"damage_taken":0.0},{"damage_healed":0.0,"max_hp_gain":0.0,"max_hp_loss":0.0,"gold_gain":0.0,"event_name":"Living Wall","player_choice":"Grow","floor":14.0,"gold_loss":0.0,"damage_taken":0.0,"cards_upgraded":["Rampage"]},{"damage_healed":0,"gold_gain":0,"player_choice":"Shed Blood","damage_taken":23,"max_hp_gain":5,"max_hp_loss":0,"event_name":"Forgotten Altar","floor":19,"gold_loss":0},{"damage_healed":0,"gold_gain":0,"player_choice":"Inject Mutagens","damage_taken":0,"relics_obtained":["MutagenicStrength"],"max_hp_gain":0,"max_hp_loss":0,"event_name":"Drug Dealer","floor":21,"gold_loss":0},{"cards_removed":["Strike_R"],"damage_healed":0,"gold_gain":0,"player_choice":"Gave Gold","damage_taken":0,"max_hp_gain":0,"max_hp_loss":0,"event_name":"Beggar","floor":22,"gold_loss":75},{"damage_healed":0,"gold_gain":0,"player_choice":"Read","damage_taken":0,"max_hp_gain":0,"max_hp_loss":0,"event_name":"The Library","floor":24,"gold_loss":0,"cards_obtained":["Inflame"]},{"damage_healed":0,"gold_gain":0,"player_choice":"Fight","damage_taken":0,"max_hp_gain":0,"max_hp_loss":0,"event_name":"MindBloom","floor":36,"gold_loss":0},{"damage_healed":0,"gold_gain":0,"player_choice":"Memory 1","damage_taken":0,"max_hp_gain":0,"max_hp_loss":0,"event_name":"SensoryStone","floor":38,"gold_loss":0},{"cards_removed":["Defend_R"],"damage_healed":0,"gold_gain":0,"player_choice":"Removed Skill","damage_taken":0,"max_hp_gain":0,"max_hp_loss":0,"event_name":"Falling","floor":45,"gold_loss":0}],"is_beta":false,"boss_relics":[{"not_picked":["Sozu","Calling Bell"],"picked":"Eternal Feather"},{"not_picked":["Cursed Key","Velvet Choker"],"picked":"Runic Pyramid"}],"items_purged_floors":[],"is_endless":false,"potions_floor_spawned":[3,5,11,13,18,27,29,31,36,37,41],"ascension_level":0}