{"gold_per_floor":[114,289,289,376,1,1,16,31,31,31,31,46,76,91,91,191,191,176,176,176,176,191,191,41,41,41,71,86,86,136,136],"floor_reached":31,"playtime":1577,"items_purged":[],"score":251,"play_id":"9b58cd9d-c7fd-4506-985a-09154792f049","local_time":"20181221142846","daily_mods":["SealedDeck","Blue Cards","Night Terrors"],"is_ascension_mode":false,"campfire_choices":[{"data":"Aggregate","floor":6,"key":"SMITH"},{"data":"Rage","floor":11,"key":"SMITH"},{"floor":15,"key":"REST"},{"data":"Hello World","floor":23,"key":"SMITH"},{"data":"Static Discharge","floor":25,"key":"SMITH"},{"data":"Reaper","floor":29,"key":"SMITH"}],"neow_cost":"","seed_source_timestamp":0,"circlet_count":0,"master_deck":["Static Discharge+1","Pummel","Seeing Red","Sweeping Beam","Capacitor","Rip and Tear","Gash","Rage+1","Cleave","Aggregate+1","Inflame","Doubt","Regret","Good Instincts","Evolve","Clothesline","Gash","Second Wind+1","Pommel Strike","Reaper+1","BootSequence+1","Hello World+1","Feel No Pain+1","Sever Soul+1"],"special_seed":17886,"relics":["Burning Blood","MawBank","Calipers","Dodecahedron","Toxic Egg 2","Runic Pyramid","MutagenicStrength","Pen Nib","Molten Egg 2","Mango","Omamori"],"potions_floor_usage":[16,16,28,28,28],"damage_taken":[{"damage":21,"enemies":"Small Slimes","floor":1,"turns":3},{"damage":11,"enemies":"Jaw Worm","floor":7,"turns":4},{"damage":1,"enemies":"2 Louse","floor":8,"turns":2},{"damage":12,"enemies":"Looter","floor":12,"turns":3},{"damage":6,"enemies":"Lagavulin","floor":13,"turns":6},{"damage":31,"enemies":"Gremlin Gang","floor":14,"turns":4},{"damage":1,"enemies":"Slime Boss","floor":16,"turns":6},{"damage":30,"enemies":"2 Thieves","floor":18,"turns":4},{"damage":20,"enemies":"3 Byrds","floor":22,"turns":5},{"damage":51,"enemies":"Slavers","floor":27,"turns":5},{"damage":27,"enemies":"Shelled Parasite and Fungi","floor":28,"turns":7},{"damage":25,"enemies":"Snake Plant","floor":31,"turns":4}],"seed_played":"8047244864974201338","potions_obtained":[{"floor":1,"key":"BloodPotion"},{"floor":8,"key":"Strength Potion"},{"floor":14,"key":"LiquidBronze"},{"floor":16,"key":"SpeedPotion"},{"floor":18,"key":"SkillPotion"},{"floor":22,"key":"Explosive Potion"}],"is_trial":false,"path_per_floor":["M","?","?","?","$","R","M","M","T","?","R","M","E","M","R","B",null,"M","?","?","?","M","R","$","R","T","E","M","R","T","M"],"character_chosen":"IRONCLAD","items_purchased":["Calipers","Good Instincts","Pen Nib"],"campfire_rested":1,"item_purchase_floors":[5,5,24],"current_hp_per_floor":[65,65,65,54,54,54,49,54,54,54,54,48,48,23,75,75,75,63,63,49,49,39,39,39,39,39,26,14,14,14,0],"gold":136,"neow_bonus":"","is_prod":false,"is_daily":true,"chose_seed":false,"campfire_upgraded":5,"win_rate":0,"timestamp":1545420526,"path_taken":["M","?","?","?","?","R","M","M","T","?","R","M","E","?","R","BOSS","M","?","?","?","M","R","$","R","T","E","M","R","?","M"],"build_version":"2018-12-20","purchased_purges":0,"victory":false,"max_hp_per_floor":[80,80,80,80,80,80,80,80,80,80,80,80,80,80,75,75,75,75,75,80,80,80,80,80,80,80,94,94,94,94,94],"card_choices":[{"not_picked":["Coolheaded","Pommel Strike"],"picked":"Inflame","floor":1},{"not_picked":["Rage","Stack"],"picked":"Evolve","floor":7},{"not_picked":["Armaments","Body Slam"],"picked":"Clothesline","floor":8},{"not_picked":["True Grit","Clash"],"picked":"Gash","floor":12},{"not_picked":["Fiend Fire","Steam"],"picked":"Second Wind","floor":13},{"not_picked":["Sever Soul","Reprogram+1"],"picked":"Pommel Strike","floor":14},{"not_picked":["Multi-Cast+1","Exhume+1"],"picked":"Reaper","floor":16},{"not_picked":["Darkness+1","Warcry+1"],"picked":"BootSequence+1","floor":18},{"not_picked":["Darkness+1","Infernal Blade+1"],"picked":"Hello World","floor":22},{"not_picked":["Compile Driver+1","Iron Wave+1"],"picked":"Feel No Pain+1","floor":27},{"not_picked":["Perfected Strike+1","Heatsinks"],"picked":"Sever Soul+1","floor":28}],"player_experience":520407,"relics_obtained":[{"floor":9,"key":"Dodecahedron"},{"floor":13,"key":"Toxic Egg 2"},{"floor":26,"key":"Molten Egg 2"},{"floor":27,"key":"Mango"},{"floor":30,"key":"Omamori"}],"event_choices":[{"damage_healed":0,"gold_gain":175,"player_choice":"AGREE","damage_taken":0,"max_hp_gain":0,"max_hp_loss":0,"event_name":"Liars Game","floor":2,"gold_loss":0,"cards_obtained":["Doubt"]},{"damage_healed":0,"gold_gain":0,"player_choice":"Box","damage_taken":0,"relics_obtained":["MawBank"],"max_hp_gain":0,"max_hp_loss":0,"event_name":"Big Fish","floor":3,"gold_loss":0,"cards_obtained":["Regret"]},{"damage_healed":0,"gold_gain":75,"player_choice":"Gather Gold","damage_taken":11,"max_hp_gain":0,"max_hp_loss":0,"event_name":"World of Goop","floor":4,"gold_loss":0},{"damage_healed":0,"gold_gain":0,"player_choice":"Leave","damage_taken":0,"max_hp_gain":0,"max_hp_loss":0,"event_name":"The Cleric","floor":10,"gold_loss":0},{"damage_healed":0,"gold_gain":0,"player_choice":"Simplicity","damage_taken":0,"max_hp_gain":0,"max_hp_loss":0,"event_name":"Back to Basics","floor":19,"gold_loss":0,"cards_upgraded":[]},{"damage_healed":0,"gold_gain":0,"player_choice":"Shed Blood","damage_taken":19,"max_hp_gain":5,"max_hp_loss":0,"event_name":"Forgotten Altar","floor":20,"gold_loss":0},{"damage_healed":0,"gold_gain":0,"player_choice":"Inject Mutagens","damage_taken":0,"relics_obtained":["MutagenicStrength"],"max_hp_gain":0,"max_hp_loss":0,"event_name":"Drug Dealer","floor":21,"gold_loss":0}],"is_beta":false,"boss_relics":[{"not_picked":["Snecko Eye","Black Star"],"picked":"Runic Pyramid"}],"items_purged_floors":[],"is_endless":false,"potions_floor_spawned":[1,8,14,16,18,22],"killed_by":"Snake Plant","ascension_level":0}