{"gold_per_floor":[111,111,130,141,216,246,246,279,279,290,290,318,318,337,337,416,416,435,435,148,161,173,173,173],"floor_reached":24,"playtime":1257,"items_purged":["Pain"],"score":432,"play_id":"b8dfcb82-1b59-4981-abcc-8ec68140a978","local_time":"20190527154357","is_ascension_mode":true,"campfire_choices":[{"data":"Armaments","floor":7.0,"key":"SMITH"},{"data":"Uppercut","floor":13.0,"key":"SMITH"},{"data":"Anger","floor":15.0,"key":"SMITH"},{"floor":23,"key":"REST"}],"neow_cost":"NONE","seed_source_timestamp":148933587015561,"circlet_count":0,"master_deck":["AscendersBane","Strike_R","Strike_R","Strike_R","Strike_R","Defend_R","Defend_R","Defend_R","Defend_R","Bash","Anger","Uppercut+1","Armaments+1","Anger+1","Spot Weakness+1","Warcry+1","Impervious+1","Heavy Blade","Barricade","Sentinel+1","Wild Strike","Mayhem","Body Slam","Headbutt+1"],"special_seed":0,"relics":["Burning Blood","NeowsBlessing","WarpedTongs","Oddly Smooth Stone","Toxic Egg 2","Art of War","Pantograph","Sozu"],"potions_floor_usage":[16,16],"damage_taken":[{"damage":0.0,"enemies":"2 Louse","floor":1.0,"turns":1.0},{"damage":1.0,"enemies":"Cultist","floor":3.0,"turns":1.0},{"damage":0.0,"enemies":"Small Slimes","floor":4.0,"turns":1.0},{"damage":28.0,"enemies":"Gremlin Nob","floor":6.0,"turns":4.0},{"damage":29.0,"enemies":"Lagavulin","floor":8.0,"turns":6.0},{"damage":0.0,"enemies":"Looter","floor":10.0,"turns":3.0},{"damage":24.0,"enemies":"3 Sentries","floor":12.0,"turns":6.0},{"damage":5.0,"enemies":"Large Slime","floor":14.0,"turns":3.0},{"damage":56,"enemies":"Slime Boss","floor":16,"turns":9},{"damage":3,"enemies":"Spheric Guardian","floor":18,"turns":5},{"damage":19,"enemies":"3 Byrds","floor":21,"turns":7},{"damage":35,"enemies":"Sentry and Sphere","floor":22,"turns":6},{"damage":41,"enemies":"Chosen and Byrds","floor":24,"turns":5}],"seed_played":"7517485154058969229","potions_obtained":[{"floor":4.0,"key":"Explosive Potion"},{"floor":8.0,"key":"EssenceOfSteel"},{"floor":12.0,"key":"SkillPotion"},{"floor":16,"key":"SpeedPotion"}],"is_trial":false,"path_per_floor":["M","?","M","M","?","E","R","E","T","M","?","E","R","M","R","B",null,"M","?","$","M","M","R","M"],"character_chosen":"IRONCLAD","items_purchased":["Mayhem"],"campfire_rested":1,"item_purchase_floors":[20],"current_hp_per_floor":[74,74,75,75,64,42,42,19,19,25,50,32,32,33,33,8,58,61,61,61,48,19,41,0],"gold":173,"neow_bonus":"THREE_ENEMY_KILL","is_prod":false,"is_daily":false,"chose_seed":false,"campfire_upgraded":3,"win_rate":0,"timestamp":1558997037,"path_taken":["M","?","?","M","?","E","R","E","T","M","?","E","R","M","R","BOSS","M","?","$","?","M","R","M"],"build_version":"2019-01-23","purchased_purges":1,"victory":false,"max_hp_per_floor":[75,75,75,75,75,75,75,75,75,75,75,75,75,75,75,75,75,75,75,75,75,75,75,75],"card_choices":[{"not_picked":["Body Slam","Iron Wave"],"picked":"Anger","floor":1.0},{"not_picked":["Cleave","Clothesline"],"picked":"Uppercut","floor":3.0},{"not_picked":["Shrug It Off","Limit Break"],"picked":"Armaments","floor":4.0},{"not_picked":["Body Slam","Wild Strike"],"picked":"Anger","floor":6.0},{"not_picked":["Sever Soul","Seeing Red"],"picked":"Spot Weakness","floor":8.0},{"not_picked":["Bloodletting+1","Headbutt"],"picked":"Warcry+1","floor":10.0},{"not_picked":["Pommel Strike","Dual Wield+1"],"picked":"Impervious+1","floor":12.0},{"not_picked":["Clash","Iron Wave"],"picked":"Heavy Blade","floor":14.0},{"not_picked":["Bludgeon","Offering+1"],"picked":"Barricade","floor":16},{"not_picked":["Rupture","Wild Strike"],"picked":"Sentinel+1","floor":18},{"not_picked":["Pommel Strike","Clash"],"picked":"Body Slam","floor":21},{"not_picked":["Anger","Sword Boomerang+1"],"picked":"Headbutt+1","floor":22}],"player_experience":779087,"relics_obtained":[{"floor":6.0,"key":"Oddly Smooth Stone"},{"floor":8.0,"key":"Toxic Egg 2"},{"floor":9.0,"key":"Art of War"},{"floor":12.0,"key":"Pantograph"}],"event_choices":[{"damage_healed":0.0,"max_hp_gain":0.0,"max_hp_loss":0.0,"gold_gain":0.0,"event_name":"Accursed Blacksmith","player_choice":"Rummage","floor":2.0,"gold_loss":0.0,"damage_taken":0.0,"relics_obtained":["WarpedTongs"],"cards_obtained":["Pain"]},{"damage_healed":0.0,"max_hp_gain":0.0,"max_hp_loss":0.0,"gold_gain":75.0,"event_name":"World of Goop","player_choice":"Gather Gold","floor":5.0,"gold_loss":0.0,"damage_taken":11.0},{"damage_healed":25.0,"max_hp_gain":0.0,"max_hp_loss":0.0,"gold_gain":0.0,"event_name":"Big Fish","player_choice":"Banana","floor":11.0,"gold_loss":0.0,"damage_taken":0.0},{"damage_healed":0,"gold_gain":0,"cards_transformed":["Strike_R"],"player_choice":"Transformed","damage_taken":0,"max_hp_gain":0,"max_hp_loss":0,"event_name":"Transmorgrifier","floor":19,"gold_loss":0,"cards_obtained":["Wild Strike"]}],"is_beta":false,"boss_relics":[{"not_picked":["Calling Bell","Lizard Tail"],"picked":"Sozu"}],"items_purged_floors":[20],"is_endless":false,"potions_floor_spawned":[4,8,12,16,18],"killed_by":"Chosen and Byrds","ascension_level":20}