{"gold_per_floor":[110,35,45,45,45,45,73,73,73,90,115,115,126,138,138,210,210,220,230,240,163,181,181,244,244,244,254,254,254,254,279,279,279],"floor_reached":33,"playtime":1602,"items_purged":["Writhe"],"score":590,"play_id":"cd454700-684f-4155-a8cd-c7122608a43d","local_time":"20190608131926","is_ascension_mode":true,"campfire_choices":[{"data":"Anger","floor":6.0,"key":"SMITH"},{"data":"Rampage","floor":8.0,"key":"SMITH"},{"floor":12.0,"key":"REST"},{"data":"Metallicize","floor":15.0,"key":"SMITH"},{"floor":23.0,"key":"REST"},{"data":"Inflame","floor":25.0,"key":"SMITH"},{"floor":30.0,"key":"REST"},{"floor":32.0,"key":"REST"}],"neow_cost":"CURSE","seed_source_timestamp":0,"circlet_count":0,"master_deck":["AscendersBane","Strike_R","Strike_R","Strike_R","Strike_R","Defend_R+1","Defend_R","Defend_R+1","Bash","Clothesline","Clothesline","Anger+1","Pommel Strike","Regret","Rampage+1","Blood for Blood","Inflame+1","Metallicize+1","Battle Trance","Immolate","True Grit","Body Slam+1","Inflame","Sword Boomerang+1","True Grit","Reaper"],"special_seed":0,"relics":["Burning Blood","Letter Opener","War Paint","Matryoshka","Bronze Scales","Sundial","Self Forming Clay","Velvet Choker","Tiny Chest","Vajra","Bag of Preparation","Darkstone Periapt","Torii"],"potions_floor_usage":[33,33],"damage_taken":[{"damage":3.0,"enemies":"2 Louse","floor":1.0,"turns":3.0},{"damage":12.0,"enemies":"Jaw Worm","floor":3.0,"turns":3.0},{"damage":9.0,"enemies":"Gremlin Nob","floor":7.0,"turns":3.0},{"damage":2.0,"enemies":"Cultist","floor":10.0,"turns":3.0},{"damage":45.0,"enemies":"3 Sentries","floor":11.0,"turns":7.0},{"damage":12.0,"enemies":"Blue Slaver","floor":13.0,"turns":2.0},{"damage":8.0,"enemies":"Looter","floor":14.0,"turns":3.0},{"damage":13.0,"enemies":"Hexaghost","floor":16.0,"turns":7.0},{"damage":19.0,"enemies":"Shell Parasite","floor":18.0,"turns":4.0},{"damage":5.0,"enemies":"3 Byrds","floor":19.0,"turns":2.0},{"damage":19.0,"enemies":"Shelled Parasite and Fungi","floor":20.0,"turns":5.0},{"damage":12.0,"enemies":"Sentry and Sphere","floor":22.0,"turns":5.0},{"damage":36.0,"enemies":"Book of Stabbing","floor":24.0,"turns":5.0},{"damage":2.0,"enemies":"Cultist and Chosen","floor":27.0,"turns":5.0},{"damage":34.0,"enemies":"Slavers","floor":31.0,"turns":3.0},{"damage":98,"enemies":"Collector","floor":33,"turns":8}],"seed_played":"4836647604121343750","potions_obtained":[{"floor":7.0,"key":"Poison Potion"},{"floor":11.0,"key":"Poison Potion"},{"floor":18.0,"key":"Dexterity Potion"},{"floor":19.0,"key":"Explosive Potion"},{"floor":24.0,"key":"SpeedPotion"}],"is_trial":false,"path_per_floor":["M","$","M","?","T","R","E","R","T","M","E","R","M","M","R","B",null,"M","M","M","$","M","R","E","R","T","M","$","T","R","E","R","B"],"character_chosen":"IRONCLAD","items_purchased":["Inflame"],"campfire_rested":4,"item_purchase_floors":[21],"current_hp_per_floor":[71,71,65,65,65,65,62,62,62,66,27,49,43,41,41,34,65,52,53,40,40,34,56,26,26,26,30,30,30,52,39,61,0],"gold":279,"neow_bonus":"TRANSFORM_TWO_CARDS","is_prod":false,"is_daily":false,"chose_seed":false,"campfire_upgraded":4,"win_rate":0,"timestamp":1560025166,"path_taken":["M","$","M","?","?","R","E","R","T","M","E","R","M","M","R","BOSS","M","M","M","$","M","R","E","R","T","M","$","?","R","E","R","BOSS"],"build_version":"2019-01-23","purchased_purges":1,"victory":false,"max_hp_per_floor":[75,75,75,75,75,75,75,75,75,75,75,75,75,75,75,75,75,75,75,75,75,75,75,75,75,75,75,75,75,75,75,75,75],"card_choices":[{"not_picked":["True Grit","Shrug It Off"],"picked":"Anger","floor":1.0},{"not_picked":["Power Through","Twin Strike"],"picked":"Pommel Strike","floor":3.0},{"not_picked":["Sever Soul","Shockwave"],"picked":"Rampage","floor":7.0},{"not_picked":["Twin Strike","Pommel Strike"],"picked":"Blood for Blood","floor":10.0},{"not_picked":["True Grit","Corruption"],"picked":"Inflame","floor":11.0},{"not_picked":["Sword Boomerang","Corruption"],"picked":"Metallicize","floor":13.0},{"not_picked":["Pummel","Flex"],"picked":"Battle Trance","floor":14.0},{"not_picked":["Exhume","Impervious"],"picked":"Immolate","floor":16.0},{"not_picked":["Twin Strike","Warcry"],"picked":"True Grit","floor":18.0},{"not_picked":["Clash","Rampage","Combust"],"picked":"SKIP","floor":19.0},{"not_picked":["Cleave","Iron Wave+1"],"picked":"Body Slam+1","floor":20.0},{"not_picked":["Pommel Strike","Clothesline"],"picked":"Sword Boomerang+1","floor":22.0},{"not_picked":["Clash","Dropkick"],"picked":"True Grit","floor":24.0},{"not_picked":["Cleave","Heavy Blade"],"picked":"Reaper","floor":27.0},{"not_picked":["Iron Wave","Sever Soul","Heavy Blade"],"picked":"SKIP","floor":31.0}],"player_experience":805661,"relics_obtained":[{"floor":5.0,"key":"War Paint"},{"floor":7.0,"key":"Matryoshka"},{"floor":9.0,"key":"Bronze Scales"},{"floor":9.0,"key":"Sundial"},{"floor":11.0,"key":"Self Forming Clay"},{"floor":24.0,"key":"Tiny Chest"},{"floor":26.0,"key":"Vajra"},{"floor":26.0,"key":"Bag of Preparation"},{"floor":29.0,"key":"Darkstone Periapt"},{"floor":31.0,"key":"Torii"}],"event_choices":[{"damage_healed":0.0,"max_hp_gain":0.0,"max_hp_loss":0.0,"gold_gain":0.0,"event_name":"Big Fish","player_choice":"Box","floor":4.0,"gold_loss":0.0,"damage_taken":0.0,"relics_obtained":["Letter Opener"],"cards_obtained":["Regret"]}],"is_beta":false,"boss_relics":[{"not_picked":["Empty Cage","Lizard Tail"],"picked":"Velvet Choker"}],"items_purged_floors":[2],"is_endless":false,"potions_floor_spawned":[7,11,14,18,19,24],"killed_by":"Collector","ascension_level":20}