{"gold_per_floor":[114,129,129,144,144,5,20,35,35,60,60,75,75,90,90,190,190,205,220,235,235,35,35,35,37,112,127,142,142],"floor_reached":29,"playtime":1859,"items_purged":[],"score":294,"play_id":"410a4cd5-81a0-4049-b4ab-30ff96da0e1d","local_time":"20181210115144","daily_mods":["Chimera","Hoarder","Night Terrors"],"is_ascension_mode":false,"campfire_choices":[{"data":"Creative AI","floor":15,"key":"SMITH"},{"data":"Amplify","floor":24,"key":"SMITH"}],"neow_cost":"","seed_source_timestamp":0,"circlet_count":0,"master_deck":["Bash","Survivor","Zap+1","Strike_R","Strike_G","Strike_B","Defend_R","Defend_G","Defend_B","Static Discharge","Static Discharge","Static Discharge","Stack","Stack","Stack","Self Repair","Self Repair","Self Repair","Dramatic Entrance","Dramatic Entrance","Dramatic Entrance","Sweeping Beam","Sweeping Beam","Sweeping Beam","Ball Lightning","Ball Lightning","Ball Lightning","FTL","FTL","FTL","Genetic Algorithm","Genetic Algorithm","Genetic Algorithm","Creative AI+1","Creative AI","Creative AI","Scrape","Scrape","Scrape","Amplify","Amplify","Amplify+1","Leap","Leap","Leap","Go for the Eyes","Go for the Eyes","Go for the Eyes","Barrage","Barrage","Barrage","Shame","Shame","Shame","Turbo","Turbo","Turbo","Steam+1","Steam+1","Steam+1","Barrage","Barrage","Barrage"],"special_seed":17875,"relics":["Cracked Core","Potion Belt","Anchor","Snecko Eye","Centennial Puzzle","PrismaticShard","Red Mask","Symbiotic Virus"],"potions_floor_usage":[16,16,28,28,28,28],"damage_taken":[{"damage":1,"enemies":"Jaw Worm","floor":1,"turns":4},{"damage":4,"enemies":"Cultist","floor":2,"turns":4},{"damage":7,"enemies":"2 Louse","floor":4,"turns":4},{"damage":0,"enemies":"Lots of Slimes","floor":7,"turns":1},{"damage":12,"enemies":"Exordium Wildlife","floor":8,"turns":4},{"damage":2,"enemies":"Blue Slaver","floor":12,"turns":2},{"damage":0,"enemies":"Looter","floor":14,"turns":2},{"damage":37,"enemies":"The Guardian","floor":16,"turns":7},{"damage":9,"enemies":"Chosen","floor":18,"turns":5},{"damage":10,"enemies":"Spheric Guardian","floor":19,"turns":4},{"damage":17,"enemies":"Chosen and Byrds","floor":20,"turns":3},{"damage":52,"enemies":"Masked Bandits","floor":25,"turns":5},{"damage":17,"enemies":"Snecko","floor":27,"turns":4},{"damage":25,"enemies":"Sentry and Sphere","floor":28,"turns":4},{"damage":17,"enemies":"3 Cultists","floor":29,"turns":3}],"seed_played":"-7146687675477179986","potions_obtained":[{"floor":4,"key":"Energy Potion"},{"floor":7,"key":"Swift Potion"},{"floor":8,"key":"Explosive Potion"},{"floor":14,"key":"SkillPotion"},{"floor":18,"key":"AttackPotion"},{"floor":25,"key":"FearPotion"}],"is_trial":false,"path_per_floor":["M","M","?","M","?","$","M","M","T","T","?","M","?","M","R","B",null,"M","M","M","?","$","?","R","?","T","M","M","M"],"character_chosen":"DEFECT","items_purchased":["Dramatic Entrance","Sweeping Beam","PrismaticShard"],"campfire_rested":0,"item_purchase_floors":[6,6,22],"current_hp_per_floor":[74,70,70,63,63,63,63,65,65,65,65,70,70,75,75,59,75,73,70,74,74,74,74,74,43,43,26,15,0],"gold":142,"neow_bonus":"","is_prod":false,"is_daily":true,"chose_seed":false,"campfire_upgraded":2,"win_rate":0,"timestamp":1544460704,"path_taken":["M","M","?","M","?","$","M","?","T","?","?","M","?","M","R","BOSS","M","?","M","?","$","?","R","?","T","M","?","M"],"build_version":"2018-12-06","purchased_purges":0,"victory":false,"max_hp_per_floor":[75,75,75,75,75,75,75,75,75,75,75,75,75,75,75,75,75,75,75,75,75,75,75,75,75,75,75,75,75],"card_choices":[{"not_picked":["Stack","Barrage"],"picked":"Static Discharge","floor":1},{"not_picked":["Ball Lightning","Conserve Battery"],"picked":"Stack","floor":2},{"not_picked":["BootSequence","Steam Power"],"picked":"Self Repair","floor":4},{"not_picked":["Hologram","Consume"],"picked":"Ball Lightning","floor":7},{"not_picked":["Cold Snap","Coolheaded"],"picked":"FTL","floor":8},{"not_picked":["Compile Driver","Self Repair"],"picked":"Genetic Algorithm","floor":12},{"not_picked":["Tempest","Melter"],"picked":"Scrape","floor":14},{"not_picked":["Reboot","Creative AI"],"picked":"Amplify","floor":16},{"not_picked":["Genetic Algorithm","Recycle"],"picked":"Leap","floor":18},{"not_picked":["Steam","Leap"],"picked":"Go for the Eyes","floor":19},{"not_picked":["Hologram","Core Surge"],"picked":"Barrage","floor":20},{"not_picked":["Flying Knee","Terror"],"picked":"Turbo","floor":25},{"not_picked":["Dramatic Entrance+1","Anger"],"picked":"Steam+1","floor":27},{"not_picked":["Streamline","Headbutt"],"picked":"Barrage","floor":28}],"player_experience":504508,"relics_obtained":[{"floor":9,"key":"Potion Belt"},{"floor":10,"key":"Anchor"},{"floor":25,"key":"Red Mask"},{"floor":26,"key":"Symbiotic Virus"}],"event_choices":[{"damage_healed":0,"gold_gain":0,"player_choice":"Ignored","damage_taken":0,"max_hp_gain":0,"max_hp_loss":0,"event_name":"Golden Wing","floor":3,"gold_loss":0},{"damage_healed":0,"gold_gain":0,"player_choice":"Upgraded","damage_taken":0,"max_hp_gain":0,"max_hp_loss":0,"event_name":"Upgrade Shrine","floor":5,"gold_loss":0,"cards_upgraded":["Zap"]},{"damage_healed":0,"gold_gain":0,"player_choice":"Leave","damage_taken":0,"max_hp_gain":0,"max_hp_loss":0,"event_name":"The Cleric","floor":11,"gold_loss":0},{"damage_healed":0,"gold_gain":0,"player_choice":"1 cards matched","damage_taken":0,"max_hp_gain":0,"max_hp_loss":0,"event_name":"Match and Keep!","floor":13,"gold_loss":0,"cards_obtained":["Creative AI"]},{"damage_healed":0,"gold_gain":0,"player_choice":"Stole Relic","damage_taken":0,"relics_obtained":["Centennial Puzzle"],"max_hp_gain":0,"max_hp_loss":0,"event_name":"Addict","floor":21,"gold_loss":0,"cards_obtained":["Shame"]},{"damage_healed":0,"gold_gain":0,"player_choice":"Ignored","damage_taken":0,"max_hp_gain":0,"max_hp_loss":0,"event_name":"Beggar","floor":23,"gold_loss":0},{"damage_healed":0,"gold_gain":0,"player_choice":"Fought Bandits","damage_taken":0,"max_hp_gain":0,"max_hp_loss":0,"event_name":"Masked Bandits","floor":25,"gold_loss":0}],"is_beta":false,"boss_relics":[{"not_picked":["Runic Dome","Empty Cage"],"picked":"Snecko Eye"}],"items_purged_floors":[],"is_endless":false,"potions_floor_spawned":[4,7,8,14,18,25],"killed_by":"3 Cultists","ascension_level":0}