{"gold_per_floor":[112,123,27,37,37,37,53,53,53,53,72,72,18,42,42,173,173,166,366,390,390,390],"floor_reached":22,"playtime":914,"items_purged":[],"score":301,"play_id":"58f780c3-0dee-4da9-b897-941569790c13","local_time":"20180725203700","daily_mods":["Draft"],"is_ascension_mode":false,"campfire_choices":[{"data":"Forethought","floor":6,"key":"SMITH"},{"data":"Loop","floor":8,"key":"SMITH"},{"data":"Rip and Tear","floor":10,"key":"SMITH"},{"data":"Gash","floor":15,"key":"SMITH"}],"neow_cost":"","seed_source_timestamp":0,"circlet_count":0,"master_deck":["Leap","Gash","Genetic Algorithm","Cold Snap","Gash+1","Blizzard","Self Repair","Gash","Gash","Heatsinks","Blizzard","Chill","Stack","Melter","Forethought+1","Rip and Tear+1","Injury","Loop+1","White Noise","Redo","Gash+1","Creative AI","Leap+1","Aggregate+1","Creative AI+1","Hologram","Loop"],"relics":["Cracked Core","Bloody Idol","Molten Egg 2","Astrolabe"],"potions_floor_usage":[4,14,20],"damage_taken":[{"damage":5,"enemies":"Small Slimes","floor":1,"turns":3},{"damage":0,"enemies":"2 Louse","floor":2,"turns":2},{"damage":2,"enemies":"Jaw Worm","floor":4,"turns":3},{"damage":13,"enemies":"Blue Slaver","floor":7,"turns":4},{"damage":0,"enemies":"2 Fungi Beasts","floor":11,"turns":3},{"damage":14,"enemies":"Lots of Slimes","floor":14,"turns":4},{"damage":33,"enemies":"Hexaghost","floor":16,"turns":8},{"damage":36,"enemies":"2 Thieves","floor":18,"turns":4},{"damage":8,"enemies":"Spheric Guardian","floor":20,"turns":3},{"damage":45,"enemies":"3 Cultists","floor":22,"turns":3}],"seed_played":"-8322660014342223481","potions_obtained":[{"floor":2,"key":"Explosive Potion"},{"floor":4,"key":"Weak Potion"},{"floor":7,"key":"LiquidBronze"},{"floor":16,"key":"SneckoOil"},{"floor":18,"key":"Block Potion"},{"floor":20,"key":"Weak Potion"}],"is_trial":true,"path_per_floor":["M","M","$","M","?","R","M","R","T","R","M","?","$","M","R","B",null,"M","?","M","?"],"character_chosen":"DEFECT","items_purchased":["Forethought","Redo"],"campfire_rested":0,"item_purchase_floors":[3,13],"current_hp_per_floor":[70,75,75,75,75,75,69,69,69,69,69,69,69,62,62,43,75,46,46,38,38,0],"gold":390,"neow_bonus":"","is_prod":false,"is_daily":false,"chose_seed":false,"campfire_upgraded":4,"win_rate":0,"timestamp":1532565420,"path_taken":["M","M","$","M","?","R","M","R","T","R","M","?","?","M","R","BOSS","M","?","?","?","M"],"build_version":"2018-07-24","purchased_purges":0,"victory":false,"max_hp_per_floor":[75,75,75,75,75,75,75,75,75,75,75,75,75,75,75,75,75,75,75,75,75,75],"card_choices":[{"not_picked":["Sweeping Beam","Barrage"],"picked":"Leap","floor":0},{"not_picked":["Sweeping Beam","Compile Driver"],"picked":"Gash","floor":0},{"not_picked":["Reinforced Body","FTL"],"picked":"Genetic Algorithm","floor":0},{"not_picked":["Steam","Ball Lightning"],"picked":"Cold Snap","floor":0},{"not_picked":["Stack","Go for the Eyes"],"picked":"Gash","floor":0},{"not_picked":["Leap","Redo"],"picked":"Blizzard","floor":0},{"not_picked":["Blizzard","BootSequence"],"picked":"Self Repair","floor":0},{"not_picked":["Reinforced Body","Stack"],"picked":"Gash","floor":0},{"not_picked":["Compile Driver","FTL"],"picked":"Gash","floor":0},{"not_picked":["Compile Driver","Go for the Eyes"],"picked":"Heatsinks","floor":0},{"not_picked":["Ball Lightning","Lockon"],"picked":"Redo","floor":0},{"not_picked":["Stack","Skim"],"picked":"Blizzard","floor":0},{"not_picked":["Leap","Ball Lightning"],"picked":"Skim","floor":0},{"not_picked":["Streamline","Go for the Eyes"],"picked":"Chill","floor":0},{"not_picked":["Steam","Compile Driver"],"picked":"Stack","floor":0},{"not_picked":["FTL","Beam Cell"],"picked":"Defragment","floor":1},{"not_picked":["Steam Power","Ball Lightning"],"picked":"Melter","floor":2},{"not_picked":["Sweeping Beam","Auto Shields"],"picked":"Rip and Tear","floor":4},{"not_picked":["Barrage","Coolheaded"],"picked":"Loop","floor":7},{"not_picked":["Lockon+1","Leap"],"picked":"White Noise","floor":11},{"not_picked":["Fusion","Cold Snap+1"],"picked":"Gash+1","floor":14},{"not_picked":["Fission","Buffer"],"picked":"Creative AI","floor":16},{"not_picked":["Hello World","Turbo"],"picked":"Hologram","floor":18},{"not_picked":["Hologram","Tempest"],"picked":"Loop","floor":20}],"player_experience":507920,"relics_obtained":[{"floor":9,"key":"Molten Egg 2"}],"event_choices":[{"event_name":"Golden Idol","player_choice":"Take Wound","floor":5,"damage_taken":0},{"event_name":"The Cleric","player_choice":"Leave","floor":12,"damage_taken":0},{"event_name":"Wheel of Change","player_choice":"Gold","floor":19,"damage_taken":0},{"event_name":"Forgotten Altar","player_choice":"Gave Idol","floor":21,"damage_taken":0}],"is_beta":true,"boss_relics":[{"not_picked":["Tiny House","Velvet Choker"],"picked":"Astrolabe"}],"items_purged_floors":[],"is_endless":true,"potions_floor_spawned":[2,4,7,16,18,20],"killed_by":"3 Cultists","ascension_level":0}