{"path_per_floor":["M","?","$","M","M","R","M","?","T","E","T","?","M","?","R","B",null,"M","$","M","M","?","R","T","$","T","R"],"character_chosen":"IRONCLAD","items_purchased":["Feed","Gremlin Horn","Exhume","Whetstone","Exhume"],"gold_per_floor":[366,366,219,230,248,248,267,267,319,345,345,345,355,420,420,517,547,560,20,38,51,51,51,128,53,53,53,53],"floor_reached":28,"campfire_rested":3,"playtime":1537,"current_hp_per_floor":[69,69,69,75,75,75,59,59,59,45,45,73,61,48,75,46,95,94,94,56,44,24,55,55,55,55,86,0],"items_purged":[],"gold":53,"score":263,"play_id":"3e709c15-761e-4ee6-9711-46e77b2b3ae5","local_time":"20180327065903","is_prod":false,"is_daily":false,"is_ascension_mode":true,"campfire_upgraded":1,"timestamp":1522148343,"path_taken":["M","?","$","M","?","R","M","?","T","E","?","?","M","?","R","BOSS","M","$","M","M","?","R","?","$","T","R","E"],"build_version":"2018-03-22v2","purchased_purges":0,"victory":false,"master_deck":["Strike_R","Strike_R+1","Strike_R","Strike_R","Strike_R","Defend_R","Defend_R","Defend_R","Defend_R","Bash","Fire Breathing","Exhume","Feed+1","Demon Form","Shockwave+1","Reaper","Reckless Charge+1","Berserk","Ghostly Armor","Exhume","Anger","Exhume"],"max_hp_per_floor":[72,72,72,75,75,75,79,79,79,86,86,86,86,90,90,90,95,99,99,99,99,104,104,104,104,104,104,104],"relics":["Burning Blood","Juzu Bracelet","Strawberry","Red Skull","Bottled Flame","Tiny House","Gremlin Horn","Whetstone","Kunai","Girya"],"card_choices":[{"not_picked":["Perfected Strike","Clash"],"picked":"Fire Breathing","floor":1},{"not_picked":["Sentinel","Rupture"],"picked":"Demon Form","floor":4},{"not_picked":["Havoc","Perfected Strike"],"picked":"Shockwave","floor":5},{"not_picked":["Body Slam","Clothesline"],"picked":"Reaper","floor":10},{"not_picked":["Burning Pact","Pommel Strike"],"picked":"Reckless Charge","floor":13},{"not_picked":["Juggernaut","Double Tap"],"picked":"Berserk","floor":16},{"not_picked":["Searing Blow","Entrench"],"picked":"Ghostly Armor","floor":18},{"not_picked":["Havoc","Shockwave"],"picked":"Anger","floor":21}],"player_experience":515655,"potions_floor_usage":[7,10,10,10,14,16,18,28,28],"damage_taken":[{"damage":9,"enemies":"Jaw Worm","floor":1,"turns":4},{"damage":1,"enemies":"Cultist","floor":4,"turns":4},{"damage":6,"enemies":"2 Louse","floor":5,"turns":4},{"damage":26,"enemies":"Exordium Thugs","floor":7,"turns":7},{"damage":27,"enemies":"Gremlin Nob","floor":10,"turns":4},{"damage":18,"enemies":"Blue Slaver","floor":13,"turns":5},{"damage":23,"enemies":"Lagavulin Event","floor":14,"turns":4},{"damage":58,"enemies":"The Guardian","floor":16,"turns":12},{"damage":20,"enemies":"Chosen","floor":18,"turns":6},{"damage":44,"enemies":"Shell Parasite","floor":20,"turns":7},{"damage":18,"enemies":"Snecko","floor":21,"turns":6},{"damage":89,"enemies":"Slavers","floor":28,"turns":5}],"event_choices":[{"event_name":"Match and Keep!","player_choice":"1 cards matched","floor":2,"damage_taken":0},{"event_name":"The Lab","player_choice":"Got Potions","floor":8,"damage_taken":0},{"event_name":"Big Fish","player_choice":"Banana","floor":12,"damage_taken":0},{"event_name":"Dead Adventurer","player_choice":"Searched \u00272\u0027 times","floor":14,"damage_taken":0},{"event_name":"Forgotten Altar","player_choice":"Shed Blood","floor":22,"damage_taken":0}],"boss_relics":[{"not_picked":["White Beast Statue","Velvet Choker"],"picked":"Tiny House"}],"potions_floor_spawned":[5,10,13,16,21],"seed_played":"-3435485107068295250","killed_by":"Slavers","ascension_level":2,"is_trial":false}