{"path_per_floor":["M","$","?","?","M","R","?","M","T","E","R","M","E","M","R","B",null,"M","$","M","?","T","R","M","R","T","M","$","E","R","?","R"],"character_chosen":"IRONCLAD","items_purchased":["Flash of Steel","Bottled Tornado","Molten Egg 2","Toxic Egg 2","Master of Strategy","Dramatic Entrance","Strength Potion"],"gold_per_floor":[144,45,220,220,265,265,265,314,314,412,412,461,559,608,608,933,933,982,482,531,531,531,531,580,580,580,629,22,120,120,35,35],"floor_reached":33,"campfire_rested":7,"playtime":2045,"current_hp_per_floor":[80,80,80,80,78,75,75,75,75,26,70,64,26,32,65,39,65,61,61,62,62,83,81,43,76,76,42,42,39,71,71,66],"items_purged":[],"gold":35,"score":423,"play_id":"a5a7edc7-f389-4d6d-aa90-6137f6ae5af7","local_time":"20180310104652","daily_mods":["Allstar","Midas","Night Terrors"],"is_prod":false,"is_daily":true,"is_ascension_mode":false,"campfire_upgraded":0,"timestamp":1520696812,"path_taken":["M","$","?","?","M","R","?","M","T","E","R","M","E","M","R","BOSS","M","$","M","?","?","R","M","R","T","M","$","E","R","?","R","BOSS"],"build_version":"2018-03-09","purchased_purges":0,"victory":false,"master_deck":["Strike_R","Strike_R","Strike_R","Strike_R","Strike_R","Defend_R","Defend_R","Defend_R","Defend_R","Bash","Purity","Thinking Ahead+1","Juggernaut","Flash of Steel","Doubt","Sentinel","Injury","Flame Barrier","Pommel Strike","Immolate","Flame Barrier","Pommel Strike","Impervious","Pain","Regret","Injury","Hemokinesis","Perfected Strike+1","Pommel Strike+1","Spot Weakness","Armaments","Carnage+1","Master of Strategy+1","Dramatic Entrance+1","Clash+1"],"max_hp_per_floor":[80,80,80,80,80,75,75,75,75,75,70,70,70,70,65,65,65,65,65,65,65,86,81,81,76,76,76,76,76,71,71,66],"relics":["Burning Blood","Golden Idol","Vajra","Matryoshka","Blue Candle","Calling Bell","Mercury Hourglass","Self Forming Clay","Prayer Wheel","Bottled Tornado","Molten Egg 2","Bag of Preparation","Strawberry","Mango","Bronze Scales","Juzu Bracelet","Toxic Egg 2","Regal Pillow","Lantern"],"card_choices":[{"not_picked":["Havoc","Twin Strike"],"picked":"Juggernaut"},{"not_picked":["Iron Wave","Heavy Blade"],"picked":"Sentinel"},{"not_picked":["Headbutt","Anger"],"picked":"Flame Barrier"},{"not_picked":["Havoc","Rupture"],"picked":"Pommel Strike"},{"not_picked":["Shrug It Off","Rupture"],"picked":"Immolate"},{"not_picked":["Searing Blow","Clothesline"],"picked":"Flame Barrier"},{"not_picked":["Warcry","Searing Blow"],"picked":"Pommel Strike"},{"not_picked":["Juggernaut","Exhume"],"picked":"Impervious"},{"not_picked":["Perfected Strike","Intimidate"],"picked":"Hemokinesis"},{"not_picked":["Thunderclap","Pommel Strike"],"picked":"Perfected Strike"},{"not_picked":["Warcry","Dual Wield"],"picked":"Pommel Strike"},{"not_picked":["Power Through","Shrug It Off"],"picked":"Spot Weakness"},{"not_picked":["Headbutt","Havoc"],"picked":"Armaments"},{"not_picked":["True Grit","Shrug It Off"],"picked":"Carnage"},{"not_picked":["Sentinel","Corruption"],"picked":"Clash"}],"player_experience":390839,"potions_floor_usage":[10,16,16,18,20,29,29,33],"damage_taken":[{"damage":4,"enemies":"Small Slimes","floor":1,"turns":4},{"damage":8,"enemies":"Jaw Worm","floor":5,"turns":5},{"damage":1,"enemies":"Cultist","floor":8,"turns":5},{"damage":55,"enemies":"Lagavulin","floor":10,"turns":13},{"damage":12,"enemies":"Looter","floor":12,"turns":4},{"damage":44,"enemies":"Gremlin Nob","floor":13,"turns":5},{"damage":0,"enemies":"2 Fungi Beasts","floor":14,"turns":3},{"damage":32,"enemies":"The Guardian","floor":16,"turns":14},{"damage":10,"enemies":"Chosen","floor":18,"turns":6},{"damage":20,"enemies":"Shell Parasite","floor":20,"turns":7},{"damage":44,"enemies":"Cultist and Chosen","floor":24,"turns":7},{"damage":40,"enemies":"Centurion and Healer","floor":27,"turns":7},{"damage":24,"enemies":"Gremlin Leader","floor":29,"turns":6},{"damage":72,"enemies":"Collector","floor":33,"turns":7}],"event_choices":[{"event_name":"Liars Game","player_choice":"agreed","floor":3,"damage_taken":0},{"event_name":"Upgrade Shrine","player_choice":"Upgraded","floor":4,"damage_taken":0},{"event_name":"Golden Idol","player_choice":"Take Wound","floor":7,"damage_taken":0},{"event_name":"The Mausoleum","player_choice":"Yes","floor":21,"damage_taken":0},{"event_name":"Addict","player_choice":"Obtained Relic","floor":31,"damage_taken":0}],"boss_relics":[{"not_picked":["Question Card","Orrery"],"picked":"Calling Bell"}],"potions_floor_spawned":[5,13,14,16,18,24,29],"seed_played":"-2228362409843830943","killed_by":"Collector","ascension_level":0,"is_trial":false}