{"path_per_floor":["M","M","?","?","M","R","$","M","T","$","T","E","?","M","R","B",null,"M","$"],"character_chosen":"IRONCLAD","items_purchased":["Inflame","Flex","Regal Pillow"],"gold_per_floor":[113,127,127,202,212,212,33,53,100,0,0,34,34,50,50,150,150,167,21,21],"floor_reached":20,"campfire_rested":1,"playtime":644,"current_hp_per_floor":[78,80,77,66,72,72,72,71,71,71,71,47,47,53,77,7,80,58,58,0],"items_purged":["Defend_R","Defend_R"],"gold":21,"score":172,"play_id":"3bcffef7-fb9e-422f-86ef-44100f397566","local_time":"20180415211713","is_prod":false,"is_daily":false,"chose_seed":false,"is_ascension_mode":false,"campfire_upgraded":1,"timestamp":1523841433,"path_taken":["M","M","?","?","M","R","$","M","T","?","?","E","?","?","R","BOSS","M","$","M"],"build_version":"2018-04-12","seed_source_timestamp":12072022608669,"purchased_purges":2,"victory":false,"master_deck":["Strike_R+1","Strike_R","Strike_R","Strike_R","Strike_R+1","Defend_R","Defend_R","Bash","Clash+1","Inflame","Flex","Ghostly Armor","Dual Wield","Limit Break","Clumsy","Injury","Writhe","Rage+1"],"max_hp_per_floor":[80,80,80,80,80,80,80,80,80,80,80,80,80,80,80,80,80,80,80,80],"relics":["Burning Blood","Art of War","Happy Flower","Smiling Mask","Whetstone","Calling Bell","Bag of Marbles","Paper Frog","Frozen Egg 2","Regal Pillow"],"card_choices":[{"not_picked":["Iron Wave","Havoc"],"picked":"Clash","floor":1},{"not_picked":["Seeing Red","Corruption"],"picked":"Ghostly Armor","floor":8},{"not_picked":["Havoc","Power Through"],"picked":"Dual Wield","floor":12},{"not_picked":["Offering","Impervious"],"picked":"Limit Break","floor":16},{"not_picked":["Power Through","Flex"],"picked":"Rage","floor":18}],"player_experience":649821,"potions_floor_usage":[8,12,16],"damage_taken":[{"damage":8,"enemies":"Jaw Worm","floor":1,"turns":3},{"damage":0,"enemies":"2 Louse","floor":2,"turns":3},{"damage":0,"enemies":"Small Slimes","floor":5,"turns":3},{"damage":7,"enemies":"2 Fungi Beasts","floor":8,"turns":3},{"damage":36,"enemies":"Lagavulin","floor":12,"turns":4},{"damage":0,"enemies":"Blue Slaver","floor":14,"turns":3},{"damage":76,"enemies":"Hexaghost","floor":16,"turns":10},{"damage":28,"enemies":"Chosen","floor":18,"turns":7},{"damage":60,"enemies":"3 Byrds","floor":20,"turns":6}],"event_choices":[{"event_name":"Scrap Ooze","player_choice":"success","floor":3,"damage_taken":3},{"event_name":"World of Goop","player_choice":"Gather Gold","floor":4,"damage_taken":0},{"event_name":"The Lab","player_choice":"Got Potions","floor":13,"damage_taken":0}],"boss_relics":[{"not_picked":["Mark of Pain","White Beast Statue"],"picked":"Calling Bell"}],"potions_floor_spawned":[2,8,12,14],"seed_played":"4666780670716295011","killed_by":"3 Byrds","ascension_level":0,"is_trial":false}