{"gold_per_floor":[115,130,55,69,69,69,94,94,118,130,130,144,172,55,55,130,130,148,73,93,112,0,0],"floor_reached":23,"playtime":779,"items_purged":["Strike_G"],"score":402,"play_id":"cf5196e7-2dc7-46e2-aacf-63f27858251b","local_time":"20190629122751","is_ascension_mode":true,"campfire_choices":[{"data":"Footwork","floor":6.0,"key":"SMITH"},{"data":"Strike_G","floor":8.0,"key":"SMITH"},{"data":"Poisoned Stab","floor":11.0,"key":"SMITH"},{"floor":15.0,"key":"REST"}],"neow_cost":"NONE","seed_source_timestamp":1534928906244378,"circlet_count":0,"master_deck":["AscendersBane","Defend_G","Defend_G","Defend_G","Defend_G","Defend_G","Strike_G","Strike_G","Strike_G+1","Survivor","Neutralize+1","Footwork+1","Dodge and Roll","Deadly Poison+1","Poisoned Stab+1","Deadly Poison","Adrenaline","Well Laid Plans","Catalyst","Dagger Spray","Glass Knife","Bouncing Flask+1"],"special_seed":0,"relics":["Ring of the Snake","Pen Nib","Dream Catcher","Paper Crane","Philosopher\u0027s Stone"],"potions_floor_usage":[],"damage_taken":[{"damage":0.0,"enemies":"2 Louse","floor":1.0,"turns":2.0},{"damage":0.0,"enemies":"Jaw Worm","floor":2.0,"turns":7.0},{"damage":0.0,"enemies":"Cultist","floor":4.0,"turns":5.0},{"damage":17.0,"enemies":"Lagavulin","floor":7.0,"turns":8.0},{"damage":4.0,"enemies":"Exordium Thugs","floor":10.0,"turns":9.0},{"damage":0.0,"enemies":"Large Slime","floor":12.0,"turns":5.0},{"damage":31.0,"enemies":"3 Sentries","floor":13.0,"turns":11.0},{"damage":21.0,"enemies":"Slime Boss","floor":16.0,"turns":8.0},{"damage":12.0,"enemies":"2 Thieves","floor":18.0,"turns":5.0},{"damage":0.0,"enemies":"Chosen","floor":20.0,"turns":3.0},{"damage":16.0,"enemies":"Sentry and Sphere","floor":21.0,"turns":6.0},{"damage":31,"enemies":"Slavers","floor":23,"turns":1}],"seed_played":"8096068057030768881","potions_obtained":[{"floor":1.0,"key":"SkillPotion"},{"floor":2.0,"key":"AttackPotion"},{"floor":10.0,"key":"Swift Potion"}],"is_trial":false,"path_per_floor":["M","M","$","M","?","R","E","R","T","M","R","M","E","$","R","B",null,"M","?","M","M","?","E"],"character_chosen":"THE_SILENT","items_purchased":["Well Laid Plans","Catalyst"],"campfire_rested":1,"item_purchase_floors":[14,14],"current_hp_per_floor":[59,59,59,59,59,59,42,42,42,38,38,38,7,7,26,5,51,39,39,39,23,23,0],"gold":0,"neow_bonus":"UPGRADE_CARD","is_prod":false,"is_daily":false,"chose_seed":false,"campfire_upgraded":3,"win_rate":0,"timestamp":1561836471,"path_taken":["M","M","$","M","?","R","E","R","T","M","R","M","E","$","R","BOSS","M","?","M","M","?","E"],"build_version":"2019-01-23","purchased_purges":1,"victory":false,"max_hp_per_floor":[66,66,66,66,66,66,66,66,66,66,66,66,66,66,66,66,66,66,66,66,66,66,66],"card_choices":[{"not_picked":["Choke","Crippling Poison"],"picked":"Footwork","floor":1.0},{"not_picked":["Deadly Poison","Distraction"],"picked":"Dodge and Roll","floor":2.0},{"not_picked":["Dagger Spray","Acrobatics"],"picked":"Deadly Poison","floor":4.0},{"not_picked":["Choke","Underhanded Strike","Accuracy"],"picked":"SKIP","floor":7.0},{"not_picked":["Backflip","Prepared"],"picked":"Poisoned Stab","floor":10.0},{"not_picked":["Expertise","Infinite Blades"],"picked":"Deadly Poison","floor":12.0},{"not_picked":["Backflip","Slice"],"picked":"Adrenaline","floor":13.0},{"not_picked":["Distraction","Quick Slash"],"picked":"Dagger Spray","floor":15.0},{"not_picked":["Unload","A Thousand Cuts"],"picked":"Glass Knife","floor":16.0},{"not_picked":["Setup","Dagger Throw"],"picked":"Bouncing Flask+1","floor":18.0},{"not_picked":["Accuracy","Blade Dance","Sucker Punch"],"picked":"SKIP","floor":20.0},{"not_picked":["Reflex","Dagger Spray","Underhanded Strike"],"picked":"SKIP","floor":21.0}],"player_experience":820437,"relics_obtained":[{"floor":7.0,"key":"Pen Nib"},{"floor":9.0,"key":"Dream Catcher"},{"floor":13.0,"key":"Paper Crane"}],"event_choices":[{"damage_healed":0.0,"max_hp_gain":0.0,"max_hp_loss":0.0,"gold_gain":0.0,"event_name":"Living Wall","player_choice":"Grow","floor":5.0,"gold_loss":0.0,"damage_taken":0.0,"cards_upgraded":["Deadly Poison"]},{"cards_removed":["Strike_G"],"damage_healed":0.0,"max_hp_gain":0.0,"max_hp_loss":0.0,"gold_gain":0.0,"event_name":"Beggar","player_choice":"Gave Gold","floor":19.0,"gold_loss":75.0,"damage_taken":0.0},{"damage_healed":0,"gold_gain":0,"player_choice":"Paid Fearfully","damage_taken":0,"max_hp_gain":0,"max_hp_loss":0,"event_name":"Masked Bandits","floor":22,"gold_loss":112}],"is_beta":false,"boss_relics":[{"not_picked":["HoveringKite","Runic Dome"],"picked":"Philosopher\u0027s Stone"}],"items_purged_floors":[3],"is_endless":false,"potions_floor_spawned":[1,2,10],"killed_by":"Slavers","ascension_level":20}