{"gold_per_floor":[363,379,113,73,73,73,102,116,116,116,132,132,149,149,149,250,250,269,269,269,287,57,90,100,100],"floor_reached":25,"playtime":800,"items_purged":[],"score":265,"play_id":"af571f55-512e-4475-a0f7-482c101e931d","local_time":"20190503015743","is_ascension_mode":true,"campfire_choices":[{"data":"Static Discharge","floor":6,"key":"SMITH"},{"floor":10,"key":"REST"},{"floor":15,"key":"REST"}],"neow_cost":"CURSE","seed_source_timestamp":1398112319148100,"circlet_count":0,"master_deck":["Strike_B","Strike_B","Strike_B","Strike_B","Defend_B","Defend_B","Defend_B","Defend_B","Zap","Dualcast","Shame","Coolheaded","Thunder Strike+1","Static Discharge+1","Loop","Echo Form","Cold Snap","Self Repair","Thunder Strike","Electrodynamics","Ball Lightning","BootSequence+1","Thunder Strike","Tempest+1"],"relics":["Cracked Core","Medical Kit","Ornamental Fan","PreservedInsect","Lizard Tail","Blood Vial","Prayer Wheel"],"potions_floor_usage":[8,11,23,24],"damage_taken":[{"damage":6,"enemies":"Cultist","floor":1,"turns":3},{"damage":7,"enemies":"2 Louse","floor":2,"turns":3},{"damage":39,"enemies":"Gremlin Nob","floor":7,"turns":4},{"damage":5,"enemies":"Small Slimes","floor":8,"turns":3},{"damage":24,"enemies":"Blue Slaver","floor":11,"turns":3},{"damage":36,"enemies":"Large Slime","floor":13,"turns":8},{"damage":23,"enemies":"Hexaghost","floor":16,"turns":8},{"damage":48,"enemies":"Shell Parasite","floor":18,"turns":4},{"damage":46,"enemies":"2 Thieves","floor":21,"turns":4},{"damage":21,"enemies":"Slavers","floor":23,"turns":2},{"damage":35,"enemies":"Snecko","floor":24,"turns":4},{"damage":13,"enemies":"Shelled Parasite and Fungi","floor":25,"turns":2}],"seed_played":"5481646197349296687","potions_obtained":[{"floor":7,"key":"AttackPotion"},{"floor":8,"key":"Fire Potion"},{"floor":18,"key":"Ancient Potion"},{"floor":23,"key":"GamblersBrew"}],"is_trial":false,"path_per_floor":["M","M","$","$","?","R","E","M","T","R","M","?","M","$","R","B",null,"M","?","?","M","$","E","M","M"],"character_chosen":"DEFECT","items_purchased":["Static Discharge","Medical Kit","Loop","Blood Vial","GamblersBrew"],"campfire_rested":2,"item_purchase_floors":[3,3,4,22,22],"current_hp_per_floor":[69,62,62,62,62,62,23,18,18,40,16,41,19,19,41,25,75,27,52,52,6,6,37,11,0],"gold":100,"neow_bonus":"TWO_FIFTY_GOLD","is_prod":false,"is_daily":false,"chose_seed":false,"campfire_upgraded":1,"win_rate":0,"timestamp":1556863063,"path_taken":["M","?","?","$","?","R","E","M","T","R","M","?","M","?","R","BOSS","M","?","?","?","$","E","M","M"],"build_version":"2019-04-23","purchased_purges":0,"victory":false,"max_hp_per_floor":[75,75,75,75,75,75,75,75,75,75,75,75,75,75,75,75,75,75,75,75,75,75,75,75,75],"card_choices":[{"not_picked":["Cold Snap","Leap"],"picked":"Coolheaded","floor":1},{"not_picked":["Gash","Streamline"],"picked":"Thunder Strike","floor":2},{"not_picked":["Undo","Coolheaded"],"picked":"Echo Form","floor":7},{"not_picked":["Conserve Battery","Streamline"],"picked":"Cold Snap","floor":8},{"not_picked":["Undo","Redo"],"picked":"Self Repair","floor":11},{"not_picked":["Barrage","Sweeping Beam"],"picked":"Thunder Strike","floor":13},{"not_picked":["Creative AI","Reboot"],"picked":"Electrodynamics","floor":16},{"not_picked":["Leap","Turbo"],"picked":"Ball Lightning","floor":18},{"not_picked":["Steam+1","Defragment"],"picked":"BootSequence+1","floor":21},{"not_picked":["Heatsinks+1","Lockon"],"picked":"Thunder Strike","floor":23},{"not_picked":["Stack","Compile Driver"],"picked":"Tempest+1","floor":24},{"not_picked":["Sweeping Beam","Steam","Blizzard"],"picked":"SKIP","floor":24}],"player_experience":840321,"relics_obtained":[{"floor":7,"key":"Ornamental Fan"},{"floor":9,"key":"PreservedInsect"},{"floor":23,"key":"Prayer Wheel"}],"event_choices":[{"damage_healed":0,"gold_gain":0,"player_choice":"Grow","damage_taken":0,"max_hp_gain":0,"max_hp_loss":0,"event_name":"Living Wall","floor":5,"gold_loss":0,"cards_upgraded":["Thunder Strike"]},{"damage_healed":25,"gold_gain":0,"player_choice":"Banana","damage_taken":0,"max_hp_gain":0,"max_hp_loss":0,"event_name":"Big Fish","floor":12,"gold_loss":0},{"damage_healed":25,"gold_gain":0,"player_choice":"Heal","damage_taken":0,"max_hp_gain":0,"max_hp_loss":0,"event_name":"The Library","floor":19,"gold_loss":0},{"damage_healed":0,"gold_gain":0,"player_choice":"Ignored","damage_taken":0,"max_hp_gain":0,"max_hp_loss":0,"event_name":"N\u0027loth","floor":20,"gold_loss":0}],"is_beta":true,"boss_relics":[{"not_picked":["Coffee Dripper","Runic Pyramid"],"picked":"Lizard Tail"}],"items_purged_floors":[],"is_endless":false,"potions_floor_spawned":[7,8,18,23],"killed_by":"Shelled Parasite and Fungi","ascension_level":4}