{"gold_per_floor":[13,13,13,37,37,37,51,86,86,86,109,152,152,152,152,280,343,363,376,401,401,401,444,456],"floor_reached":24,"playtime":1218,"items_purged":[],"score":291,"play_id":"7faea862-ccc9-4ad4-8913-7b02b2346203","local_time":"20190606092754","is_ascension_mode":true,"campfire_choices":[{"floor":6,"key":"RECALL"},{"floor":10,"key":"REST"},{"floor":13,"key":"REST"},{"floor":15,"key":"REST"}],"neow_cost":"NO_GOLD","seed_source_timestamp":1352092554348400,"circlet_count":0,"master_deck":["Strike_R","Strike_R","Strike_R","Strike_R","Defend_R","Defend_R","Defend_R","Bash+1","Headbutt+1","Reaper","Clothesline","Iron Wave","Body Slam","Bludgeon","Flame Barrier","Demon Form","Seeing Red","Iron Wave","Seeing Red","J.A.X."],"relics":["Burning Blood","Golden Idol","Matryoshka","Oddly Smooth Stone","Centennial Puzzle","FaceOfCleric","Tiny House","MawBank"],"potions_floor_usage":[7,7,8,11,12,16,18,20],"damage_taken":[{"damage":7,"enemies":"Small Slimes","floor":1,"turns":3},{"damage":7,"enemies":"Jaw Worm","floor":4,"turns":3},{"damage":0,"enemies":"2 Louse","floor":7,"turns":2},{"damage":36,"enemies":"Lagavulin","floor":8,"turns":6},{"damage":49,"enemies":"Gremlin Gang","floor":11,"turns":5},{"damage":25,"enemies":"3 Sentries","floor":12,"turns":9},{"damage":63,"enemies":"The Guardian","floor":16,"turns":10},{"damage":16,"enemies":"Chosen","floor":18,"turns":4},{"damage":53,"enemies":"Shell Parasite","floor":19,"turns":9},{"damage":28,"enemies":"Chosen and Byrds","floor":20,"turns":8},{"damage":69,"enemies":"Gremlin Leader","floor":23,"turns":9},{"damage":22,"enemies":"Snake Plant","floor":24,"turns":2}],"seed_played":"-8277779263754667946","potions_obtained":[{"floor":5,"key":"FairyPotion"},{"floor":5,"key":"Regen Potion"},{"floor":5,"key":"AttackPotion"},{"floor":7,"key":"Swift Potion"},{"floor":8,"key":"FearPotion"},{"floor":11,"key":"Swift Potion"},{"floor":12,"key":"Energy Potion"},{"floor":17,"key":"Dexterity Potion"},{"floor":19,"key":"Block Potion"}],"is_trial":false,"path_per_floor":["M","?","?","M","?","R","M","E","T","R","M","E","R","?","R","B",null,"M","M","M","?","?","E","M"],"character_chosen":"IRONCLAD","items_purchased":[],"campfire_rested":3,"item_purchase_floors":[],"current_hp_per_floor":[75,75,55,54,54,54,71,44,44,68,37,18,42,42,66,10,68,59,13,10,39,39,19,0],"gold":456,"neow_bonus":"TRANSFORM_TWO_CARDS","is_prod":false,"is_daily":false,"chose_seed":false,"campfire_upgraded":0,"win_rate":0,"timestamp":1559827674,"path_taken":["M","?","?","M","?","R","?","E","T","R","M","E","R","?","R","BOSS","M","?","M","?","?","E","M"],"build_version":"2019-06-05","purchased_purges":0,"victory":false,"max_hp_per_floor":[80,80,80,80,80,80,80,80,80,80,80,80,80,80,80,81,86,87,88,89,89,89,90,90],"card_choices":[{"not_picked":["Wild Strike","Twin Strike"],"picked":"Clothesline","floor":1},{"not_picked":["Hemokinesis","Sever Soul"],"picked":"Iron Wave","floor":4},{"not_picked":["Sever Soul","Anger","Searing Blow"],"picked":"SKIP","floor":7},{"not_picked":["Headbutt","Reckless Charge"],"picked":"Body Slam","floor":8},{"not_picked":["Whirlwind","Intimidate"],"picked":"Bludgeon","floor":11},{"not_picked":["Rampage","Dropkick"],"picked":"Flame Barrier","floor":12},{"not_picked":["Exhume","Impervious"],"picked":"Demon Form","floor":16},{"not_picked":["Reckless Charge","Ghostly Armor"],"picked":"Seeing Red","floor":17},{"not_picked":["Clash","Perfected Strike+1","Wild Strike"],"picked":"SKIP","floor":18},{"not_picked":["Havoc","Heavy Blade"],"picked":"Iron Wave","floor":19},{"not_picked":["Shockwave","Searing Blow"],"picked":"Seeing Red","floor":20},{"not_picked":["True Grit","Clothesline","Sever Soul"],"picked":"SKIP","floor":23}],"player_experience":990071,"relics_obtained":[{"floor":8,"key":"Matryoshka"},{"floor":9,"key":"Oddly Smooth Stone"},{"floor":12,"key":"Centennial Puzzle"},{"floor":23,"key":"MawBank"}],"event_choices":[{"damage_healed":0,"gold_gain":0,"player_choice":"Grow","damage_taken":0,"max_hp_gain":0,"max_hp_loss":0,"event_name":"Living Wall","floor":2,"gold_loss":0,"cards_upgraded":["Bash"]},{"damage_healed":0,"gold_gain":0,"player_choice":"Take Damage","damage_taken":20,"relics_obtained":["Golden Idol"],"max_hp_gain":0,"max_hp_loss":0,"event_name":"Golden Idol","floor":3,"gold_loss":0},{"damage_healed":0,"gold_gain":0,"player_choice":"Got Potions","damage_taken":0,"max_hp_gain":0,"max_hp_loss":0,"event_name":"Lab","floor":5,"gold_loss":0},{"damage_healed":0,"gold_gain":0,"player_choice":"Trade","damage_taken":0,"relics_obtained":["FaceOfCleric"],"max_hp_gain":0,"max_hp_loss":0,"event_name":"FaceTrader","floor":14,"gold_loss":0},{"damage_healed":29,"gold_gain":0,"player_choice":"Heal","damage_taken":0,"max_hp_gain":0,"max_hp_loss":0,"event_name":"The Library","floor":21,"gold_loss":0},{"damage_healed":0,"gold_gain":0,"player_choice":"Obtain J.A.X.","damage_taken":0,"max_hp_gain":0,"max_hp_loss":0,"event_name":"Drug Dealer","floor":22,"gold_loss":0,"cards_obtained":["J.A.X."]}],"is_beta":true,"boss_relics":[{"not_picked":["White Beast Statue","Lizard Tail"],"picked":"Tiny House"}],"items_purged_floors":[],"is_endless":false,"potions_floor_spawned":[7,8,11,12,19],"killed_by":"Snake Plant","ascension_level":6}