{"path_per_floor":["M","?","?","T","M","R","E","M","T","R","$","M","M","M","R","B",null,"M","?","$","M","?","R","M","M","T","$","?","?","R","M","R"],"character_chosen":"IRONCLAD","items_purchased":["Strawberry","Rupture","Rupture"],"gold_per_floor":[113,113,113,136,159,159,203,223,223,223,0,19,42,60,60,180,180,180,180,180,105,105,105,105,105,105,65,65,65,65,65,65,65],"floor_reached":33,"campfire_rested":3,"playtime":1077,"current_hp_per_floor":[46,46,34,34,46,70,65,69,69,69,76,79,74,64,64,23,87,60,60,60,27,27,53,41,38,38,38,38,38,38,29,55,0],"items_purged":[],"gold":65,"score":298,"play_id":"ddd422a1-bf36-4b18-a190-0f2e99902f39","local_time":"20180412132312","is_prod":false,"is_daily":false,"is_ascension_mode":true,"campfire_upgraded":0,"timestamp":1523553792,"path_taken":["M","?","?","?","?","R","E","M","T","R","$","?","M","M","R","BOSS","M","?","$","M","?","R","M","M","T","$","?","?","R","?","R","BOSS"],"build_version":"2018-04-05v2","purchased_purges":0,"victory":false,"master_deck":["Strike_R+1","Strike_R+1","Strike_R+1","Strike_R+1","Strike_R+1","Defend_R+1","Defend_R+1","Defend_R+1","Defend_R+1","Bash","Spot Weakness","Injury","Feel No Pain","Rupture","Rupture","Spot Weakness","Spot Weakness","Bludgeon+1","Sword Boomerang+1","Ghostly Armor","Brutality","Combust","Rupture","Spot Weakness+1"],"max_hp_per_floor":[80,80,80,80,80,80,80,80,80,80,87,87,87,87,87,87,87,87,87,87,87,87,87,87,87,87,87,87,87,87,87,87,87],"relics":["Burning Blood","Thread and Needle","Golden Idol","Omamori","Vajra","Girya","Dead Branch","Strawberry","Ectoplasm","Toxic Egg 2","Darkstone Periapt"],"card_choices":[{"not_picked":["Entrench","Warcry"],"picked":"Spot Weakness","floor":1},{"not_picked":["Ghostly Armor","Flame Barrier"],"picked":"Feel No Pain","floor":7},{"not_picked":["Thunderclap","Wild Strike"],"picked":"Rupture","floor":8},{"not_picked":["Ghostly Armor","Warcry"],"picked":"Spot Weakness","floor":13},{"not_picked":["Perfected Strike","Warcry"],"picked":"Spot Weakness","floor":14},{"not_picked":["Fiend Fire","Berserk"],"picked":"Bludgeon","floor":16},{"not_picked":["Perfected Strike","Flex"],"picked":"Sword Boomerang","floor":18},{"not_picked":["Thunderclap","Iron Wave"],"picked":"Ghostly Armor","floor":21},{"not_picked":["Clothesline","True Grit"],"picked":"Brutality","floor":24},{"not_picked":["Iron Wave","Clash"],"picked":"Combust","floor":25},{"not_picked":["Flex","Clothesline"],"picked":"Spot Weakness","floor":31}],"player_experience":629995,"potions_floor_usage":[5,7,12,24,25,31],"damage_taken":[{"damage":0,"enemies":"Small Slimes","floor":1,"turns":3},{"damage":0,"enemies":"Cultist","floor":5,"turns":4},{"damage":11,"enemies":"3 Sentries","floor":7,"turns":8},{"damage":2,"enemies":"2 Louse","floor":8,"turns":2},{"damage":3,"enemies":"Blue Slaver","floor":12,"turns":4},{"damage":11,"enemies":"3 Louse","floor":13,"turns":3},{"damage":16,"enemies":"Red Slaver","floor":14,"turns":5},{"damage":47,"enemies":"Slime Boss","floor":16,"turns":10},{"damage":33,"enemies":"Chosen","floor":18,"turns":6},{"damage":39,"enemies":"2 Thieves","floor":21,"turns":4},{"damage":18,"enemies":"Cultist and Chosen","floor":24,"turns":5},{"damage":9,"enemies":"Snecko","floor":25,"turns":4},{"damage":15,"enemies":"Centurion and Healer","floor":31,"turns":4},{"damage":85,"enemies":"Collector","floor":33,"turns":5}],"event_choices":[{"event_name":"Golden Idol","player_choice":"Take Wound","floor":2,"damage_taken":0},{"event_name":"Scrap Ooze","player_choice":"success","floor":3,"damage_taken":12},{"event_name":"Upgrade Shrine","player_choice":"Upgraded","floor":19,"damage_taken":0},{"event_name":"Back to Basics","player_choice":"Simplicity","floor":22,"damage_taken":0},{"event_name":"The Mausoleum","player_choice":"Yes","floor":28,"damage_taken":0},{"event_name":"Golden Shrine","player_choice":"Desecrate","floor":29,"damage_taken":0}],"boss_relics":[{"not_picked":["Runic Dome","Snecko Eye"],"picked":"Ectoplasm"}],"potions_floor_spawned":[1,5,8,21,24,25],"seed_played":"-3563080967790317651","killed_by":"Collector","ascension_level":2,"is_trial":false}