{"gold_per_floor":[118,137,137,150,170,170,183,209,236,236,253,253,178,238,238,238],"floor_reached":16,"playtime":1058,"items_purged":["Strike_G"],"score":168,"play_id":"dacf9c14-bf85-4997-880d-516f3379bbde","local_time":"20190701224855","is_ascension_mode":true,"campfire_choices":[{"data":"Poisoned Stab","floor":6,"key":"SMITH"},{"floor":10,"key":"REST"},{"floor":12,"key":"REST"},{"data":"Deflect","floor":15,"key":"SMITH"}],"neow_cost":"NONE","seed_source_timestamp":6647370698994108,"circlet_count":0,"master_deck":["AscendersBane","Strike_G","Strike_G","Strike_G","Strike_G","Defend_G","Defend_G","Defend_G","Defend_G","Defend_G","Survivor","Neutralize+1","Dagger Spray+1","Poisoned Stab+1","Heel Hook","Escape Plan","Deflect+1"],"relics":["Ring of the Snake","Potion Belt","Oddly Smooth Stone","Tiny Chest"],"potions_floor_usage":[11,14],"damage_taken":[{"damage":7,"enemies":"Small Slimes","floor":1,"turns":6},{"damage":2,"enemies":"Cultist","floor":2,"turns":5},{"damage":0,"enemies":"Jaw Worm","floor":4,"turns":4},{"damage":0,"enemies":"3 Louse","floor":5,"turns":3},{"damage":1,"enemies":"Looter","floor":7,"turns":3},{"damage":34,"enemies":"Lagavulin","floor":8,"turns":8},{"damage":1,"enemies":"Exordium Wildlife","floor":11,"turns":3},{"damage":17,"enemies":"Gremlin Nob","floor":14,"turns":5},{"damage":52,"enemies":"Hexaghost","floor":16,"turns":14}],"seed_played":"1171981510128909157","potions_obtained":[{"floor":1,"key":"Ancient Potion"},{"floor":7,"key":"Energy Potion"},{"floor":8,"key":"GhostInAJar"}],"is_trial":false,"path_per_floor":["M","M","?","M","M","R","M","E","T","R","M","R","$","E","R","B"],"character_chosen":"THE_SILENT","items_purchased":[],"campfire_rested":2,"item_purchase_floors":[],"current_hp_per_floor":[56,54,54,54,54,54,53,19,19,40,39,60,60,43,43,0],"gold":238,"neow_bonus":"UPGRADE_CARD","is_prod":false,"is_daily":false,"chose_seed":false,"campfire_upgraded":2,"win_rate":0,"timestamp":1562039335,"path_taken":["M","M","?","M","M","R","?","E","T","R","M","R","?","E","R","BOSS"],"build_version":"2019-07-01","purchased_purges":1,"victory":false,"max_hp_per_floor":[70,70,70,70,70,70,70,70,70,70,70,70,70,70,70,70],"card_choices":[{"not_picked":["Reflex","Acrobatics","Leg Sweep"],"picked":"SKIP","floor":1},{"not_picked":["Underhanded Strike","Bouncing Flask"],"picked":"Dagger Spray","floor":2},{"not_picked":["Prepared","Expertise"],"picked":"Poisoned Stab","floor":4},{"not_picked":["Backstab","Deadly Poison"],"picked":"Heel Hook","floor":5},{"not_picked":["Tactician","Heel Hook","Cloak And Dagger"],"picked":"SKIP","floor":7},{"not_picked":["Riddle With Holes","Quick Slash"],"picked":"Escape Plan","floor":8},{"not_picked":["Cloak And Dagger","Deadly Poison"],"picked":"Deflect","floor":11},{"not_picked":["Doppelganger","Dagger Spray","Flying Knee"],"picked":"SKIP","floor":14}],"player_experience":225543,"relics_obtained":[{"floor":8,"key":"Potion Belt"},{"floor":9,"key":"Oddly Smooth Stone"},{"floor":14,"key":"Tiny Chest"}],"event_choices":[{"damage_healed":0,"gold_gain":0,"player_choice":"Upgraded","damage_taken":0,"max_hp_gain":0,"max_hp_loss":0,"event_name":"Upgrade Shrine","floor":3,"gold_loss":0,"cards_upgraded":["Dagger Spray"]}],"is_beta":false,"boss_relics":[],"items_purged_floors":[13],"is_endless":false,"potions_floor_spawned":[1,7,8],"killed_by":"Hexaghost","ascension_level":10}