{"gold_per_floor":[110,19,19,19,19,19,33,33,33,68,343,30,44,62,62,62],"floor_reached":16,"playtime":479,"items_purged":["Pain"],"score":123,"play_id":"35ffaa00-fc30-4530-863c-33ddc107b01e","local_time":"20190613132228","is_ascension_mode":true,"campfire_choices":[{"data":"Rainbow","floor":6,"key":"SMITH"},{"floor":8,"key":"REST"},{"floor":15,"key":"REST"}],"neow_cost":"CURSE","seed_source_timestamp":149094441719600,"circlet_count":0,"master_deck":["Strike_B","Strike_B+1","Strike_B","Strike_B","Defend_B","Defend_B","Defend_B+1","Defend_B","Zap","Dualcast","Rainbow+1","Genetic Algorithm","Capacitor","Compile Driver","Aggregate","Forethought","Genetic Algorithm"],"relics":["Cracked Core","Cables","Omamori","Strawberry"],"potions_floor_usage":[13,14],"damage_taken":[{"damage":7,"enemies":"Cultist","floor":1,"turns":4},{"damage":19,"enemies":"Small Slimes","floor":7,"turns":4},{"damage":49,"enemies":"Gremlin Nob","floor":10,"turns":5},{"damage":2,"enemies":"Jaw Worm","floor":13,"turns":3},{"damage":11,"enemies":"Red Slaver","floor":14,"turns":3},{"damage":28,"enemies":"Hexaghost","floor":16,"turns":9}],"seed_played":"-554183761489487047","potions_obtained":[{"floor":10,"key":"FocusPotion"},{"floor":13,"key":"Poison Potion"},{"floor":14,"key":"Energy Potion"}],"is_trial":false,"path_per_floor":["M","$","?","$","?","R","M","R","T","E","?","$","M","M","R","B"],"character_chosen":"DEFECT","items_purchased":["Capacitor","Compile Driver","Strawberry","Forethought"],"campfire_rested":2,"item_purchase_floors":[2,2,12,12],"current_hp_per_floor":[68,68,53,53,53,53,34,56,56,7,7,14,12,1,25,0],"gold":62,"neow_bonus":"THREE_RARE_CARDS","is_prod":false,"is_daily":false,"chose_seed":false,"campfire_upgraded":1,"win_rate":0,"timestamp":1560446548,"path_taken":["M","?","?","$","?","R","?","R","T","E","?","$","?","M","R","BOSS"],"build_version":"2019-06-12","purchased_purges":1,"victory":false,"max_hp_per_floor":[75,75,75,75,75,75,75,75,75,75,75,82,82,82,82,82],"card_choices":[{"not_picked":["Thunder Strike","Amplify"],"picked":"Rainbow","floor":0},{"not_picked":["Cold Snap","Barrage"],"picked":"Genetic Algorithm","floor":1},{"not_picked":["Lockon","Hologram","Storm"],"picked":"SKIP","floor":7},{"not_picked":["Turbo","Blizzard"],"picked":"Aggregate","floor":10},{"not_picked":["Streamline","White Noise"],"picked":"Genetic Algorithm","floor":13},{"not_picked":["Ball Lightning","Compile Driver","Hologram"],"picked":"SKIP","floor":14}],"player_experience":1046603,"relics_obtained":[{"floor":9,"key":"Cables"},{"floor":10,"key":"Omamori"}],"event_choices":[{"damage_healed":0,"gold_gain":0,"player_choice":"Entered Light","damage_taken":15,"max_hp_gain":0,"max_hp_loss":0,"event_name":"Shining Light","floor":3,"gold_loss":0,"cards_upgraded":["Defend_B","Strike_B"]},{"damage_healed":0,"gold_gain":0,"player_choice":"Ignored","damage_taken":0,"max_hp_gain":0,"max_hp_loss":0,"event_name":"WeMeetAgain","floor":5,"gold_loss":0},{"damage_healed":0,"gold_gain":275,"player_choice":"Desecrate","damage_taken":0,"max_hp_gain":0,"max_hp_loss":0,"event_name":"Golden Shrine","floor":11,"gold_loss":0,"cards_obtained":["Regret"]}],"is_beta":true,"boss_relics":[],"items_purged_floors":[12],"is_endless":false,"potions_floor_spawned":[10,13,14],"killed_by":"Hexaghost","ascension_level":5}