{"path_per_floor":["M","?","?","M","M","E","R","?","T","M","R","?","?","E","R","B",null,"M","$","?","M","T","$","R","M","T","M","R","M","M","M","R"],"character_chosen":"IRONCLAD","items_purchased":["Blue Candle","Peace Pipe"],"gold_per_floor":[112,112,187,206,225,253,253,253,253,267,267,442,442,474,474,572,572,561,14,14,29,29,29,29,47,94,107,107,118,135,147,147],"floor_reached":33,"campfire_rested":4,"playtime":1556,"current_hp_per_floor":[80,73,62,64,67,56,56,49,49,52,76,76,76,66,80,14,80,68,68,68,61,61,61,61,30,30,23,47,51,50,50,74],"items_purged":[],"gold":147,"score":257,"play_id":"115d7766-bf19-474e-b7ad-841b78a106ba","local_time":"20180309230846","is_prod":false,"is_daily":false,"is_ascension_mode":false,"campfire_upgraded":1,"timestamp":1520654926,"path_taken":["M","?","?","?","M","E","R","?","T","M","R","?","?","E","R","BOSS","M","$","?","M","?","$","R","M","T","M","R","?","M","M","R","BOSS"],"build_version":"2018-03-01-PROD1","purchased_purges":0,"victory":false,"master_deck":["Strike_R","Strike_R","Strike_R","Strike_R","Defend_R","Defend_R+1","Defend_R+1","Defend_R","Bash","Bludgeon+1","Shrug It Off","Warcry","Spot Weakness","Exhume+1","Flex","Inflame","Bludgeon","Ghostly Armor","Immolate","Flex","Clash","Shockwave","Seeing Red","Cleave+1","Dual Wield","Carnage","Flame Barrier+1","Fiend Fire","Seeing Red"],"max_hp_per_floor":[80,80,80,80,80,80,80,80,80,80,80,80,80,80,80,80,80,80,80,80,80,80,80,80,80,80,80,80,80,80,80,80],"relics":["Burning Blood","Blood Vial","War Paint","Dead Branch","Orichalcum","Orrery","Blue Candle","Peace Pipe","Darkstone Periapt","Art of War"],"card_choices":[{"not_picked":["Sword Boomerang","Headbutt"],"picked":"Shrug It Off"},{"not_picked":["Second Wind","Clothesline"],"picked":"Warcry"},{"not_picked":["Disarm","Sword Boomerang"],"picked":"Spot Weakness"},{"not_picked":["Shockwave","Uppercut"],"picked":"Exhume"},{"not_picked":["Armaments","Shrug It Off"],"picked":"Flex"},{"not_picked":["Brutality","Metallicize"],"picked":"Inflame"},{"not_picked":["Limit Break","Dark Embrace"],"picked":"Bludgeon"},{"not_picked":["Cleave","Fire Breathing"],"picked":"Ghostly Armor"},{"not_picked":["Headbutt","Armaments"],"picked":"Immolate"},{"not_picked":["Anger","Thunderclap"],"picked":"Flex"},{"not_picked":["Iron Wave","Sword Boomerang"],"picked":"Clash"},{"not_picked":["Body Slam","Evolve"],"picked":"Shockwave"},{"not_picked":["Perfected Strike","Burning Pact"],"picked":"Seeing Red"},{"not_picked":["Searing Blow","Perfected Strike"],"picked":"Cleave"},{"not_picked":["Headbutt","Power Through"],"picked":"Dual Wield"},{"not_picked":["Cleave","Sword Boomerang"],"picked":"Carnage"},{"not_picked":["Combust","Armaments"],"picked":"Flame Barrier"},{"not_picked":["Wild Strike","Dropkick"],"picked":"Fiend Fire"},{"not_picked":["Cleave","Rupture"],"picked":"Seeing Red"}],"player_experience":376047,"potions_floor_usage":[10,16,16,21,31,31,33],"damage_taken":[{"damage":6,"enemies":"Cultist","floor":1,"turns":3},{"damage":6,"enemies":"Jaw Worm","floor":4,"turns":4},{"damage":5,"enemies":"2 Louse","floor":5,"turns":3},{"damage":19,"enemies":"3 Sentries","floor":6,"turns":7},{"damage":17,"enemies":"Exordium Wildlife","floor":10,"turns":6},{"damage":18,"enemies":"Gremlin Nob","floor":14,"turns":4},{"damage":87,"enemies":"Hexaghost","floor":16,"turns":12},{"damage":18,"enemies":"2 Thieves","floor":18,"turns":4},{"damage":15,"enemies":"Spheric Guardian","floor":21,"turns":5},{"damage":39,"enemies":"Slaver and Parasite","floor":25,"turns":7},{"damage":15,"enemies":"Snake Plant","floor":27,"turns":4},{"damage":4,"enemies":"Cultist and Chosen","floor":29,"turns":6},{"damage":9,"enemies":"Snecko","floor":30,"turns":3},{"damage":8,"enemies":"Chosen and Byrds","floor":31,"turns":6},{"damage":98,"enemies":"Automaton","floor":33,"turns":10}],"event_choices":[{"event_name":"Scrap Ooze","player_choice":"success","floor":2,"damage_taken":7},{"event_name":"World of Goop","player_choice":"Gather Gold","floor":3,"damage_taken":0},{"event_name":"Golden Wing","player_choice":"Card Removal","floor":8,"damage_taken":0},{"event_name":"Liars Game","player_choice":"agreed","floor":12,"damage_taken":0},{"event_name":"Living Wall","player_choice":"Grow","floor":13,"damage_taken":0},{"event_name":"Beggar","player_choice":"Ignored","floor":20,"damage_taken":0}],"boss_relics":[{"not_picked":["Pandora\u0027s Box","Runic Dome"],"picked":"Orrery"}],"potions_floor_spawned":[6,10,14,18,29,30,31],"seed_played":"3513360245346686669","killed_by":"Automaton","ascension_level":0,"is_trial":false}