{"gold_per_floor":[115,130,130,150,150,150,3,22,91,106,120,137,168,180,180,276,276,286,201,201,6,256,256,268,280,304,334,334,359,374,386,386,489,489,506,506,193,193,209,209,225,225,252,332,386,386,30,44,44,44],"floor_reached":50,"playtime":2690,"items_purged":[],"score":609,"play_id":"f6554933-f239-4179-862a-2bdd7b94c168","local_time":"20180718070926","daily_mods":["Draft"],"is_ascension_mode":false,"campfire_choices":[{"data":"Iron Wave","floor":6,"key":"SMITH"},{"data":"Sunder","floor":15,"key":"SMITH"},{"data":"Transmutation","floor":23,"key":"SMITH"},{"floor":28,"key":"REST"},{"floor":32,"key":"REST"},{"floor":40,"key":"REST"},{"floor":42,"key":"REST"},{"data":"Meteor Strike","floor":46,"key":"SMITH"},{"data":"Metamorphosis","floor":49,"key":"SMITH"}],"neow_cost":"","seed_source_timestamp":0,"circlet_count":0,"master_deck":["Conserve Battery","Blizzard","Sunder+1","Coolheaded","White Noise","Steam","Gash","Tempest","Scrape","Cold Snap","Scrape","Conserve Battery","Ball Lightning","Storm","Cold Snap","Rebound","Streamline","Iron Wave+1","Steam","Double Energy","FTL","Buffer","Rebound","Rebound","Meteor Strike+1","Consume","Transmutation+1","Regret","Redo","Doom and Gloom+1","Echo Form","Stack+1","Heatsinks+1","Rip and Tear","Thunder Strike","Consume+1","Madness","Madness","Storm+1","Conserve Battery+1","Static Discharge+1","Metamorphosis+1","Streamline+1"],"relics":["Cracked Core","Bag of Preparation","Vajra","Gremlin Horn","Meat on the Bone","Snecko Eye","Dead Branch","Boot","Happy Flower","Lantern","White Beast Statue","Thread and Needle","Juzu Bracelet","Singing Bowl","Prayer Wheel","Omamori"],"potions_floor_usage":[8,12,13,18,18,27,31,33,41,41,45,50,50],"damage_taken":[{"damage":5,"enemies":"2 Louse","floor":1,"turns":3},{"damage":0,"enemies":"Cultist","floor":2,"turns":3},{"damage":0,"enemies":"Jaw Worm","floor":4,"turns":3},{"damage":13,"enemies":"Red Slaver","floor":8,"turns":2},{"damage":0,"enemies":"Gremlin Gang","floor":10,"turns":3},{"damage":0,"enemies":"Lots of Slimes","floor":11,"turns":1},{"damage":0,"enemies":"2 Fungi Beasts","floor":12,"turns":1},{"damage":0,"enemies":"3 Sentries","floor":13,"turns":4},{"damage":0,"enemies":"Exordium Wildlife","floor":14,"turns":3},{"damage":0,"enemies":"Slime Boss","floor":16,"turns":7},{"damage":0,"enemies":"Shell Parasite","floor":18,"turns":2},{"damage":21,"enemies":"3 Byrds","floor":24,"turns":4},{"damage":23,"enemies":"Snake Plant","floor":25,"turns":3},{"damage":17,"enemies":"Book of Stabbing","floor":27,"turns":5},{"damage":31,"enemies":"Gremlin Leader","floor":29,"turns":5},{"damage":20,"enemies":"Cultist and Chosen","floor":30,"turns":4},{"damage":0,"enemies":"Chosen and Byrds","floor":31,"turns":2},{"damage":61,"enemies":"Automaton","floor":33,"turns":7},{"damage":14,"enemies":"3 Darklings","floor":35,"turns":3},{"damage":0,"enemies":"Flame Bruiser 1 Orb","floor":39,"turns":1},{"damage":43,"enemies":"4 Shapes","floor":41,"turns":3},{"damage":0,"floor":45,"turns":2},{"damage":3,"enemies":"Sphere and 2 Shapes","floor":48,"turns":2},{"damage":82,"enemies":"Donu and Deca","floor":50,"turns":6}],"seed_played":"33475081","potions_obtained":[{"floor":2,"key":"Ancient Potion"},{"floor":11,"key":"Explosive Potion"},{"floor":12,"key":"Dexterity Potion"},{"floor":13,"key":"Dexterity Potion"},{"floor":16,"key":"EssenceOfSteel"},{"floor":25,"key":"AttackPotion"},{"floor":30,"key":"FearPotion"},{"floor":31,"key":"SpeedPotion"},{"floor":33,"key":"SmokeBomb"},{"floor":35,"key":"Ancient Potion"},{"floor":39,"key":"FearPotion"},{"floor":41,"key":"PowerPotion"},{"floor":45,"key":"Ancient Potion"},{"floor":48,"key":"SteroidPotion"}],"is_trial":true,"path_per_floor":["M","M","?","M","?","R","$","M","T","M","M","M","E","M","R","B",null,"M","?","?","$","?","R","M","M","T","E","R","E","M","M","R","B",null,"M","?","$","?","M","R","M","R","T","T","?","R","$","M","R"],"character_chosen":"DEFECT","items_purchased":["Vajra","Transmutation","Thread and Needle","Metamorphosis","Omamori"],"campfire_rested":4,"item_purchase_floors":[7,21,37,47,47],"current_hp_per_floor":[70,75,75,75,75,75,75,62,62,62,62,62,62,62,62,62,75,75,75,75,75,75,75,54,43,43,45,67,48,40,40,62,13,75,61,61,61,52,52,74,50,72,72,72,72,72,72,71,71,0],"gold":44,"neow_bonus":"","is_prod":false,"is_daily":false,"chose_seed":true,"campfire_upgraded":5,"win_rate":0,"timestamp":1531912166,"path_taken":["M","M","?","M","?","R","$","?","T","M","M","M","E","M","R","BOSS","M","?","?","$","?","R","M","M","T","E","R","E","M","?","R","BOSS","M","?","$","?","?","R","M","R","T","?","?","R","$","M","R","BOSS"],"build_version":"2018-07-17","purchased_purges":0,"victory":false,"max_hp_per_floor":[75,75,75,75,75,75,75,75,75,75,75,75,75,75,75,75,75,75,75,75,75,75,75,75,75,75,75,75,75,75,75,75,75,75,75,75,75,75,75,75,75,75,75,75,75,75,75,77,77,77],"card_choices":[{"not_picked":["Turbo","Go for the Eyes"],"picked":"Conserve Battery","floor":0},{"not_picked":["Go for the Eyes","Aggregate"],"picked":"Blizzard","floor":0},{"not_picked":["Conserve Battery","Streamline"],"picked":"Sunder","floor":0},{"not_picked":["Melter","White Noise"],"picked":"Coolheaded","floor":0},{"not_picked":["Streamline","Conserve Battery"],"picked":"White Noise","floor":0},{"not_picked":["Steam Power","Hologram"],"picked":"Steam","floor":0},{"not_picked":["Hologram","Stack"],"picked":"Gash","floor":0},{"not_picked":["Lockon","Turbo"],"picked":"Tempest","floor":0},{"not_picked":["Darkness","Chaos"],"picked":"Scrape","floor":0},{"not_picked":["Conserve Battery","Skim"],"picked":"Cold Snap","floor":0},{"not_picked":["Static Discharge","Sweeping Beam"],"picked":"Scrape","floor":0},{"not_picked":["Fusion","Turbo"],"picked":"Conserve Battery","floor":0},{"not_picked":["Sweeping Beam","Barrage"],"picked":"Ball Lightning","floor":0},{"not_picked":["Sweeping Beam","Beam Cell"],"picked":"Storm","floor":0},{"not_picked":["Hologram","Scrape"],"picked":"Cold Snap","floor":0},{"not_picked":["Compile Driver","Steam"],"picked":"Double Energy","floor":1},{"not_picked":["Ball Lightning","Streamline"],"picked":"Rebound","floor":2},{"not_picked":["Redo","Leap"],"picked":"Streamline","floor":4},{"not_picked":["Sweeping Beam","Reinforced Body"],"picked":"Steam","floor":8},{"not_picked":["Steam Power","Melter"],"picked":"Double Energy","floor":10},{"not_picked":["Coolheaded","Conserve Battery"],"picked":"FTL","floor":11},{"not_picked":["Sweeping Beam","Force Field"],"picked":"Buffer","floor":12},{"not_picked":["Steam","Blizzard"],"picked":"Rebound","floor":13},{"not_picked":["Darkness","Lockon"],"picked":"Rebound","floor":14},{"not_picked":["Seek","Biased Cognition"],"picked":"Meteor Strike","floor":16},{"not_picked":["Go for the Eyes","Ball Lightning"],"picked":"Consume","floor":18},{"not_picked":["Turbo","Coolheaded"],"picked":"Redo","floor":24},{"not_picked":["Hologram","Coolheaded"],"picked":"Doom and Gloom+1","floor":25},{"not_picked":["Hologram","Undo"],"picked":"Echo Form","floor":27},{"not_picked":["Steam","Auto Shields+1"],"picked":"Stack+1","floor":29},{"not_picked":["Chill","Rebound+1"],"picked":"Heatsinks+1","floor":30},{"not_picked":["Steam","Ball Lightning"],"picked":"Rip and Tear","floor":31},{"not_picked":["Creative AI","Multi-Cast"],"picked":"Thunder Strike","floor":33},{"not_picked":["Compile Driver","Rebound+1"],"picked":"Consume+1","floor":35},{"not_picked":["Auto Shields+1","Reinforced Body+1"],"picked":"Storm+1","floor":39},{"not_picked":["Consume+1","Rebound"],"picked":"Conserve Battery+1","floor":41},{"not_picked":["Auto Shields","Defragment"],"picked":"Static Discharge+1","floor":45},{"not_picked":["Capacitor","Streamline+1","Sweeping Beam"],"picked":"Singing Bowl","floor":48},{"not_picked":["Gash","Steam Power+1"],"picked":"Streamline+1","floor":48}],"player_experience":465104,"relics_obtained":[{"floor":9,"key":"Gremlin Horn"},{"floor":13,"key":"Meat on the Bone"},{"floor":26,"key":"Boot"},{"floor":27,"key":"Happy Flower"},{"floor":29,"key":"Lantern"},{"floor":43,"key":"Juzu Bracelet"},{"floor":44,"key":"Singing Bowl"},{"floor":45,"key":"Prayer Wheel"}],"event_choices":[{"event_name":"Wheel of Change","player_choice":"Relic","floor":3,"damage_taken":0},{"event_name":"NoteForYourself","player_choice":"Took Card","floor":5,"damage_taken":0},{"event_name":"Addict","player_choice":"Obtained Relic","floor":19,"damage_taken":0},{"event_name":"Back to Basics","player_choice":"Simplicity","floor":20,"damage_taken":0},{"event_name":"Golden Shrine","player_choice":"Desecrate","floor":22,"damage_taken":0},{"event_name":"Tomb of Lord Red Mask","player_choice":"Ignored","floor":36,"damage_taken":0},{"event_name":"Winding Halls","player_choice":"Embrace Madness","floor":38,"damage_taken":0},{"event_name":"Mysterious Sphere","player_choice":"Fight","floor":45,"damage_taken":0}],"is_beta":true,"boss_relics":[{"not_picked":["Fusion Hammer","Velvet Choker"],"picked":"Snecko Eye"},{"not_picked":["Black Star","FrozenCore"],"picked":"White Beast Statue"}],"items_purged_floors":[],"is_endless":true,"potions_floor_spawned":[2,11,12,13,16,25,30,31,33,35,39,41,45,48],"killed_by":"Donu and Deca","ascension_level":0}