{"path_per_floor":["M","?","M","M","?","R","M","R","T","R","?","M","M","E","R","B",null,"M","?","$","M","M","M","$","M","T","?","R","M","?","M","R","B",null,"M","?","M","$","M","R","$","M","T","?","R","?","M"],"character_chosen":"IRONCLAD","items_purchased":["Molten Egg 2","Whirlwind","Meat on the Bone"],"gold_per_floor":[112,62,75,95,95,95,114,114,114,114,84,103,120,146,146,249,249,262,262,22,33,45,59,23,34,57,57,57,67,67,87,87,191,221,238,238,254,14,28,28,28,39,39,39,39,0,10],"floor_reached":48,"campfire_rested":5,"playtime":1718,"current_hp_per_floor":[80,80,74,74,74,74,72,72,72,72,72,72,72,51,75,71,80,66,50,50,50,11,40,40,40,40,40,64,65,65,30,54,21,85,75,75,65,65,34,59,59,47,47,47,72,72,52],"items_purged":[],"gold":10,"score":412,"play_id":"ba0ee395-d4e8-4177-a960-4993d3afa680","local_time":"20180308185216","is_prod":false,"is_daily":false,"is_ascension_mode":false,"campfire_upgraded":3,"timestamp":1520553136,"path_taken":["M","?","?","M","?","R","M","R","T","R","?","M","M","E","R","BOSS","M","?","$","M","M","?","$","M","T","?","R","M","?","?","R","BOSS","M","?","M","$","M","R","$","M","T","?","R","?","M","M"],"build_version":"2018-03-01-PROD1","purchased_purges":0,"victory":false,"master_deck":["Strike_R","Strike_R","Strike_R+1","Strike_R","Defend_R","Defend_R+1","Defend_R+1","Bash+1","Sword Boomerang","Body Slam+1","Cleave+1","Pummel+1","Immolate","Uppercut","Pummel","Reaper","Body Slam+1","Necronomicurse","Cleave+1","Heavy Blade+1","Whirlwind+1","Impervious","Decay","Heavy Blade+1","Offering","Body Slam+1","Double Tap","Sever Soul+1","Dual Wield+1","Headbutt+1","Body Slam+1","Disarm+1","Barricade"],"max_hp_per_floor":[80,80,80,80,80,80,80,80,80,80,80,80,80,80,80,80,80,80,80,80,80,80,80,80,80,80,80,80,80,80,80,80,80,85,85,85,85,85,85,85,85,85,85,85,85,85,85],"relics":["Velvet Choker","Bottled Flame","Shuriken","Lizard Tail","Necronomicon","Molten Egg 2","War Paint","Tiny House","Meat on the Bone","Happy Flower","Red Mask"],"card_choices":[{"not_picked":["Fire Breathing","Hemokinesis"],"picked":"Sword Boomerang"},{"not_picked":["Headbutt","True Grit"],"picked":"Body Slam"},{"not_picked":["Wild Strike","Iron Wave"],"picked":"Cleave"},{"not_picked":["Disarm","Anger"],"picked":"Pummel"},{"not_picked":["Metallicize","Armaments"],"picked":"Immolate"},{"not_picked":["Warcry","True Grit"],"picked":"Uppercut"},{"not_picked":["Perfected Strike","Fire Breathing"],"picked":"Pummel"},{"not_picked":["Double Tap","Feed"],"picked":"Reaper"},{"not_picked":["Warcry","Perfected Strike"],"picked":"Body Slam"},{"not_picked":["Warcry","Hemokinesis"],"picked":"Cleave"},{"not_picked":["Wild Strike","Rampage"],"picked":"Rupture"},{"not_picked":["Perfected Strike","Havoc"],"picked":"Heavy Blade"},{"not_picked":["Iron Wave","True Grit"],"picked":"Impervious"},{"not_picked":["Perfected Strike","Body Slam"],"picked":"Heavy Blade"},{"not_picked":["Twin Strike","Clash"],"picked":"Body Slam"},{"not_picked":["Demon Form","Barricade"],"picked":"Double Tap"},{"not_picked":["Headbutt","Intimidate"],"picked":"Sever Soul"},{"not_picked":["Havoc","Iron Wave"],"picked":"Dual Wield"},{"not_picked":["Sword Boomerang","Metallicize"],"picked":"Headbutt"},{"not_picked":["Combust","Second Wind"],"picked":"Body Slam"},{"not_picked":["Rage","Cleave"],"picked":"Disarm"},{"not_picked":["Twin Strike","Carnage"],"picked":"Barricade"}],"player_experience":357676,"potions_floor_usage":[7,13,13,14,18,23,29,31,35,39,39,42,48],"damage_taken":[{"damage":0,"enemies":"Small Slimes","floor":1,"turns":3},{"damage":6,"enemies":"Jaw Worm","floor":3,"turns":3},{"damage":0,"enemies":"Cultist","floor":4,"turns":3},{"damage":2,"enemies":"Blue Slaver","floor":7,"turns":3},{"damage":0,"enemies":"Looter","floor":12,"turns":2},{"damage":0,"enemies":"Large Slime","floor":13,"turns":3},{"damage":21,"enemies":"Lagavulin","floor":14,"turns":5},{"damage":4,"enemies":"Slime Boss","floor":16,"turns":6},{"damage":14,"enemies":"2 Thieves","floor":18,"turns":3},{"damage":0,"enemies":"Chosen","floor":21,"turns":3},{"damage":39,"enemies":"Snake Plant","floor":22,"turns":4},{"damage":20,"enemies":"Sentry and Sphere","floor":23,"turns":4},{"damage":0,"enemies":"Centurion and Healer","floor":25,"turns":2},{"damage":6,"enemies":"Snake Plant","floor":29,"turns":4},{"damage":42,"enemies":"Slaver and Parasite","floor":31,"turns":4},{"damage":59,"enemies":"Collector","floor":33,"turns":7},{"damage":10,"enemies":"3 Shapes","floor":35,"turns":2},{"damage":10,"enemies":"3 Darklings","floor":37,"turns":4},{"damage":43,"enemies":"Maw","floor":39,"turns":5},{"damage":24,"enemies":"Sphere and 2 Shapes","floor":42,"turns":2},{"damage":20,"enemies":"3 Darklings","floor":47,"turns":3},{"damage":64,"enemies":"4 Shapes","floor":48,"turns":3}],"event_choices":[{"event_name":"The Cleric","player_choice":"Card Removal","floor":2,"damage_taken":0},{"event_name":"Living Wall","player_choice":"Grow","floor":5,"damage_taken":0},{"event_name":"The Woman in Blue","player_choice":"Bought 2 Potions","floor":11,"damage_taken":0},{"event_name":"Cursed Tome","player_choice":"Obtained Book","floor":19,"damage_taken":0},{"event_name":"Forgotten Altar","player_choice":"Smashed Altar","floor":27,"damage_taken":0},{"event_name":"The Library","player_choice":"Read","floor":30,"damage_taken":0},{"event_name":"Bonfire Elementals","player_choice":"BASIC","floor":36,"damage_taken":0},{"event_name":"Tomb of Lord Red Mask","player_choice":"Paid","floor":46,"damage_taken":0}],"boss_relics":[{"not_picked":["Runic Cube","Snecko Eye"],"picked":"Lizard Tail"},{"not_picked":["Pandora\u0027s Box","Calling Bell"],"picked":"Tiny House"}],"potions_floor_spawned":[3,4,12,16,22,23,29,33,37,39,47],"seed_played":"5333905808726433522","killed_by":"4 Shapes","ascension_level":0,"is_trial":false}