{"path_per_floor":["M","M","$","M","M","R","E","R","T","?","?","E","?","M","R","B",null,"M","M","M","$","?"],"character_chosen":"IRONCLAD","items_purchased":["Medical Kit","Dropkick","Deep Breath"],"gold_per_floor":[115,133,133,145,159,159,185,185,185,185,260,300,300,313,313,434,434,449,462,482,121,121],"floor_reached":23,"campfire_rested":2,"playtime":2258,"current_hp_per_floor":[72,78,78,80,63,63,29,53,53,53,42,32,32,31,53,18,74,53,33,22,22,22],"items_purged":[],"gold":121,"score":227,"play_id":"bdaebc5a-92d5-4b86-a166-6b7a33f948ef","local_time":"20180309144127","is_prod":false,"is_daily":false,"is_ascension_mode":false,"campfire_upgraded":1,"timestamp":1520624487,"path_taken":["M","M","$","M","M","R","E","R","T","?","?","E","?","M","R","BOSS","M","M","M","$","?","E"],"build_version":"2018-03-01-PROD1","purchased_purges":0,"victory":false,"master_deck":["Defend_R","Defend_R","Defend_R","Defend_R","Bash","Doubt","Impervious+1","Wild Strike","Heavy Blade","Shockwave+1","Uppercut","Feel No Pain","Flex","Spot Weakness","Limit Break","Flex","Clash","Cleave","Dropkick","Deep Breath","Bite","Bite","Bite","Bite","Bite"],"max_hp_per_floor":[80,80,80,80,80,80,80,80,80,74,74,74,74,74,74,74,74,74,74,74,74,51],"relics":["Burning Blood","Whetstone","Torii","Golden Idol","Pen Nib","Black Star","Medical Kit"],"card_choices":[{"not_picked":["Offering","Berserk"],"picked":"Impervious"},{"not_picked":["Thunderclap","Headbutt"],"picked":"Wild Strike"},{"not_picked":["Havoc","Twin Strike"],"picked":"Heavy Blade"},{"not_picked":["Pommel Strike","Corruption"],"picked":"Shockwave"},{"not_picked":["Havoc","Battle Trance"],"picked":"Uppercut"},{"not_picked":["Iron Wave","Sever Soul"],"picked":"Feel No Pain"},{"not_picked":["Whirlwind","Clothesline"],"picked":"Flex"},{"not_picked":["Sword Boomerang","Headbutt"],"picked":"Spot Weakness"},{"not_picked":["Fiend Fire","Double Tap"],"picked":"Limit Break"},{"not_picked":["Battle Trance","Armaments"],"picked":"Flex"},{"not_picked":["Metallicize","Dropkick"],"picked":"Clash"},{"not_picked":["Armaments","Clothesline"],"picked":"Cleave"}],"player_experience":369094,"potions_floor_usage":[5,16,18,20],"damage_taken":[{"damage":14,"enemies":"Jaw Worm","floor":1,"turns":7},{"damage":0,"enemies":"Small Slimes","floor":2,"turns":3},{"damage":0,"enemies":"2 Louse","floor":4,"turns":2},{"damage":38,"enemies":"Exordium Wildlife","floor":5,"turns":9},{"damage":40,"enemies":"Lagavulin","floor":7,"turns":8},{"damage":16,"enemies":"3 Sentries","floor":12,"turns":10},{"damage":7,"enemies":"Exordium Thugs","floor":14,"turns":6},{"damage":41,"enemies":"The Guardian","floor":16,"turns":17},{"damage":27,"enemies":"Chosen","floor":18,"turns":8},{"damage":26,"enemies":"Shell Parasite","floor":19,"turns":7},{"damage":17,"enemies":"Cultist and Chosen","floor":20,"turns":8},{"damage":30,"enemies":"Gremlin Leader","floor":23,"turns":4}],"event_choices":[{"event_name":"Golden Idol","player_choice":"Lose Max HP","floor":10,"damage_taken":0},{"event_name":"World of Goop","player_choice":"Gather Gold","floor":11,"damage_taken":0},{"event_name":"Living Wall","player_choice":"Grow","floor":13,"damage_taken":0},{"event_name":"Vampires","player_choice":"Became a vampire","floor":22,"damage_taken":0}],"boss_relics":[{"not_picked":["White Beast Statue","Velvet Choker"],"picked":"Black Star"}],"potions_floor_spawned":[4,14,16,19],"seed_played":"-5030512075264595803","killed_by":"Gremlin Leader","ascension_level":0,"is_trial":false}