{"gold_per_floor":[115,115,167,30,49,78,78,78,103,135,150,181,195,11,11,87,87,106,106,120,120,120,154,174,174,174,174,202,227,238,22,22,96,96,112,131,131,131,148,148,202,202,202,52,52,87,99,99,99,99],"floor_reached":50,"playtime":2061,"items_purged":["Strike_R","Strike_R"],"score":1123,"play_id":"a2ed7991-dbca-4c9a-845a-680f79337582","local_time":"20190528220041","is_ascension_mode":true,"campfire_choices":[{"data":"Body Slam","floor":7.0,"key":"SMITH"},{"data":"Entrench","floor":15.0,"key":"SMITH"},{"data":"Body Slam","floor":25,"key":"SMITH"},{"floor":27,"key":"REST"},{"data":"Double Tap","floor":32,"key":"SMITH"},{"floor":40,"key":"RECALL"},{"floor":42,"key":"REST"},{"floor":49,"key":"REST"}],"neow_cost":"NONE","seed_source_timestamp":1190375570119261,"circlet_count":0,"master_deck":["AscendersBane","Strike_R+1","Strike_R","Defend_R","Defend_R+1","Defend_R+1","Defend_R","Bash","Battle Trance","Flame Barrier","Body Slam+1","Cleave","Feed","Entrench+1","Double Tap+1","Inflame","Feel No Pain","Shrug It Off","Offering","Pommel Strike","Corruption","Necronomicurse","Shrug It Off","Body Slam+1","Bludgeon","Ghostly Armor","Impervious","Shrug It Off","Shrug It Off","Disarm"],"special_seed":0,"relics":["Burning Blood","War Paint","Happy Flower","Oddly Smooth Stone","Orichalcum","Vajra","Whetstone","Sozu","Necronomicon","Darkstone Periapt","Letter Opener","Frozen Egg 2","Red Mask","Lee\u0027s Waffle","Velvet Choker","Thread and Needle","Molten Egg 2"],"potions_floor_usage":[],"damage_taken":[{"damage":0.0,"enemies":"Cultist","floor":1.0,"turns":4.0},{"damage":0.0,"enemies":"Jaw Worm","floor":5.0,"turns":3.0},{"damage":30.0,"enemies":"Lagavulin","floor":6.0,"turns":8.0},{"damage":9.0,"enemies":"3 Sentries","floor":10.0,"turns":8.0},{"damage":2.0,"enemies":"Small Slimes","floor":11.0,"turns":2.0},{"damage":24.0,"enemies":"Lagavulin","floor":12.0,"turns":9.0},{"damage":6.0,"enemies":"Exordium Wildlife","floor":13.0,"turns":8.0},{"damage":12.0,"enemies":"The Guardian","floor":16.0,"turns":13.0},{"damage":21.0,"enemies":"Shell Parasite","floor":18.0,"turns":3.0},{"damage":10.0,"enemies":"2 Thieves","floor":20.0,"turns":3.0},{"damage":33,"enemies":"Slavers","floor":23,"turns":3},{"damage":15,"enemies":"Snake Plant","floor":24,"turns":4},{"damage":38,"enemies":"Book of Stabbing","floor":28,"turns":6},{"damage":11,"enemies":"Masked Bandits","floor":29,"turns":3},{"damage":15,"enemies":"Snecko","floor":30,"turns":4},{"damage":45,"enemies":"Champ","floor":33,"turns":10},{"damage":10,"enemies":"3 Darklings","floor":35,"turns":6},{"damage":6,"enemies":"3 Shapes","floor":36,"turns":3},{"damage":15,"enemies":"Maw","floor":39,"turns":7},{"damage":53,"enemies":"2 Orb Walkers","floor":41,"turns":6},{"damage":32,"enemies":"Giant Head","floor":46,"turns":7},{"damage":0,"enemies":"3 Darklings","floor":47,"turns":5},{"damage":101,"enemies":"Awakened One","floor":50,"turns":19}],"seed_played":"73646117671480886","potions_obtained":[{"floor":1.0,"key":"SpeedPotion"},{"floor":6.0,"key":"SneckoOil"},{"floor":11.0,"key":"FearPotion"},{"floor":13.0,"key":"Weak Potion"}],"is_trial":false,"path_per_floor":["M","?","T","$","M","E","R","?","T","E","M","E","M","$","R","B",null,"M","?","M","?","?","E","M","R","T","R","E","?","M","$","R","B",null,"M","M","?","?","M","R","?","R","T","$","?","E","M","$","R","B"],"character_chosen":"IRONCLAD","items_purchased":["Flame Barrier","Body Slam","Feel No Pain","Shrug It Off","Lee\u0027s Waffle","Shrug It Off"],"campfire_rested":3,"item_purchase_floors":[4,4,14,14,31,44],"current_hp_per_floor":[74,79,79,79,80,56,56,49,49,49,56,38,41,41,41,38,79,64,82,81,60,60,36,30,30,30,60,28,26,17,111,111,72,101,97,100,100,100,94,94,50,84,84,84,84,58,64,64,98,0],"gold":99,"neow_bonus":"RANDOM_COMMON_RELIC","is_prod":false,"is_daily":false,"chose_seed":false,"campfire_upgraded":4,"win_rate":0,"timestamp":1559106041,"path_taken":["M","?","?","$","M","E","R","?","T","E","M","E","M","$","R","BOSS","M","?","M","?","?","E","M","R","T","R","E","?","M","?","R","BOSS","M","M","?","?","M","R","?","R","T","$","?","E","M","$","R","BOSS"],"build_version":"2019-01-23","purchased_purges":2,"victory":false,"max_hp_per_floor":[75,80,80,80,80,80,80,80,80,83,86,86,89,89,89,92,92,92,92,95,95,95,98,101,101,101,101,101,104,104,111,111,111,111,111,114,108,108,111,111,114,114,114,114,114,114,114,114,114,117],"card_choices":[{"not_picked":["Corruption","Clothesline"],"picked":"Battle Trance","floor":1.0},{"not_picked":["Blood for Blood","Warcry"],"picked":"Cleave","floor":5.0},{"not_picked":["Rage","Limit Break"],"picked":"Feed","floor":6.0},{"not_picked":["Seeing Red","Clash"],"picked":"Headbutt","floor":10.0},{"not_picked":["Perfected Strike","Rampage"],"picked":"Entrench","floor":11.0},{"not_picked":["Hemokinesis","Anger"],"picked":"Double Tap","floor":12.0},{"not_picked":["Reckless Charge","Fire Breathing"],"picked":"Inflame","floor":13.0},{"not_picked":["Double Tap","Brutality"],"picked":"Offering","floor":16.0},{"not_picked":["Evolve","Pummel"],"picked":"Pommel Strike","floor":18.0},{"not_picked":["Wild Strike","Battle Trance"],"picked":"Corruption","floor":20.0},{"not_picked":["Thunderclap","Carnage"],"picked":"Shrug It Off","floor":23},{"not_picked":["Wild Strike","Combust"],"picked":"Body Slam","floor":24},{"not_picked":["Headbutt","Bludgeon","Body Slam"],"picked":"SKIP","floor":28},{"not_picked":["Headbutt","Body Slam"],"picked":"Bludgeon","floor":28},{"not_picked":["Searing Blow","Cleave"],"picked":"Ghostly Armor","floor":29},{"not_picked":["Perfected Strike+1","Sword Boomerang","Clash"],"picked":"SKIP","floor":30},{"not_picked":["Feed","Offering"],"picked":"Impervious","floor":33},{"not_picked":["Thunderclap","Clash","Headbutt"],"picked":"SKIP","floor":35},{"not_picked":["Iron Wave+1","Clash","Carnage"],"picked":"SKIP","floor":36},{"not_picked":["Armaments","Cleave"],"picked":"Shrug It Off","floor":39},{"not_picked":["Warcry+1","Cleave"],"picked":"Disarm","floor":46},{"not_picked":["Thunderclap+1","Anger+1","Perfected Strike+1"],"picked":"SKIP","floor":47}],"player_experience":745321,"relics_obtained":[{"floor":3.0,"key":"Happy Flower"},{"floor":6.0,"key":"Oddly Smooth Stone"},{"floor":9.0,"key":"Orichalcum"},{"floor":10.0,"key":"Vajra"},{"floor":12.0,"key":"Whetstone"},{"floor":21.0,"key":"Necronomicon"},{"floor":23,"key":"Darkstone Periapt"},{"floor":26,"key":"Letter Opener"},{"floor":28,"key":"Frozen Egg 2"},{"floor":29,"key":"Red Mask"},{"floor":41,"key":"Thread and Needle"},{"floor":46,"key":"Molten Egg 2"}],"event_choices":[{"damage_healed":0.0,"max_hp_gain":5.0,"max_hp_loss":0.0,"gold_gain":0.0,"event_name":"Big Fish","player_choice":"Donut","floor":2.0,"gold_loss":0.0,"damage_taken":0.0},{"cards_removed":["Strike_R"],"damage_healed":0.0,"max_hp_gain":0.0,"max_hp_loss":0.0,"gold_gain":0.0,"event_name":"Golden Wing","player_choice":"Card Removal","floor":8.0,"gold_loss":0.0,"damage_taken":7.0},{"damage_healed":18.0,"max_hp_gain":0.0,"max_hp_loss":0.0,"gold_gain":0.0,"event_name":"The Library","player_choice":"Heal","floor":19.0,"gold_loss":0.0,"damage_taken":0.0},{"damage_healed":0.0,"max_hp_gain":0.0,"max_hp_loss":0.0,"gold_gain":0.0,"event_name":"Cursed Tome","player_choice":"Obtained Book","floor":21.0,"gold_loss":0.0,"damage_taken":21.0},{"damage_healed":0.0,"max_hp_gain":0.0,"max_hp_loss":0.0,"gold_gain":0.0,"event_name":"Vampires","player_choice":"Ignored","floor":22.0,"gold_loss":0.0,"damage_taken":0.0},{"damage_healed":0,"gold_gain":0,"player_choice":"Fought Bandits","damage_taken":0,"max_hp_gain":0,"max_hp_loss":0,"event_name":"Masked Bandits","floor":29,"gold_loss":0},{"damage_healed":0,"gold_gain":0,"player_choice":"Max HP","damage_taken":0,"max_hp_gain":0,"max_hp_loss":6,"event_name":"Winding Halls","floor":37,"gold_loss":0},{"cards_removed":["Headbutt"],"damage_healed":0,"gold_gain":0,"player_choice":"Removed Attack","damage_taken":0,"max_hp_gain":0,"max_hp_loss":0,"event_name":"Falling","floor":38,"gold_loss":0},{"damage_healed":0,"gold_gain":0,"player_choice":"Fight","damage_taken":0,"max_hp_gain":0,"max_hp_loss":0,"event_name":"Mysterious Sphere","floor":41,"gold_loss":0},{"damage_healed":0,"gold_gain":0,"player_choice":"Memory 1","damage_taken":0,"max_hp_gain":0,"max_hp_loss":0,"event_name":"SensoryStone","floor":45,"gold_loss":0}],"is_beta":false,"boss_relics":[{"not_picked":["Orrery","Calling Bell"],"picked":"Sozu"},{"not_picked":["Lizard Tail","Coffee Dripper"],"picked":"Velvet Choker"}],"items_purged_floors":[14,44],"is_endless":false,"potions_floor_spawned":[1,6,11,13,16,18,20,23,28,35,36,46],"killed_by":"Awakened One","ascension_level":20}