{"gold_per_floor":[111,123,133,144,158,158,203,221,248,260,272,284,296,323,335,449,461,493,517,55,155,167,167,167],"floor_reached":24,"playtime":1086,"items_purged":[],"score":228,"play_id":"07804aa9-e634-4b0d-aebc-ef70297defb1","local_time":"20190415203427","is_ascension_mode":true,"campfire_choices":[{"floor":6,"key":"REST"},{"floor":10,"key":"REST"},{"floor":13,"key":"REST"},{"data":"Loop","floor":15,"key":"SMITH"},{"floor":23,"key":"REST"}],"neow_cost":"NONE","seed_source_timestamp":28761523497300,"circlet_count":0,"master_deck":["Strike_B","Strike_B","Strike_B","Strike_B","Defend_B","Defend_B","Defend_B","Defend_B","Zap","Dualcast","Go for the Eyes","Loop+1","White Noise","Rebound","Defragment","Meteor Strike","Parasite","Storm","Echo Form","Skim+1","Storm","Transmutation","Chill","Self Repair","Rip and Tear"],"relics":["Nuclear Battery","Vajra","MawBank","Eternal Feather","Strange Spoon"],"potions_floor_usage":[8,14,16,19,22],"damage_taken":[{"damage":6,"enemies":"Cultist","floor":1,"turns":4},{"damage":0,"enemies":"2 Louse","floor":2,"turns":3},{"damage":10,"enemies":"Jaw Worm","floor":3,"turns":4},{"damage":12,"enemies":"Exordium Thugs","floor":4,"turns":6},{"damage":12,"enemies":"Looter","floor":5,"turns":4},{"damage":42,"enemies":"Gremlin Gang","floor":8,"turns":4},{"damage":7,"enemies":"Exordium Wildlife","floor":14,"turns":2},{"damage":51,"enemies":"Slime Boss","floor":16,"turns":9},{"damage":34,"enemies":"2 Thieves","floor":18,"turns":4},{"damage":33,"enemies":"Spheric Guardian","floor":19,"turns":4},{"damage":2,"enemies":"Snecko","floor":22,"turns":4},{"damage":44,"enemies":"Gremlin Leader","floor":24,"turns":2}],"seed_played":"7672324653844108127","potions_obtained":[{"floor":3,"key":"Ancient Potion"},{"floor":5,"key":"FearPotion"},{"floor":8,"key":"AttackPotion"},{"floor":18,"key":"LiquidBronze"},{"floor":19,"key":"Block Potion"}],"is_trial":false,"path_per_floor":["M","M","M","M","M","R","T","M","T","R","?","$","R","M","R","B",null,"M","M","$","?","M","R","E"],"character_chosen":"DEFECT","items_purchased":["Transmutation","Chill","Self Repair","Strange Spoon"],"campfire_rested":4,"item_purchase_floors":[20,20,20,20],"current_hp_per_floor":[69,69,59,47,35,57,57,15,15,37,55,55,75,68,68,17,75,41,8,8,8,6,43,0],"gold":167,"neow_bonus":"BOSS_RELIC","is_prod":false,"is_daily":false,"chose_seed":false,"campfire_upgraded":1,"win_rate":0,"timestamp":1555374867,"path_taken":["M","M","M","?","M","R","?","?","T","R","?","$","R","M","R","BOSS","M","M","$","?","M","R","E"],"build_version":"2019-04-04","purchased_purges":0,"victory":false,"max_hp_per_floor":[75,75,75,75,75,75,75,75,75,75,75,75,75,75,75,75,75,75,75,75,75,75,75,75],"card_choices":[{"not_picked":["Sweeping Beam","Leap"],"picked":"Go for the Eyes","floor":1},{"not_picked":["Rebound","Stack"],"picked":"Loop","floor":2},{"not_picked":["Rebound","Gash"],"picked":"White Noise","floor":3},{"not_picked":["Hologram","Beam Cell"],"picked":"Rebound","floor":4},{"not_picked":["Ball Lightning","Rebound"],"picked":"Defragment","floor":5},{"not_picked":["Redo","Skim"],"picked":"Meteor Strike","floor":8},{"not_picked":["Ball Lightning","Recycle"],"picked":"Storm","floor":14},{"not_picked":["Multi-Cast","All For One"],"picked":"Echo Form","floor":16},{"not_picked":["Force Field","Rebound"],"picked":"Skim+1","floor":18},{"not_picked":["Redo","Blizzard+1"],"picked":"Storm","floor":19},{"not_picked":["Gash","Compile Driver+1"],"picked":"Rip and Tear","floor":22}],"player_experience":801821,"relics_obtained":[{"floor":7,"key":"Vajra"},{"floor":9,"key":"MawBank"}],"event_choices":[{"damage_healed":18,"gold_gain":0,"player_choice":"Healed and dodged fight","damage_taken":0,"max_hp_gain":0,"max_hp_loss":0,"event_name":"Mushrooms","floor":11,"gold_loss":0,"cards_obtained":["Parasite"]},{"damage_healed":0,"gold_gain":100,"player_choice":"Pray","damage_taken":0,"max_hp_gain":0,"max_hp_loss":0,"event_name":"Golden Shrine","floor":21,"gold_loss":0}],"is_beta":true,"boss_relics":[{"not_picked":["Cursed Key","Calling Bell"],"picked":"Eternal Feather"}],"items_purged_floors":[],"is_endless":false,"potions_floor_spawned":[3,5,8,18,19],"killed_by":"Gremlin Leader","ascension_level":4}