{"gold_per_floor":[111,130,205,286,296,296,322,322,347,362,362,27,27,60,60,134,134,146,146,146,146,165,193,193],"floor_reached":24,"playtime":998,"items_purged":["Strike_G"],"score":544,"play_id":"cb4b67a9-7022-4139-9841-effc1ff46a29","local_time":"20190527211817","is_ascension_mode":true,"campfire_choices":[{"data":"Neutralize","floor":6.0,"key":"SMITH"},{"floor":13.0,"key":"REST"},{"data":"After Image","floor":15.0,"key":"SMITH"}],"neow_cost":"NONE","seed_source_timestamp":1102626544280754,"circlet_count":0,"master_deck":["AscendersBane","Defend_G+1","Defend_G","Defend_G+1","Defend_G","Defend_G","Strike_G","Strike_G","Strike_G","Strike_G","Survivor","Neutralize+1","Night Terror","Flying Knee","Flying Knee","Leg Sweep","Endless Agony","Neutralize","Dagger Spray","Footwork","After Image+1","After Image","Cloak And Dagger","RitualDagger","Noxious Fumes"],"special_seed":0,"relics":["Ring of the Snake","Bottled Flame","Pen Nib","Oddly Smooth Stone","Strawberry","War Paint","Cursed Key","Smiling Mask"],"potions_floor_usage":[23],"damage_taken":[{"damage":9.0,"enemies":"Jaw Worm","floor":1.0,"turns":7.0},{"damage":0.0,"enemies":"2 Louse","floor":2.0,"turns":3.0},{"damage":0.0,"enemies":"Cultist","floor":5.0,"turns":3.0},{"damage":30.0,"enemies":"Gremlin Nob","floor":7.0,"turns":6.0},{"damage":0.0,"enemies":"2 Fungi Beasts","floor":10.0,"turns":4.0},{"damage":24.0,"enemies":"Lagavulin","floor":14.0,"turns":8.0},{"damage":0.0,"enemies":"The Guardian","floor":16.0,"turns":21.0},{"damage":3,"enemies":"Shell Parasite","floor":18,"turns":9},{"damage":0,"enemies":"Chosen","floor":22,"turns":13},{"damage":37,"enemies":"Gremlin Leader","floor":23,"turns":12}],"seed_played":"-6602895623675295317","potions_obtained":[{"floor":1.0,"key":"SpeedPotion"},{"floor":5.0,"key":"Weak Potion"},{"floor":7.0,"key":"Energy Potion"},{"floor":14.0,"key":"SkillPotion"}],"is_trial":false,"path_per_floor":["M","M","?","T","M","R","E","?","T","M","?","$","R","E","R","B",null,"M","$","?","?","M","E","$"],"character_chosen":"THE_SILENT","items_purchased":["Footwork","Strawberry"],"campfire_rested":1,"item_purchase_floors":[12,12],"current_hp_per_floor":[50,50,39,39,39,39,9,9,9,9,9,16,37,13,13,13,58,55,55,49,49,49,12,12],"gold":193,"neow_bonus":"ONE_RANDOM_RARE_CARD","is_prod":false,"is_daily":false,"chose_seed":false,"campfire_upgraded":2,"win_rate":0,"timestamp":1559017097,"path_taken":["M","M","?","?","M","R","E","?","T","?","?","?","R","E","R","BOSS","M","$","?","?","M","E","?"],"build_version":"2019-01-23","purchased_purges":1,"victory":false,"max_hp_per_floor":[66,66,66,66,66,66,66,66,66,66,66,73,73,73,73,73,73,73,73,73,73,73,73,73],"card_choices":[{"not_picked":["PiercingWail","Dagger Throw"],"picked":"Flying Knee","floor":1.0},{"not_picked":["Choke","Acrobatics"],"picked":"Flying Knee","floor":2.0},{"not_picked":["Expertise","Flechettes"],"picked":"Leg Sweep","floor":5.0},{"not_picked":["Reflex","Escape Plan"],"picked":"Endless Agony","floor":7.0},{"not_picked":["Backflip","Blade Dance"],"picked":"Dagger Spray","floor":10.0},{"not_picked":["Prepared","Dagger Throw"],"picked":"After Image","floor":14.0},{"not_picked":["Adrenaline","Doppelganger"],"picked":"After Image","floor":16.0},{"not_picked":["Dagger Throw+1","Prepared"],"picked":"Cloak And Dagger","floor":18},{"not_picked":["Quick Slash","Finisher"],"picked":"Noxious Fumes","floor":22},{"not_picked":["Burst","Flying Knee","Expertise"],"picked":"SKIP","floor":23}],"player_experience":742003,"relics_obtained":[{"floor":4.0,"key":"Bottled Flame"},{"floor":7.0,"key":"Pen Nib"},{"floor":9.0,"key":"Oddly Smooth Stone"},{"floor":14.0,"key":"War Paint"},{"floor":23,"key":"Smiling Mask"}],"event_choices":[{"damage_healed":0.0,"max_hp_gain":0.0,"max_hp_loss":0.0,"gold_gain":75.0,"event_name":"World of Goop","player_choice":"Gather Gold","floor":3.0,"gold_loss":0.0,"damage_taken":11.0},{"damage_healed":0.0,"max_hp_gain":0.0,"max_hp_loss":0.0,"gold_gain":0.0,"event_name":"Match and Keep!","player_choice":"1 cards matched","floor":8.0,"gold_loss":0.0,"damage_taken":0.0,"cards_obtained":["Neutralize"]},{"damage_healed":0.0,"max_hp_gain":0.0,"max_hp_loss":0.0,"gold_gain":0.0,"event_name":"Shining Light","player_choice":"Ignored","floor":11.0,"gold_loss":0.0,"damage_taken":0.0},{"damage_healed":0,"gold_gain":0,"player_choice":"Joined the Cult","damage_taken":6,"max_hp_gain":0,"max_hp_loss":0,"event_name":"Nest","floor":20,"gold_loss":0,"cards_obtained":["RitualDagger"]},{"damage_healed":0,"gold_gain":0,"player_choice":"Ignored","damage_taken":0,"max_hp_gain":0,"max_hp_loss":0,"event_name":"Vampires","floor":21,"gold_loss":0}],"is_beta":false,"boss_relics":[{"not_picked":["Runic Pyramid","Pandora\u0027s Box"],"picked":"Cursed Key"}],"items_purged_floors":[12],"is_endless":false,"potions_floor_spawned":[1,5,7,14],"ascension_level":20}