{"gold_per_floor":[117,134,150,150,5,37,57,57,57,92,267,300,370,399,399,503,503,523,448,65,7,19,19,29,40,40,75,75,93,108,122,122,223,223,239,251,268,268,268,268,286,286,286,286,286],"floor_reached":45,"playtime":1640,"items_purged":[],"score":638,"play_id":"0549902f-eb98-4799-bef6-9f5954a82f48","local_time":"20190612032805","is_ascension_mode":true,"campfire_choices":[{"floor":8,"key":"REST"},{"floor":15,"key":"REST"},{"floor":23,"key":"REST"},{"floor":32,"key":"REST"},{"floor":40,"key":"REST"},{"floor":42,"key":"REST"},{"data":"Thunder Strike","floor":44,"key":"SMITH"}],"neow_cost":"NONE","seed_source_timestamp":25878278488100,"circlet_count":0,"master_deck":["Strike_B","Strike_B","Strike_B","Strike_B","Defend_B","Defend_B","Defend_B+1","Zap","Dualcast+1","Gash","Beam Cell","Streamline","Sunder","Rebound","Rip and Tear","Thunder Strike+1","Leap","Seek+1","Gash","Apotheosis","Streamline","Gash","Beam Cell+1","Leap+1","Go for the Eyes","Beam Cell+1","Melter","Core Surge","Darkness+1","Loop+1","Gash+1","Self Repair+1"],"relics":["Cracked Core","NeowsBlessing","Cables","Omamori","Orichalcum","Symbiotic Virus","Meat on the Bone","Kunai","Emotion Chip","Runic Pyramid","OrangePellets","Regal Pillow","Frozen Egg 2","War Paint","White Beast Statue","Pantograph"],"potions_floor_usage":[6,6,12,14,18,24,25,25,25,27,29,29,30,36,37,41,45],"damage_taken":[{"damage":0,"enemies":"Small Slimes","floor":1,"turns":1},{"damage":0,"enemies":"Jaw Worm","floor":2,"turns":1},{"damage":0,"enemies":"2 Louse","floor":3,"turns":1},{"damage":33,"enemies":"Lagavulin","floor":6,"turns":4},{"damage":3,"enemies":"2 Fungi Beasts","floor":7,"turns":2},{"damage":12,"enemies":"3 Sentries","floor":10,"turns":5},{"damage":28,"enemies":"Lagavulin","floor":12,"turns":5},{"damage":14,"enemies":"3 Sentries","floor":14,"turns":4},{"damage":31,"enemies":"Hexaghost","floor":16,"turns":8},{"damage":16,"enemies":"2 Thieves","floor":18,"turns":2},{"damage":8,"enemies":"3 Byrds","floor":22,"turns":4},{"damage":18,"enemies":"Snake Plant","floor":24,"turns":3},{"damage":2,"enemies":"Chosen and Byrds","floor":25,"turns":5},{"damage":5,"enemies":"Gremlin Leader","floor":27,"turns":6},{"damage":0,"enemies":"Snecko","floor":29,"turns":4},{"damage":18,"enemies":"Snake Plant","floor":30,"turns":3},{"damage":0,"enemies":"Centurion and Healer","floor":31,"turns":3},{"damage":47,"enemies":"Champ","floor":33,"turns":7},{"damage":10,"enemies":"Orb Walker","floor":35,"turns":3},{"damage":4,"enemies":"3 Shapes","floor":36,"turns":3},{"damage":37,"enemies":"Sphere and 2 Shapes","floor":37,"turns":5},{"damage":24,"enemies":"Spire Growth","floor":41,"turns":3},{"damage":90,"enemies":"Giant Head","floor":45,"turns":7}],"seed_played":"-1143781354573236185","potions_obtained":[{"floor":2,"key":"Dexterity Potion"},{"floor":3,"key":"FocusPotion"},{"floor":10,"key":"Regen Potion"},{"floor":12,"key":"Fire Potion"},{"floor":16,"key":"GamblersBrew"},{"floor":22,"key":"EntropicBrew"},{"floor":25,"key":"Poison Potion"},{"floor":28,"key":"Block Potion"},{"floor":28,"key":"Poison Potion"},{"floor":28,"key":"LiquidBronze"},{"floor":35,"key":"EssenceOfSteel"},{"floor":36,"key":"FocusPotion"},{"floor":37,"key":"FocusPotion"},{"floor":41,"key":"PowerPotion"}],"is_trial":false,"path_per_floor":["M","M","M","?","$","E","M","R","T","E","?","E","T","E","R","B",null,"M","?","$","?","M","R","M","M","T","E","?","M","M","M","R","B",null,"M","M","M","?","?","R","M","R","T","R","E"],"character_chosen":"DEFECT","items_purchased":["Omamori","Apotheosis","OrangePellets"],"campfire_rested":6,"item_purchase_floors":[5,20,20],"current_hp_per_floor":[75,75,75,68,68,35,32,54,54,42,42,28,28,26,48,29,64,48,48,48,48,40,75,57,55,55,50,50,50,44,44,75,40,66,56,52,27,27,27,64,40,75,75,75,0],"gold":286,"neow_bonus":"THREE_ENEMY_KILL","is_prod":false,"is_daily":false,"chose_seed":false,"campfire_upgraded":1,"win_rate":0,"timestamp":1560324485,"path_taken":["M","M","M","?","$","E","M","R","T","E","?","E","?","E","R","BOSS","M","?","$","?","M","R","M","?","T","E","?","M","M","M","R","BOSS","M","?","?","?","?","R","?","R","T","R","E"],"build_version":"2019-06-10","purchased_purges":0,"victory":false,"max_hp_per_floor":[75,75,75,75,75,75,75,75,75,75,75,75,75,75,75,75,75,75,75,75,75,75,75,75,75,75,75,75,75,75,75,75,75,75,75,75,75,75,75,75,75,75,75,75,75],"card_choices":[{"not_picked":["Beam Cell","Stack"],"picked":"Gash","floor":1},{"not_picked":["Steam","Go for the Eyes"],"picked":"Beam Cell","floor":2},{"not_picked":["Heatsinks","Coolheaded"],"picked":"Streamline","floor":3},{"not_picked":["Barrage","Lockon"],"picked":"Sunder","floor":6},{"not_picked":["Cold Snap","Redo"],"picked":"Rebound","floor":7},{"not_picked":["Turbo","Steam"],"picked":"Rip and Tear","floor":10},{"not_picked":["Self Repair","Storm"],"picked":"Thunder Strike","floor":12},{"not_picked":["Hologram","Rebound"],"picked":"Leap","floor":14},{"not_picked":["Fission","All For One"],"picked":"Seek","floor":16},{"not_picked":["Steam Power","Sunder+1"],"picked":"Gash","floor":18},{"not_picked":["Coolheaded","Rebound"],"picked":"Streamline","floor":22},{"not_picked":["Ball Lightning+1","Force Field"],"picked":"Gash","floor":24},{"not_picked":["Skim","Compile Driver"],"picked":"Beam Cell+1","floor":25},{"not_picked":["Redo","Reinforced Body"],"picked":"Leap+1","floor":27},{"not_picked":["Streamline","Cold Snap+1"],"picked":"Go for the Eyes","floor":29},{"not_picked":["Rainbow","FTL"],"picked":"Beam Cell+1","floor":30},{"not_picked":["Force Field","Reprogram+1"],"picked":"Melter","floor":31},{"not_picked":["Reboot","Thunder Strike"],"picked":"Core Surge","floor":33},{"not_picked":["Conserve Battery+1","Loop+1"],"picked":"Darkness+1","floor":35},{"not_picked":["Ball Lightning","Glacier"],"picked":"Loop+1","floor":36},{"not_picked":["Leap+1","White Noise+1"],"picked":"Gash+1","floor":37},{"not_picked":["Steam+1","Go for the Eyes+1"],"picked":"Self Repair+1","floor":41}],"player_experience":1034709,"relics_obtained":[{"floor":6,"key":"Orichalcum"},{"floor":10,"key":"Symbiotic Virus"},{"floor":12,"key":"Meat on the Bone"},{"floor":13,"key":"Kunai"},{"floor":14,"key":"Emotion Chip"},{"floor":26,"key":"Frozen Egg 2"},{"floor":27,"key":"War Paint"},{"floor":43,"key":"Pantograph"}],"event_choices":[{"damage_healed":0,"gold_gain":0,"player_choice":"Success","damage_taken":7,"relics_obtained":["Cables"],"max_hp_gain":0,"max_hp_loss":0,"event_name":"Scrap Ooze","floor":4,"gold_loss":0},{"damage_healed":0,"gold_gain":175,"player_choice":"AGREE","damage_taken":0,"max_hp_gain":0,"max_hp_loss":0,"event_name":"Liars Game","floor":11,"gold_loss":0,"cards_obtained":["Doubt"]},{"cards_removed":["Defend_B"],"damage_healed":0,"gold_gain":0,"player_choice":"Gave Gold","damage_taken":0,"max_hp_gain":0,"max_hp_loss":0,"event_name":"Beggar","floor":19,"gold_loss":75},{"damage_healed":0,"gold_gain":0,"player_choice":"Paid Gold","damage_taken":0,"relics_obtained":["Regal Pillow"],"max_hp_gain":0,"max_hp_loss":0,"event_name":"WeMeetAgain","floor":21,"gold_loss":58},{"damage_healed":0,"gold_gain":0,"player_choice":"Got Potions","damage_taken":0,"max_hp_gain":0,"max_hp_loss":0,"event_name":"Lab","floor":28,"gold_loss":0},{"damage_healed":0,"gold_gain":0,"player_choice":"Ignored","damage_taken":0,"max_hp_gain":0,"max_hp_loss":0,"event_name":"Tomb of Lord Red Mask","floor":38,"gold_loss":0},{"damage_healed":0,"gold_gain":0,"player_choice":"Forge","damage_taken":0,"max_hp_gain":0,"max_hp_loss":0,"event_name":"Accursed Blacksmith","floor":39,"gold_loss":0,"cards_upgraded":["Seek"]}],"is_beta":true,"boss_relics":[{"not_picked":["Eternal Feather","Runic Dome"],"picked":"Runic Pyramid"},{"not_picked":["Nuclear Battery","Empty Cage"],"picked":"White Beast Statue"}],"items_purged_floors":[],"is_endless":false,"potions_floor_spawned":[2,3,10,12,16,22,24,25,35,36,37,41],"killed_by":"Giant Head","ascension_level":5}