{"gold_per_floor":[17,33,45,65,15,15,44,54,80,80,98,98,98,124,124,124],"floor_reached":16,"playtime":636,"items_purged":[],"score":140,"play_id":"5e17035c-0a32-47b9-aa46-e8af857d0a1d","local_time":"20190519134434","is_ascension_mode":true,"campfire_choices":[{"data":"Reaper","floor":6,"key":"SMITH"},{"floor":10,"key":"REST"},{"floor":15,"key":"REST"}],"neow_cost":"NO_GOLD","seed_source_timestamp":199293211929200,"circlet_count":0,"master_deck":["Strike_R","Strike_R","Strike_R","Defend_R","Defend_R","Defend_R","Bash","Clash","Flex","Reaper+1","Body Slam","Limit Break","Twin Strike","Clash"],"relics":["Burning Blood","Pocketwatch","PreservedInsect","Potion Belt","Regal Pillow","Mummified Hand"],"potions_floor_usage":[11,14],"damage_taken":[{"damage":0,"enemies":"2 Louse","floor":1,"turns":3},{"damage":0,"enemies":"Cultist","floor":2,"turns":3},{"damage":12,"enemies":"Jaw Worm","floor":3,"turns":3},{"damage":12,"enemies":"Exordium Wildlife","floor":4,"turns":3},{"damage":40,"enemies":"3 Sentries","floor":7,"turns":10},{"damage":13,"enemies":"Blue Slaver","floor":8,"turns":3},{"damage":48,"enemies":"Gremlin Gang","floor":11,"turns":6},{"damage":36,"enemies":"Gremlin Nob","floor":14,"turns":4},{"damage":65,"enemies":"Hexaghost","floor":16,"turns":8}],"seed_played":"-9001956290263237086","potions_obtained":[{"floor":7,"key":"FairyPotion"},{"floor":8,"key":"SpeedPotion"},{"floor":11,"key":"LiquidBronze"}],"is_trial":false,"path_per_floor":["M","M","M","M","?","R","E","M","T","R","M","?","?","E","R","B"],"character_chosen":"IRONCLAD","items_purchased":[],"campfire_rested":2,"item_purchase_floors":[],"current_hp_per_floor":[80,80,74,68,68,68,46,41,41,65,38,35,35,14,53,0],"gold":124,"neow_bonus":"REMOVE_TWO","is_prod":false,"is_daily":false,"chose_seed":false,"campfire_upgraded":1,"win_rate":0,"timestamp":1558287874,"path_taken":["M","M","M","M","?","R","E","M","T","R","M","?","?","E","R","BOSS"],"build_version":"2019-05-07","purchased_purges":0,"victory":false,"max_hp_per_floor":[80,80,80,80,80,80,80,80,80,80,80,80,80,80,80,80],"card_choices":[{"not_picked":["Armaments","Sword Boomerang"],"picked":"Clash","floor":1},{"not_picked":["Corruption","True Grit"],"picked":"Flex","floor":2},{"not_picked":["Anger","Cleave"],"picked":"Reaper","floor":3},{"not_picked":["Carnage","Sword Boomerang"],"picked":"Body Slam","floor":4},{"not_picked":["Anger","Heavy Blade"],"picked":"Headbutt","floor":7},{"not_picked":["Perfected Strike","Entrench"],"picked":"Limit Break","floor":8},{"not_picked":["Armaments","Shockwave"],"picked":"Twin Strike","floor":11},{"not_picked":["Perfected Strike","Burning Pact"],"picked":"Clash","floor":14}],"player_experience":888920,"relics_obtained":[{"floor":7,"key":"Pocketwatch"},{"floor":9,"key":"PreservedInsect"},{"floor":14,"key":"Mummified Hand"}],"event_choices":[{"cards_removed":["Strike_R"],"damage_healed":0,"gold_gain":0,"player_choice":"Card Removal","damage_taken":0,"max_hp_gain":0,"max_hp_loss":0,"event_name":"The Cleric","floor":5,"gold_loss":50},{"damage_healed":0,"gold_gain":0,"player_choice":"Success","damage_taken":3,"relics_obtained":["Potion Belt"],"max_hp_gain":0,"max_hp_loss":0,"event_name":"Scrap Ooze","floor":12,"gold_loss":0},{"cards_removed":["Headbutt"],"damage_healed":0,"gold_gain":0,"player_choice":"Gave Card","damage_taken":0,"relics_obtained":["Regal Pillow"],"max_hp_gain":0,"max_hp_loss":0,"event_name":"WeMeetAgain","floor":13,"gold_loss":0}],"is_beta":true,"boss_relics":[],"items_purged_floors":[],"is_endless":false,"potions_floor_spawned":[7,8,11],"killed_by":"Hexaghost","ascension_level":5}