{"path_per_floor":["M","M","M","?","M","R","M","E","T","R","$","M","$","M","R","B",null,"M","?","$","?","M","R"],"character_chosen":"IRONCLAD","items_purchased":["Dark Shackles","Sword Boomerang","Spot Weakness","Bandage Up","Ghostly Armor"],"gold_per_floor":[119,129,144,144,160,160,175,205,205,205,58,78,44,61,61,159,159,170,170,27,27,45,45],"floor_reached":24,"campfire_rested":3,"playtime":1095,"current_hp_per_floor":[80,80,80,64,46,70,74,32,32,56,56,51,51,55,79,46,80,64,64,64,64,35,35],"items_purged":[],"gold":45,"score":208,"play_id":"5e29c841-9a7e-4318-9eeb-c4237933b388","local_time":"20180319220325","is_prod":false,"is_daily":false,"is_ascension_mode":true,"campfire_upgraded":1,"timestamp":1521511405,"path_taken":["M","M","M","?","M","R","M","E","T","R","?","M","$","?","R","BOSS","M","?","$","?","M","R","E"],"build_version":"2018-03-15v3","purchased_purges":0,"victory":false,"master_deck":["Strike_R+1","Strike_R","Strike_R","Strike_R","Strike_R","Defend_R+1","Defend_R","Defend_R","Defend_R","Bash","Evolve","Flame Barrier","Barricade+1","Inflame","Thunderclap","Whirlwind","Pommel Strike","Dark Shackles","Sword Boomerang","Sword Boomerang","Spot Weakness","Bloodletting","Impervious","Flex","Impervious","Armaments","Shockwave","Armaments","Seeing Red","Bandage Up","Ghostly Armor","Writhe","Entrench+1"],"max_hp_per_floor":[80,80,80,80,80,80,80,80,80,80,80,80,80,80,80,80,80,80,80,80,80,80,80],"relics":["Burning Blood","Prayer Wheel","Mummified Hand","Orrery","Calipers"],"card_choices":[{"not_picked":["Warcry","Havoc"],"picked":"Evolve"},{"not_picked":["Thunderclap","Fire Breathing"],"picked":"Flame Barrier"},{"not_picked":["Twin Strike","Pommel Strike"],"picked":"Barricade"},{"not_picked":["Blood for Blood","Corruption"],"picked":"Inflame"},{"not_picked":["Battle Trance","Uppercut"],"picked":"Thunderclap"},{"not_picked":["Anger","Pommel Strike"],"picked":"Whirlwind"},{"not_picked":["Wild Strike","True Grit"],"picked":"Pommel Strike"},{"not_picked":["Twin Strike","Body Slam"],"picked":"Sword Boomerang"},{"not_picked":["Clothesline","Blood for Blood"],"picked":"Bloodletting"},{"not_picked":["Berserk","Double Tap"],"picked":"Impervious"},{"not_picked":["Power Through","Wild Strike"],"picked":"Flex"},{"not_picked":["Second Wind","Clash"],"picked":"Impervious"},{"not_picked":["Battle Trance","Twin Strike"],"picked":"Armaments"},{"not_picked":["Iron Wave","Pommel Strike"],"picked":"Shockwave"},{"not_picked":["Body Slam","Iron Wave"],"picked":"Armaments"},{"not_picked":["Burning Pact","Clothesline"],"picked":"Seeing Red"},{"not_picked":["Cleave","Fire Breathing"],"picked":"Entrench"}],"player_experience":473106,"potions_floor_usage":[8,16,16,16],"damage_taken":[{"damage":5,"enemies":"Small Slimes","floor":1,"turns":3},{"damage":6,"enemies":"Jaw Worm","floor":2,"turns":3},{"damage":5,"enemies":"Cultist","floor":3,"turns":4},{"damage":24,"enemies":"Lots of Slimes","floor":5,"turns":6},{"damage":2,"enemies":"Looter","floor":7,"turns":3},{"damage":48,"enemies":"Lagavulin","floor":8,"turns":8},{"damage":11,"enemies":"Red Slaver","floor":12,"turns":4},{"damage":2,"enemies":"Large Slime","floor":14,"turns":4},{"damage":54,"enemies":"Slime Boss","floor":16,"turns":10},{"damage":22,"enemies":"2 Thieves","floor":18,"turns":5},{"damage":39,"enemies":"3 Byrds","floor":22,"turns":6},{"damage":41,"enemies":"Slavers","floor":24,"turns":3}],"event_choices":[{"event_name":"Shining Light","player_choice":"Entered Light","floor":4,"damage_taken":0},{"event_name":"Upgrade Shrine","player_choice":"Upgraded","floor":19,"damage_taken":0},{"event_name":"The Mausoleum","player_choice":"Yes","floor":21,"damage_taken":0}],"boss_relics":[{"not_picked":["Velvet Choker","Runic Dome"],"picked":"Orrery"}],"potions_floor_spawned":[5,7,12,14],"seed_played":"-5716124744199049541","killed_by":"Slavers","ascension_level":1,"is_trial":false}