{"gold_per_floor":[119,132,132,36,48,76,76,111,111,142,142,162,162,162,162,267,267,284,303,317,317,337,262,262,275,275,275,310,310,335,347,347,452,452,468,468,468,487,498,523,523,533,615,641,141,141,141,159,159,159],"floor_reached":50,"playtime":8861,"items_purged":["Defend_B"],"score":777,"play_id":"bf252f2d-510b-46dd-862c-66301ea8f535","local_time":"20190627212500","is_ascension_mode":true,"campfire_choices":[{"floor":7,"key":"REST"},{"floor":15,"key":"REST"},{"floor":24,"key":"REST"},{"floor":29,"key":"REST"},{"data":"Seek","floor":32,"key":"SMITH"},{"data":"Beam Cell","floor":41,"key":"SMITH"},{"data":"Defragment","floor":46,"key":"SMITH"},{"floor":49,"key":"REST"}],"neow_cost":"NONE","seed_source_timestamp":6288826136412625,"circlet_count":0,"master_deck":["Strike_B+1","Defend_B+1","Defend_B+1","Defend_B+1","Zap+1","Dualcast+1","Sunder+1","Madness+1","Cold Snap+1","Beam Cell+1","Sunder+1","Go for the Eyes+1","Skim+1","Seek+1","Cold Snap+1","FTL+1","Undo+1","Go for the Eyes+1","Hologram+1","Chill+1","Steam+1","Recycle+1","Reboot+1","Hologram+1","Skim+1","Go for the Eyes+1","Darkness+1","Compile Driver+1","Defragment+1","Impatience+1"],"relics":["Cracked Core","Centennial Puzzle","Cables","Sundial","Lantern","Mango","Sozu","Molten Egg 2","Ornamental Fan","Strawberry","Nuclear Battery","DataDisk","Mummified Hand","Pear","Letter Opener","Mark of the Bloom"],"potions_floor_usage":[40,50],"damage_taken":[{"damage":7,"enemies":"Small Slimes","floor":1,"turns":3},{"damage":4,"enemies":"Jaw Worm","floor":2,"turns":3},{"damage":6,"enemies":"Cultist","floor":5,"turns":4},{"damage":27,"enemies":"Lagavulin","floor":6,"turns":8},{"damage":3,"enemies":"3 Sentries","floor":8,"turns":5},{"damage":8,"enemies":"Gremlin Nob","floor":10,"turns":3},{"damage":0,"enemies":"3 Louse","floor":12,"turns":2},{"damage":0,"enemies":"Slime Boss","floor":16,"turns":6},{"damage":4,"enemies":"2 Thieves","floor":18,"turns":3},{"damage":6,"enemies":"Chosen","floor":19,"turns":4},{"damage":19,"enemies":"Snecko","floor":20,"turns":6},{"damage":24,"enemies":"Snake Plant","floor":22,"turns":3},{"damage":11,"enemies":"Shelled Parasite and Fungi","floor":25,"turns":5},{"damage":30,"enemies":"Gremlin Leader","floor":28,"turns":7},{"damage":4,"enemies":"Book of Stabbing","floor":30,"turns":6},{"damage":0,"enemies":"3 Cultists","floor":31,"turns":6},{"damage":34,"enemies":"Automaton","floor":33,"turns":11},{"damage":2,"enemies":"3 Darklings","floor":35,"turns":5},{"damage":0,"enemies":"Orb Walker","floor":38,"turns":4},{"damage":3,"enemies":"4 Shapes","floor":39,"turns":5},{"damage":23,"enemies":"Nemesis","floor":40,"turns":11},{"damage":5,"enemies":"Jaw Worm Horde","floor":42,"turns":5},{"damage":5,"enemies":"Reptomancer","floor":44,"turns":9},{"damage":0,"enemies":"3 Darklings","floor":48,"turns":3},{"damage":75,"enemies":"Time Eater","floor":50,"turns":13}],"seed_played":"5771256541718807025","potions_obtained":[{"floor":2,"key":"Weak Potion"},{"floor":5,"key":"Energy Potion"},{"floor":12,"key":"GamblersBrew"},{"floor":16,"key":"Regen Potion"}],"is_trial":false,"path_per_floor":["M","M","?","$","M","E","R","E","T","E","?","M","?","?","R","B",null,"M","M","M","?","M","?","R","M","T","?","E","R","E","M","R","B",null,"M","?","?","M","M","E","R","M","T","E","$","R","?","M","R","B"],"character_chosen":"DEFECT","items_purchased":["Madness","Defragment","Impatience","Letter Opener"],"campfire_rested":5,"item_purchase_floors":[4,45,45,45],"current_hp_per_floor":[75,71,64,64,58,31,55,52,52,58,58,58,39,32,60,60,96,92,86,67,58,34,34,62,51,51,51,21,49,52,52,52,18,103,101,101,101,101,98,75,75,70,70,75,75,75,75,75,75,0],"gold":159,"neow_bonus":"TEN_PERCENT_HP_BONUS","is_prod":false,"is_daily":false,"chose_seed":false,"campfire_upgraded":3,"win_rate":0,"timestamp":1561688700,"path_taken":["M","M","?","$","M","E","R","E","T","E","?","?","?","?","R","BOSS","M","M","M","?","?","?","R","M","T","?","E","R","E","?","R","BOSS","M","?","?","M","?","E","R","M","T","E","?","R","?","M","R","BOSS"],"build_version":"2019-01-23","purchased_purges":1,"victory":false,"max_hp_per_floor":[82,82,82,82,82,82,82,82,82,96,96,96,96,96,96,96,96,96,96,96,96,96,96,96,96,96,96,96,96,103,103,103,103,103,103,103,103,103,103,103,103,103,103,113,113,113,113,113,113,113],"card_choices":[{"not_picked":["Hologram","Fusion","Rebound"],"picked":"SKIP","floor":1},{"not_picked":["Rebound","Skim"],"picked":"Sunder","floor":2},{"not_picked":["Steam Power","BootSequence"],"picked":"Cold Snap","floor":5},{"not_picked":["Skim","Compile Driver"],"picked":"Beam Cell","floor":6},{"not_picked":["Turbo","Electrodynamics"],"picked":"Sunder","floor":8},{"not_picked":["Skim","White Noise"],"picked":"Go for the Eyes","floor":10},{"not_picked":["Rip and Tear","Sunder"],"picked":"Skim","floor":12},{"not_picked":["Meteor Strike","All For One"],"picked":"Seek","floor":16},{"not_picked":["Storm","Sweeping Beam+1"],"picked":"Cold Snap","floor":18},{"not_picked":["Darkness","Sweeping Beam"],"picked":"FTL+1","floor":19},{"not_picked":["Steam Power","Sweeping Beam"],"picked":"Undo","floor":20},{"not_picked":["Thunder Strike","Genetic Algorithm+1"],"picked":"Go for the Eyes","floor":22},{"not_picked":["Beam Cell","Ball Lightning"],"picked":"Hologram","floor":25},{"not_picked":["Sunder+1","Rip and Tear+1"],"picked":"Chill","floor":28},{"not_picked":["Consume","Conserve Battery"],"picked":"Steam+1","floor":30},{"not_picked":["Conserve Battery","Hologram"],"picked":"Recycle","floor":31},{"not_picked":["Hyperbeam+1","Fission"],"picked":"Reboot","floor":33},{"not_picked":["Double Energy+1","Doom and Gloom+1"],"picked":"Hologram+1","floor":35},{"not_picked":["Stack+1","Chill"],"picked":"Skim+1","floor":38},{"not_picked":["Turbo+1","Cold Snap+1"],"picked":"Go for the Eyes+1","floor":39},{"not_picked":["Gash+1","Conserve Battery"],"picked":"Darkness","floor":40},{"not_picked":["Turbo","Static Discharge","Gash+1"],"picked":"SKIP","floor":42},{"not_picked":["Rebound+1","Doom and Gloom+1"],"picked":"Compile Driver+1","floor":44},{"not_picked":["Hologram","Gash+1","Cold Snap+1"],"picked":"SKIP","floor":48}],"player_experience":204684,"relics_obtained":[{"floor":6,"key":"Cables"},{"floor":8,"key":"Sundial"},{"floor":9,"key":"Lantern"},{"floor":10,"key":"Mango"},{"floor":26,"key":"Molten Egg 2"},{"floor":28,"key":"Ornamental Fan"},{"floor":30,"key":"Strawberry"},{"floor":40,"key":"DataDisk"},{"floor":43,"key":"Mummified Hand"},{"floor":44,"key":"Pear"}],"event_choices":[{"damage_healed":0,"gold_gain":0,"player_choice":"Success","damage_taken":7,"relics_obtained":["Centennial Puzzle"],"max_hp_gain":0,"max_hp_loss":0,"event_name":"Scrap Ooze","floor":3,"gold_loss":0},{"cards_removed":["Strike_B"],"damage_healed":0,"gold_gain":0,"player_choice":"Offered Basic","damage_taken":0,"max_hp_gain":0,"max_hp_loss":0,"event_name":"Bonfire Elementals","floor":11,"gold_loss":0},{"damage_healed":0,"gold_gain":0,"player_choice":"Entered Light","damage_taken":19,"max_hp_gain":0,"max_hp_loss":0,"event_name":"Shining Light","floor":13,"gold_loss":0,"cards_upgraded":["Defend_B","Madness"]},{"cards_removed":["Strike_B"],"damage_healed":0,"gold_gain":0,"player_choice":"Card Removal","damage_taken":7,"max_hp_gain":0,"max_hp_loss":0,"event_name":"Golden Wing","floor":14,"gold_loss":0},{"damage_healed":0,"gold_gain":0,"player_choice":"","damage_taken":9,"max_hp_gain":0,"max_hp_loss":0,"event_name":"Knowing Skull","floor":21,"potions_obtained":[],"gold_loss":0,"cards_obtained":[]},{"cards_removed":["Strike_B"],"damage_healed":0,"gold_gain":0,"player_choice":"Gave Gold","damage_taken":0,"max_hp_gain":0,"max_hp_loss":0,"event_name":"Beggar","floor":23,"gold_loss":75},{"damage_healed":0,"gold_gain":0,"player_choice":"Got Potions","damage_taken":0,"max_hp_gain":0,"max_hp_loss":0,"event_name":"Lab","floor":27,"gold_loss":0},{"damage_healed":0,"gold_gain":0,"player_choice":"Ignored","damage_taken":0,"max_hp_gain":0,"max_hp_loss":0,"event_name":"Tomb of Lord Red Mask","floor":36,"gold_loss":0},{"damage_healed":0,"gold_gain":0,"player_choice":"Bought 0 Potions","damage_taken":0,"max_hp_gain":0,"max_hp_loss":0,"event_name":"The Woman in Blue","floor":37,"gold_loss":0},{"damage_healed":0,"gold_gain":0,"player_choice":"Upgrade","damage_taken":0,"relics_obtained":["Mark of the Bloom"],"max_hp_gain":0,"max_hp_loss":0,"event_name":"MindBloom","floor":47,"gold_loss":0,"cards_upgraded":["Strike_B","Defend_B","Defend_B","Zap","Dualcast","Sunder","Cold Snap","Sunder","Go for the Eyes","Skim","Cold Snap","Undo","Go for the Eyes","Hologram","Chill","Recycle","Reboot","Darkness","Impatience"]}],"is_beta":false,"boss_relics":[{"not_picked":["Calling Bell","Philosopher\u0027s Stone"],"picked":"Sozu"},{"not_picked":["Snecko Eye","Coffee Dripper"],"picked":"Nuclear Battery"}],"items_purged_floors":[45],"is_endless":false,"potions_floor_spawned":[2,5,12,16,19,25,30,33,38,39,42],"killed_by":"Time Eater","ascension_level":3}