{"gold_per_floor":[114,114,37,49,24,24,54,83,122,162,174,205,233,245,257,269],"floor_reached":16,"playtime":509,"items_purged":[],"score":220,"play_id":"d99c3036-589c-476b-aa6c-b5b5a67b2038","local_time":"20190531192218","is_ascension_mode":true,"campfire_choices":[{"data":"Armaments","floor":6,"key":"SMITH"},{"data":"Corruption","floor":11,"key":"SMITH"},{"data":"Disarm","floor":15,"key":"SMITH"}],"neow_cost":"NONE","seed_source_timestamp":820068371367263,"circlet_count":0,"master_deck":["AscendersBane","Strike_R","Strike_R","Strike_R","Strike_R","Strike_R","Defend_R","Defend_R","Defend_R","Defend_R","Bash","Dark Embrace","Headbutt","Corruption+1","Cleave","Armaments+1","Twin Strike","Thunderclap","Infernal Blade","Disarm+1"],"relics":["Burning Blood","MawBank","Boot","Bottled Lightning"],"potions_floor_usage":[7,7,10,16,16],"damage_taken":[{"damage":14,"enemies":"Jaw Worm","floor":1,"turns":4},{"damage":2,"enemies":"Cultist","floor":4,"turns":4},{"damage":43,"enemies":"Gremlin Nob","floor":7,"turns":5},{"damage":3,"enemies":"Small Slimes","floor":8,"turns":3},{"damage":15,"enemies":"Lagavulin","floor":10,"turns":7},{"damage":0,"enemies":"3 Louse","floor":12,"turns":2},{"damage":8,"enemies":"Red Slaver","floor":13,"turns":5},{"damage":33,"enemies":"Hexaghost","floor":16,"turns":10}],"seed_played":"353676748985619113","potions_obtained":[{"floor":2,"key":"Block Potion"},{"floor":2,"key":"Fruit Juice"},{"floor":7,"key":"AttackPotion"},{"floor":8,"key":"FearPotion"},{"floor":12,"key":"SkillPotion"}],"is_trial":false,"path_per_floor":["M","?","$","M","$","R","E","M","T","E","R","M","M","$","R","B"],"character_chosen":"IRONCLAD","items_purchased":["Corruption","Armaments"],"campfire_rested":0,"item_purchase_floors":[3,5],"current_hp_per_floor":[60,60,60,64,64,64,32,35,35,26,26,32,30,30,30,0],"gold":269,"neow_bonus":"ONE_RANDOM_RARE_CARD","is_prod":false,"is_daily":false,"chose_seed":false,"campfire_upgraded":3,"win_rate":0,"timestamp":1559323338,"path_taken":["M","?","$","?","?","R","E","?","T","E","R","M","M","$","R","BOSS"],"build_version":"2019-01-23","purchased_purges":0,"victory":false,"max_hp_per_floor":[75,75,75,75,75,75,80,80,80,80,80,80,80,80,80,80],"card_choices":[{"not_picked":["Body Slam","Fire Breathing"],"picked":"Headbutt","floor":1},{"not_picked":["Ghostly Armor","Twin Strike"],"picked":"Cleave","floor":4},{"not_picked":["Shrug It Off","Body Slam"],"picked":"Twin Strike","floor":7},{"not_picked":["Armaments","Ghostly Armor"],"picked":"Thunderclap","floor":8},{"not_picked":["Shrug It Off","Perfected Strike"],"picked":"Infernal Blade","floor":10},{"not_picked":["True Grit","Twin Strike"],"picked":"Disarm","floor":12},{"not_picked":["Clothesline","Flex","Anger"],"picked":"SKIP","floor":13}],"player_experience":572608,"relics_obtained":[{"floor":7,"key":"MawBank"},{"floor":9,"key":"Boot"},{"floor":10,"key":"Bottled Lightning"}],"event_choices":[{"damage_healed":0,"gold_gain":0,"player_choice":"Got Potions","damage_taken":0,"max_hp_gain":0,"max_hp_loss":0,"event_name":"Lab","floor":2,"gold_loss":0}],"is_beta":false,"boss_relics":[],"items_purged_floors":[],"is_endless":false,"potions_floor_spawned":[7,8,12],"killed_by":"Hexaghost","ascension_level":20}