{"gold_per_floor":[159,204,8,8,53,53,113,188,188,43,133,145,217,274,286,598,610,667,129,174,216,261,261,366,291,291,351,426,426,516,561,561,561],"floor_reached":33,"playtime":1615,"items_purged":[],"score":364,"play_id":"5e0a549c-79b8-478d-9c71-36646f4d89d9","local_time":"20180830045711","daily_mods":["Allstar","Cursed Run","Midas"],"is_ascension_mode":false,"campfire_choices":[{"floor":6,"key":"REST"},{"floor":12,"key":"REST"},{"floor":15,"key":"REST"},{"floor":23,"key":"REST"},{"floor":29,"key":"REST"},{"floor":32,"key":"REST"}],"neow_cost":"","seed_source_timestamp":222368538283077,"circlet_count":0,"master_deck":["Strike_R","Defend_R","Defend_R","Defend_R","Defend_R+1","Bash","Trip","Dark Shackles+1","Enlightenment","Good Instincts","HandOfGreed","Perfected Strike","Headbutt","Wild Strike","Regret","True Grit","Headbutt","Injury","Demon Form","Headbutt+1","Armaments","Dropkick+1","Regret","Barricade","Clothesline+1","Carnage+1","Spot Weakness+1","Shockwave+1","Armaments","Carnage+1","Body Slam+1","Searing Blow+1","Normality","Shockwave","Armaments+1","Rampage+1","Iron Wave+1"],"special_seed":17773,"relics":["Cursed Key","Darkstone Periapt","Du-Vu Doll","Pen Nib","War Paint","Molten Egg 2","MawBank","Astrolabe","Bottled Tornado","Peace Pipe","Red Mask","Dodecahedron","Meat on the Bone","Juzu Bracelet"],"potions_floor_usage":[16,16,21,28,30,33],"damage_taken":[{"damage":1,"enemies":"Cultist","floor":1,"turns":3},{"damage":0,"enemies":"Small Slimes","floor":2,"turns":3},{"damage":0,"enemies":"2 Louse","floor":5,"turns":1},{"damage":1,"enemies":"Blue Slaver","floor":7,"turns":2},{"damage":15,"enemies":"3 Sentries","floor":11,"turns":5},{"damage":1,"enemies":"3 Louse","floor":13,"turns":3},{"damage":0,"enemies":"2 Fungi Beasts","floor":14,"turns":2},{"damage":44,"enemies":"The Guardian","floor":16,"turns":7},{"damage":5,"enemies":"Chosen","floor":18,"turns":4},{"damage":24,"enemies":"3 Byrds","floor":20,"turns":5},{"damage":39,"enemies":"Masked Bandits","floor":21,"turns":5},{"damage":18,"enemies":"Snake Plant","floor":22,"turns":4},{"damage":29,"enemies":"Book of Stabbing","floor":24,"turns":5},{"damage":4,"enemies":"Snecko","floor":27,"turns":3},{"damage":3,"enemies":"Chosen and Byrds","floor":28,"turns":4},{"damage":46,"enemies":"Gremlin Leader","floor":30,"turns":6},{"damage":28,"enemies":"Centurion and Healer","floor":31,"turns":5},{"damage":47,"enemies":"Champ","floor":33,"turns":6}],"seed_played":"8318791093423734901","potions_obtained":[{"floor":1,"key":"BloodPotion"},{"floor":7,"key":"Weak Potion"},{"floor":20,"key":"Explosive Potion"},{"floor":27,"key":"EssenceOfSteel"},{"floor":28,"key":"Block Potion"},{"floor":31,"key":"GamblersBrew"}],"is_trial":false,"path_per_floor":["M","M","$","?","M","R","M","?","T","$","E","R","M","M","R","B",null,"M","$","M","?","M","R","E","?","T","M","M","R","E","M","R"],"character_chosen":"IRONCLAD","items_purchased":["Pen Nib","Wild Strike","Demon Form","Bottled Tornado","Peace Pipe"],"campfire_rested":6,"item_purchase_floors":[3,3,10,19,19],"current_hp_per_floor":[79,79,79,85,85,86,85,74,80,80,65,92,91,91,92,63,98,93,93,69,30,12,41,12,12,18,26,35,66,32,16,47,0],"gold":561,"neow_bonus":"","is_prod":false,"is_daily":true,"chose_seed":false,"campfire_upgraded":0,"win_rate":0,"timestamp":1535619431,"path_taken":["M","M","$","?","M","R","?","?","T","$","E","R","M","M","R","BOSS","M","$","M","?","M","R","E","?","T","M","M","R","E","M","R","BOSS"],"build_version":"2018-08-28","purchased_purges":0,"victory":false,"max_hp_per_floor":[80,80,80,86,86,86,86,86,92,92,92,92,92,92,92,98,98,98,98,98,98,98,98,98,98,104,104,104,104,104,104,104,104],"card_choices":[{"not_picked":["Shrug It Off","Warcry"],"picked":"Perfected Strike","floor":1},{"not_picked":["Clash","Sword Boomerang"],"picked":"Headbutt","floor":2},{"not_picked":["Clash","Warcry"],"picked":"True Grit","floor":5},{"not_picked":["Metallicize","Cleave"],"picked":"Headbutt","floor":7},{"not_picked":["Heavy Blade+1","Cleave+1"],"picked":"Headbutt+1","floor":11},{"not_picked":["Evolve","Havoc"],"picked":"Armaments","floor":13},{"not_picked":["Havoc","Clothesline+1"],"picked":"Dropkick+1","floor":14},{"not_picked":["Reaper+1","Double Tap"],"picked":"Barricade","floor":16},{"not_picked":["Anger+1","Infernal Blade"],"picked":"Shockwave+1","floor":18},{"not_picked":["Shrug It Off","Reckless Charge+1"],"picked":"Armaments","floor":20},{"not_picked":["Sword Boomerang+1","Flex"],"picked":"Carnage+1","floor":21},{"not_picked":["Anger+1","Reckless Charge+1"],"picked":"Body Slam+1","floor":22},{"not_picked":["Thunderclap+1","Flex"],"picked":"Searing Blow+1","floor":24},{"not_picked":["Rupture","Brutality"],"picked":"Shockwave","floor":27},{"not_picked":["Anger+1","Cleave+1"],"picked":"Armaments+1","floor":28},{"not_picked":["True Grit","Thunderclap+1"],"picked":"Rampage+1","floor":30},{"not_picked":["Havoc","True Grit"],"picked":"Iron Wave+1","floor":31}],"player_experience":553091,"relics_obtained":[{"floor":9,"key":"Molten Egg 2"},{"floor":11,"key":"MawBank"},{"floor":21,"key":"Red Mask"},{"floor":24,"key":"Dodecahedron"},{"floor":26,"key":"Meat on the Bone"},{"floor":30,"key":"Juzu Bracelet"}],"event_choices":[{"event_name":"Big Fish","player_choice":"Box","floor":4,"damage_taken":0},{"event_name":"World of Goop","player_choice":"Gather Gold","floor":8,"damage_taken":0},{"event_name":"Masked Bandits","player_choice":"Fought Bandits","floor":21,"damage_taken":0},{"event_name":"Beggar","player_choice":"Gave Gold","floor":25,"damage_taken":0}],"is_beta":true,"boss_relics":[{"not_picked":["Ectoplasm","Velvet Choker"],"picked":"Astrolabe"}],"items_purged_floors":[],"is_endless":false,"potions_floor_spawned":[1,7,20,27,28,31],"killed_by":"Champ","ascension_level":0}