{"gold_per_floor":[114,124,143,155,174,202,202,228,296,353,416,416,49,61,61,163,163,173,192,227,227,237,237,266,278,313,325,363,375,402,514,526,637,649,681,396,410,100,100,128,139,171,171,196,196,212,232,251,251,251,251,251,16,48,48],"floor_reached":56,"playtime":2162,"items_purged":["Strike_R"],"score":1495,"play_id":"6b973ecf-5bdf-4ad2-ba71-9a1a5ffdc3dc","local_time":"20181118103654","is_ascension_mode":true,"campfire_choices":[{"data":"Bash","floor":7,"key":"SMITH"},{"data":"True Grit","floor":12,"key":"SMITH"},{"data":"Dark Embrace","floor":15,"key":"SMITH"},{"data":"Corruption","floor":23,"key":"SMITH"},{"floor":27,"key":"REST"},{"floor":32,"key":"REST"},{"floor":45,"key":"RECALL"},{"floor":49,"key":"REST"},{"data":"Warcry","floor":52,"key":"SMITH"}],"neow_cost":"NONE","seed_source_timestamp":371582009690076,"circlet_count":0,"master_deck":["Strike_R+1","Strike_R+1","Strike_R+1","Strike_R+1","Defend_R+1","Defend_R+1","Defend_R+1","Defend_R+1","Bash+1","Headbutt","Reckless Charge","Metallicize","True Grit+1","Dark Embrace+1","Shrug It Off","Metallicize","Corruption+1","Good Instincts","Discovery","Offering","Whirlwind+1","Seeing Red+1","Battle Trance","J.A.X.","Reckless Charge","Feed","Havoc+1","Feel No Pain","Reckless Charge","Warcry+1","Armaments+1","Master of Strategy","Battle Trance+1","Reckless Charge+1","Disarm+1","Power Through+1","Feel No Pain","Magnetism","Discovery","Pummel+1"],"relics":["Burning Blood","Bronze Scales","The Courier","Kunai","Ice Cream","Sozu","Red Mask","MawBank","Happy Flower","Paper Frog","Torii","Sundial","Black Star","Sling","ClockworkSouvenir","Darkstone Periapt","Blue Candle","Self Forming Clay","Bottled Flame","Molten Egg 2","Mummified Hand","Lantern","War Paint"],"potions_floor_usage":[6,10,10],"damage_taken":[{"damage":6,"enemies":"Cultist","floor":1,"turns":3},{"damage":1,"enemies":"2 Louse","floor":2,"turns":3},{"damage":6,"enemies":"Jaw Worm","floor":3,"turns":3},{"damage":16,"enemies":"3 Louse","floor":4,"turns":3},{"damage":6,"enemies":"2 Fungi Beasts","floor":5,"turns":5},{"damage":6,"enemies":"Gremlin Nob","floor":6,"turns":3},{"damage":19,"enemies":"Lagavulin","floor":8,"turns":7},{"damage":26,"enemies":"Lagavulin Event","floor":10,"turns":5},{"damage":19,"enemies":"Large Slime","floor":14,"turns":6},{"damage":35,"enemies":"Hexaghost","floor":16,"turns":12},{"damage":0,"enemies":"3 Byrds","floor":18,"turns":2},{"damage":6,"enemies":"Shell Parasite","floor":19,"turns":4},{"damage":6,"enemies":"Masked Bandits","floor":20,"turns":2},{"damage":13,"enemies":"Centurion and Healer","floor":22,"turns":4},{"damage":33,"enemies":"Slavers","floor":24,"turns":4},{"damage":21,"enemies":"Book of Stabbing","floor":28,"turns":3},{"damage":6,"enemies":"3 Cultists","floor":30,"turns":3},{"damage":3,"enemies":"Colosseum Slavers","floor":31,"turns":5},{"damage":29,"enemies":"Colosseum Nobs","floor":31,"turns":3},{"damage":12,"enemies":"Champ","floor":33,"turns":7},{"damage":13,"enemies":"3 Darklings","floor":35,"turns":4},{"damage":2,"enemies":"Orb Walker","floor":37,"turns":4},{"damage":24,"enemies":"Giant Head","floor":40,"turns":6},{"damage":10,"enemies":"Sphere and 2 Shapes","floor":41,"turns":3},{"damage":9,"enemies":"Nemesis","floor":42,"turns":3},{"damage":13,"enemies":"Giant Head","floor":44,"turns":6},{"damage":0,"enemies":"Maw","floor":46,"turns":5},{"damage":0,"enemies":"4 Shapes","floor":47,"turns":2},{"damage":13,"enemies":"Jaw Worm Horde","floor":48,"turns":2},{"damage":39,"enemies":"Awakened One","floor":50,"turns":13},{"damage":37,"enemies":"Shield and Spear","floor":54,"turns":6},{"damage":58,"enemies":"The Heart","floor":55,"turns":9}],"seed_played":"6947456827856129701","potions_obtained":[{"floor":1,"key":"GamblersBrew"},{"floor":5,"key":"Regen Potion"},{"floor":6,"key":"Fire Potion"},{"floor":8,"key":"Poison Potion"},{"floor":16,"key":"AttackPotion"}],"is_trial":false,"path_per_floor":["M","M","M","M","M","E","R","E","T","?","?","R","$","M","R","B",null,"M","M","?","?","M","R","E","$","T","R","E","?","M","?","R","B",null,"M","$","M","$","?","E","M","E","T","E","R","M","M","M","R","B",null,"R","$","E","B",null],"character_chosen":"IRONCLAD","items_purchased":["Shrug It Off","Metallicize","Corruption","Good Instincts","Discovery","Feel No Pain","Reckless Charge","Warcry","Sling","ClockworkSouvenir","Master of Strategy","Feel No Pain","Magnetism","Discovery"],"campfire_rested":3,"item_purchase_floors":[13,13,13,13,13,36,36,36,36,38,38,53,53,53],"current_hp_per_floor":[88,88,88,78,78,78,78,65,65,59,59,59,59,46,46,17,88,88,88,88,88,81,81,54,54,54,80,65,65,65,45,71,65,88,81,81,85,85,88,70,66,63,63,56,56,62,68,61,87,57,91,91,91,63,11],"gold":48,"neow_bonus":"TEN_PERCENT_HP_BONUS","is_prod":false,"is_daily":false,"chose_seed":false,"campfire_upgraded":5,"win_rate":0,"timestamp":1542562614,"path_taken":["M","M","M","?","M","E","R","E","T","?","?","R","$","M","R","BOSS","M","M","?","?","M","R","E","$","T","R","E","?","M","?","R","BOSS","M","$","M","$","?","E","M","E","T","E","R","M","?","M","R","BOSS","R","$","E","BOSS"],"build_version":"2018-11-15","purchased_purges":1,"victory":true,"max_hp_per_floor":[88,88,88,88,88,88,88,88,88,88,88,88,88,88,88,88,88,88,88,88,88,88,88,88,88,88,88,88,88,88,88,88,88,88,88,88,88,88,88,88,88,88,88,88,88,88,88,88,88,91,91,91,91,94,94],"card_choices":[{"not_picked":["Corruption","Twin Strike","Sever Soul"],"picked":"SKIP","floor":1},{"not_picked":["Thunderclap","Rupture"],"picked":"Headbutt","floor":2},{"not_picked":["Anger","Thunderclap"],"picked":"Reckless Charge","floor":3},{"not_picked":["Sever Soul","Anger"],"picked":"Pommel Strike","floor":4},{"not_picked":["Dropkick","Corruption"],"picked":"Metallicize","floor":5},{"not_picked":["Anger","Clash"],"picked":"True Grit","floor":6},{"not_picked":["Entrench","Bloodletting","Twin Strike"],"picked":"SKIP","floor":8},{"not_picked":["Bloodletting","Rupture"],"picked":"Dark Embrace","floor":10},{"not_picked":["Headbutt","Heavy Blade","Warcry"],"picked":"SKIP","floor":14},{"not_picked":["Immolate","Berserk"],"picked":"Offering","floor":16},{"not_picked":["Armaments","Clash+1"],"picked":"Whirlwind+1","floor":18},{"not_picked":["Corruption","Flex"],"picked":"Seeing Red+1","floor":19},{"not_picked":["Rampage","Armaments"],"picked":"Battle Trance","floor":20},{"not_picked":["Anger","Perfected Strike+1"],"picked":"Reckless Charge","floor":22},{"not_picked":["Evolve","Corruption+1"],"picked":"Feed","floor":24},{"not_picked":["Havoc","Body Slam+1","Offering"],"picked":"SKIP","floor":28},{"not_picked":["Wild Strike","Cleave+1","Flex+1"],"picked":"SKIP","floor":30},{"not_picked":["Iron Wave+1","Fire Breathing+1"],"picked":"Havoc+1","floor":35},{"not_picked":["Shrug It Off","Metallicize"],"picked":"Armaments+1","floor":37},{"not_picked":["Inflame","Reckless Charge","Havoc"],"picked":"SKIP","floor":40},{"not_picked":["Sword Boomerang+1","Searing Blow+1"],"picked":"Battle Trance","floor":41},{"not_picked":["Carnage+1","Metallicize"],"picked":"Reckless Charge+1","floor":42},{"not_picked":["Havoc+1","Fiend Fire","Clash+1"],"picked":"SKIP","floor":44},{"not_picked":["Combust+1","Sword Boomerang+1"],"picked":"Disarm","floor":46},{"not_picked":["Dual Wield+1","Flex+1","Spot Weakness"],"picked":"SKIP","floor":47},{"not_picked":["Thunderclap+1","Clothesline+1"],"picked":"Power Through+1","floor":48},{"not_picked":["Immolate+1","Seeing Red"],"picked":"Pummel+1","floor":54}],"player_experience":639459,"relics_obtained":[{"floor":6,"key":"Bronze Scales"},{"floor":8,"key":"The Courier"},{"floor":9,"key":"Kunai"},{"floor":10,"key":"Ice Cream"},{"floor":20,"key":"Red Mask"},{"floor":24,"key":"MawBank"},{"floor":26,"key":"Happy Flower"},{"floor":28,"key":"Paper Frog"},{"floor":31,"key":"Torii"},{"floor":31,"key":"Sundial"},{"floor":40,"key":"Darkstone Periapt"},{"floor":40,"key":"Blue Candle"},{"floor":42,"key":"Self Forming Clay"},{"floor":42,"key":"Bottled Flame"},{"floor":44,"key":"Molten Egg 2"},{"floor":44,"key":"Mummified Hand"},{"floor":54,"key":"Lantern"},{"floor":54,"key":"War Paint"}],"event_choices":[{"damage_healed":0,"gold_gain":0,"player_choice":"Searched \u00271\u0027 times","damage_taken":0,"max_hp_gain":0,"max_hp_loss":0,"event_name":"Dead Adventurer","floor":10,"gold_loss":0},{"damage_healed":0,"gold_gain":63,"player_choice":"Gained Gold","damage_taken":0,"max_hp_gain":0,"max_hp_loss":0,"event_name":"Golden Wing","floor":11,"gold_loss":0},{"damage_healed":0,"gold_gain":0,"player_choice":"Fought Bandits","damage_taken":0,"max_hp_gain":0,"max_hp_loss":0,"event_name":"Masked Bandits","floor":20,"gold_loss":0},{"damage_healed":0,"gold_gain":0,"player_choice":"Obtain J.A.X.","damage_taken":0,"max_hp_gain":0,"max_hp_loss":0,"event_name":"Drug Dealer","floor":21,"gold_loss":0,"cards_obtained":["J.A.X."]},{"damage_healed":0,"gold_gain":0,"player_choice":"Simplicity","damage_taken":0,"max_hp_gain":0,"max_hp_loss":0,"event_name":"Back to Basics","floor":29,"gold_loss":0,"cards_upgraded":["Strike_R","Strike_R","Strike_R","Strike_R","Defend_R","Defend_R","Defend_R","Defend_R"]},{"damage_healed":0,"gold_gain":0,"player_choice":"Fight","damage_taken":0,"max_hp_gain":0,"max_hp_loss":0,"event_name":"Colosseum","floor":31,"gold_loss":0},{"damage_healed":0,"gold_gain":0,"player_choice":"Fought Nobs","damage_taken":0,"max_hp_gain":0,"max_hp_loss":0,"event_name":"Colosseum","floor":31,"gold_loss":0},{"cards_removed":["Pommel Strike"],"damage_healed":5,"gold_gain":0,"player_choice":"Offered Common","damage_taken":0,"max_hp_gain":0,"max_hp_loss":0,"event_name":"Bonfire Elementals","floor":39,"gold_loss":0},{"cards_removed":["Pommel Strike"],"damage_healed":5,"gold_gain":0,"player_choice":"Offered Special","damage_taken":0,"max_hp_gain":0,"max_hp_loss":0,"event_name":"Bonfire Elementals","floor":39,"gold_loss":0}],"is_beta":false,"boss_relics":[{"not_picked":["Black Blood","Mark of Pain"],"picked":"Sozu"},{"not_picked":["Orrery","Calling Bell"],"picked":"Black Star"}],"items_purged_floors":[13],"is_endless":false,"potions_floor_spawned":[1,5,6,8,16,20,24,28,30,31,41,42,44,46,48,54],"ascension_level":1}