{"gold_per_floor":[114,289,49,83,83,83,125,25,25,102,102,125,164,51,51,147,147,214,70,70,70,70,127,127,203,203,244,320,359,359,22,22,121,121,158,158,98,164,252,311,351,382,406,441,441,16,86,179,179,179],"floor_reached":51,"playtime":3162,"items_purged":["Doubt","Strike_B"],"score":893,"play_id":"012c7ea5-b330-44e8-b465-7a808bc2a001","local_time":"20190601150152","is_ascension_mode":false,"campfire_choices":[{"data":"HandOfGreed","floor":6.0,"key":"SMITH"},{"data":"Go for the Eyes","floor":11.0,"key":"SMITH"},{"data":"Undo","floor":15.0,"key":"SMITH"},{"data":"Buffer","floor":32.0,"key":"SMITH"},{"data":"Buffer","floor":45,"key":"SMITH"},{"data":"Amplify","floor":49,"key":"SMITH"}],"neow_cost":"NONE","seed_source_timestamp":61751260333967,"circlet_count":0,"master_deck":["Dualcast","Conserve Battery","HandOfGreed+1","BootSequence","Undo+1","Go for the Eyes+1","Echo Form","Steam Power","Ball Lightning","Buffer+1","Echo Form","Hologram","Buffer+1","Glacier","Reprogram+1","Buffer+1","Force Field","Undo","White Noise+1","Amplify+1","Static Discharge+1","Defragment+1","Loop+1","Loop+1","Buffer+1","Loop+1"],"special_seed":0,"relics":["Cracked Core","Pen Nib","Matryoshka","PreservedInsect","Blue Candle","Bronze Scales","Potion Belt","Juzu Bracelet","Tiny Chest","Pandora\u0027s Box","Blood Vial","Oddly Smooth Stone","Ornamental Fan","Gremlin Horn","Bag of Marbles","Incense Burner","Red Mask","Membership Card","Mummified Hand","Coffee Dripper","The Courier","Bottled Tornado","Lantern","Orichalcum","Frozen Egg 2"],"potions_floor_usage":[33,40,40,50,50,50],"damage_taken":[{"damage":1.0,"enemies":"Jaw Worm","floor":1.0,"turns":3.0},{"damage":0.0,"enemies":"2 Louse","floor":4.0,"turns":2.0},{"damage":0.0,"enemies":"Cultist","floor":7.0,"turns":2.0},{"damage":6.0,"enemies":"3 Sentries","floor":10.0,"turns":5.0},{"damage":0.0,"enemies":"Looter","floor":13.0,"turns":3.0},{"damage":19.0,"enemies":"Hexaghost","floor":16.0,"turns":10.0},{"damage":3.0,"enemies":"2 Thieves","floor":18.0,"turns":4.0},{"damage":0.0,"enemies":"Book of Stabbing","floor":23.0,"turns":5.0},{"damage":9.0,"enemies":"Slavers","floor":25.0,"turns":6.0},{"damage":1.0,"enemies":"Shell Parasite","floor":27.0,"turns":4.0},{"damage":0.0,"enemies":"Masked Bandits","floor":28.0,"turns":6.0},{"damage":0.0,"enemies":"Snecko","floor":29.0,"turns":7.0},{"damage":6,"enemies":"Automaton","floor":33,"turns":12},{"damage":0,"enemies":"3 Darklings","floor":35,"turns":7},{"damage":0,"enemies":"3 Shapes","floor":38,"turns":6},{"damage":0,"enemies":"Jaw Worm Horde","floor":39,"turns":6},{"damage":0,"enemies":"Reptomancer","floor":40,"turns":5},{"damage":0,"enemies":"Maw","floor":41,"turns":9},{"damage":0,"enemies":"Giant Head","floor":42,"turns":20},{"damage":0,"enemies":"Spire Growth","floor":44,"turns":7},{"damage":0,"enemies":"4 Shapes","floor":47,"turns":7},{"damage":21,"enemies":"Jaw Worm Horde","floor":48,"turns":7},{"damage":9,"enemies":"Donu and Deca","floor":50,"turns":8}],"seed_played":"364873725788362003","potions_obtained":[{"floor":4.0,"key":"Block Potion"},{"floor":10.0,"key":"Block Potion"},{"floor":16.0,"key":"Explosive Potion"},{"floor":18.0,"key":"Poison Potion"},{"floor":28.0,"key":"Strength Potion"},{"floor":33,"key":"Explosive Potion"},{"floor":38,"key":"Energy Potion"},{"floor":40,"key":"FearPotion"},{"floor":48,"key":"SpeedPotion"}],"is_trial":false,"path_per_floor":["M","?","$","M","?","R","M","$","T","E","R","T","M","$","R","B",null,"M","$","?","?","$","E","T","E","T","M","?","M","?","$","R","B",null,"M","?","?","M","M","E","M","E","T","M","R","$","M","M","R","B",null],"character_chosen":"DEFECT","items_purchased":["HandOfGreed","Tiny Chest","Blood Vial","Membership Card","Mummified Hand","Amplify","Orichalcum","Frozen Egg 2","Static Discharge+1","Defragment+1","Loop+1","Loop+1","Buffer+1","Loop+1"],"campfire_rested":0,"item_purchase_floors":[3,14,19,31,31,46,46,46,46,46,46,46,46,46],"current_hp_per_floor":[74,74,74,74,49,49,49,49,49,43,43,43,43,43,43,24,75,72,72,72,72,72,74,74,66,66,67,69,71,71,71,71,67,75,75,75,75,75,75,75,75,75,75,75,75,75,75,54,54,47],"gold":179,"neow_bonus":"RANDOM_COMMON_RELIC","is_prod":false,"is_daily":false,"chose_seed":false,"campfire_upgraded":6,"win_rate":0,"timestamp":1559394112,"path_taken":["M","?","$","M","?","R","M","?","T","E","R","?","M","$","R","BOSS","M","?","?","?","$","E","?","E","T","M","?","M","?","?","R","BOSS","M","?","?","M","M","E","M","E","T","M","R","$","M","M","R","BOSS"],"build_version":"2019-01-23","purchased_purges":2,"victory":true,"max_hp_per_floor":[75,75,75,75,75,75,75,75,75,75,75,75,75,75,75,75,75,75,75,75,75,75,75,75,75,75,75,75,75,75,75,75,75,75,75,75,75,75,75,75,75,75,75,75,75,75,75,75,75,75],"card_choices":[{"not_picked":["Ball Lightning","Streamline"],"picked":"Conserve Battery","floor":1.0},{"not_picked":["Streamline","Fusion"],"picked":"BootSequence","floor":4.0},{"not_picked":["Gash","Sweeping Beam"],"picked":"Undo","floor":7.0},{"not_picked":["Force Field","Electrodynamics"],"picked":"Go for the Eyes","floor":10.0},{"not_picked":["Chaos","Coolheaded","Leap"],"picked":"SKIP","floor":13.0},{"not_picked":["Multi-Cast","All For One"],"picked":"Echo Form","floor":16.0},{"not_picked":["Conserve Battery","Sweeping Beam+1"],"picked":"Glacier","floor":18.0},{"not_picked":["Hologram+1","Cold Snap","Fusion+1"],"picked":"SKIP","floor":23.0},{"not_picked":["Reprogram+1","Coolheaded","Auto Shields"],"picked":"SKIP","floor":25.0},{"not_picked":["Reprogram+1","Coolheaded","Auto Shields"],"picked":"SKIP","floor":25.0},{"not_picked":["Coolheaded","Auto Shields"],"picked":"Reprogram+1","floor":25.0},{"not_picked":["Darkness+1","FTL","Recycle"],"picked":"SKIP","floor":27.0},{"not_picked":["Hologram","Sunder","Leap"],"picked":"SKIP","floor":29.0},{"not_picked":["Ball Lightning+1","Steam+1","Barrage"],"picked":"SKIP","floor":35},{"not_picked":["Barrage","Glacier+1","Compile Driver+1"],"picked":"SKIP","floor":38},{"not_picked":["Redo","Streamline","Go for the Eyes"],"picked":"SKIP","floor":39},{"not_picked":["Ball Lightning","Compile Driver+1"],"picked":"White Noise+1","floor":40},{"not_picked":["Steam","Compile Driver+1","FTL+1"],"picked":"SKIP","floor":41},{"not_picked":["Scrape","Skim","Capacitor"],"picked":"SKIP","floor":42},{"not_picked":["Ball Lightning+1","Reprogram","Hello World+1"],"picked":"SKIP","floor":44},{"not_picked":["Scrape+1","Meteor Strike","Coolheaded+1"],"picked":"SKIP","floor":47},{"not_picked":["Chill+1","Doom and Gloom+1","Scrape+1"],"picked":"SKIP","floor":48}],"player_experience":585049,"relics_obtained":[{"floor":9.0,"key":"PreservedInsect"},{"floor":9.0,"key":"Blue Candle"},{"floor":10.0,"key":"Bronze Scales"},{"floor":12.0,"key":"Potion Belt"},{"floor":12.0,"key":"Juzu Bracelet"},{"floor":23.0,"key":"Ornamental Fan"},{"floor":24.0,"key":"Gremlin Horn"},{"floor":25.0,"key":"Bag of Marbles"},{"floor":26.0,"key":"Incense Burner"},{"floor":28.0,"key":"Red Mask"},{"floor":40,"key":"The Courier"},{"floor":42,"key":"Bottled Tornado"},{"floor":43,"key":"Lantern"}],"event_choices":[{"damage_healed":0.0,"max_hp_gain":0.0,"max_hp_loss":0.0,"gold_gain":175.0,"event_name":"Liars Game","player_choice":"AGREE","floor":2.0,"gold_loss":0.0,"damage_taken":0.0,"cards_obtained":["Doubt"]},{"damage_healed":0.0,"max_hp_gain":0.0,"max_hp_loss":0.0,"gold_gain":0.0,"event_name":"Scrap Ooze","player_choice":"Success","floor":5.0,"gold_loss":0.0,"damage_taken":25.0,"relics_obtained":["Matryoshka"]},{"damage_healed":0.0,"max_hp_gain":0.0,"max_hp_loss":0.0,"gold_gain":0.0,"event_name":"Match and Keep!","player_choice":"0 cards matched","floor":20.0,"gold_loss":0.0,"damage_taken":0.0,"cards_obtained":[]},{"damage_healed":0.0,"max_hp_gain":0.0,"max_hp_loss":0.0,"gold_gain":0.0,"event_name":"The Mausoleum","player_choice":"Opened","floor":21.0,"gold_loss":0.0,"damage_taken":0.0,"relics_obtained":["Oddly Smooth Stone"]},{"damage_healed":0.0,"max_hp_gain":0.0,"max_hp_loss":0.0,"gold_gain":0.0,"event_name":"Masked Bandits","player_choice":"Fought Bandits","floor":28.0,"gold_loss":0.0,"damage_taken":0.0},{"damage_healed":0.0,"max_hp_gain":0.0,"max_hp_loss":0.0,"gold_gain":0.0,"event_name":"Ghosts","player_choice":"Ignored","floor":30.0,"gold_loss":0.0,"damage_taken":0.0},{"damage_healed":0,"gold_gain":0,"player_choice":"Copied","damage_taken":0,"max_hp_gain":0,"max_hp_loss":0,"event_name":"Duplicator","floor":36,"gold_loss":0,"cards_obtained":["Buffer"]},{"damage_healed":0,"gold_gain":0,"cards_transformed":["Lockon","Zap"],"player_choice":"Transformed Cards","damage_taken":0,"max_hp_gain":0,"max_hp_loss":0,"event_name":"Designer","floor":37,"gold_loss":60,"cards_obtained":["Force Field","Undo"]}],"is_beta":false,"boss_relics":[{"not_picked":["Velvet Choker","Runic Dome"],"picked":"Pandora\u0027s Box"},{"not_picked":["Runic Pyramid","FrozenCore"],"picked":"Coffee Dripper"}],"items_purged_floors":[3,8],"is_endless":false,"potions_floor_spawned":[4,10,16,18,28,33,38,40,48],"ascension_level":0}