{"gold_per_floor":[113,133,147,160,180,180,180,180,262,278,294,56,87,97,97,194,194,214,229,248,267,267,299,151,151,230,230,243,273,284,284,284,381,381,392,411,107,122,138,166,197,227,227,227,255,255,355,355,355,355],"floor_reached":51,"playtime":2445,"items_purged":["Strike_B"],"score":961,"play_id":"96f31064-a24a-4845-a48d-02a01ba4ec53","local_time":"20190601100619","is_ascension_mode":false,"campfire_choices":[{"data":"Hyperbeam","floor":6.0,"key":"SMITH"},{"data":"White Noise","floor":8.0,"key":"SMITH"},{"data":"Mayhem","floor":15.0,"key":"SMITH"},{"data":"Amplify","floor":27.0,"key":"SMITH"},{"data":"Buffer","floor":32,"key":"SMITH"},{"data":"Amplify","floor":44,"key":"SMITH"},{"data":"Buffer","floor":46,"key":"SMITH"},{"data":"Reinforced Body","floor":49,"key":"SMITH"}],"neow_cost":"NONE","seed_source_timestamp":44725136964363,"circlet_count":0,"master_deck":["Defend_B","Defend_B","Defend_B","Zap","Dualcast+1","Amplify+1","Go for the Eyes","White Noise+1","Hologram+1","Hyperbeam+1","Rebound","Mayhem+1","Defragment","Buffer+1","Bite","Bite","Bite","Bite","Bite","Undo+1","Reinforced Body+1","Buffer+1","Storm","Force Field+1","Amplify+1","Madness","Madness"],"special_seed":0,"relics":["Cracked Core","Matryoshka","Thread and Needle","Busted Crown","Oddly Smooth Stone","PreservedInsect","The Courier","Tiny Chest","Pear","Sozu","Calipers","WingedGreaves","War Paint","Smiling Mask","DataDisk","Shuriken","StoneCalendar","Ice Cream"],"potions_floor_usage":[50,50,50],"damage_taken":[{"damage":6.0,"enemies":"Cultist","floor":1.0,"turns":3.0},{"damage":0.0,"enemies":"Jaw Worm","floor":2.0,"turns":3.0},{"damage":0.0,"enemies":"2 Louse","floor":3.0,"turns":1.0},{"damage":0.0,"enemies":"2 Fungi Beasts","floor":4.0,"turns":4.0},{"damage":14.0,"enemies":"Gremlin Gang","floor":5.0,"turns":5.0},{"damage":7.0,"enemies":"Looter","floor":10.0,"turns":2.0},{"damage":2.0,"enemies":"Large Slime","floor":11.0,"turns":3.0},{"damage":0.0,"enemies":"Gremlin Nob","floor":13.0,"turns":2.0},{"damage":3.0,"enemies":"Blue Slaver","floor":14.0,"turns":4.0},{"damage":30.0,"enemies":"Slime Boss","floor":16.0,"turns":9.0},{"damage":0.0,"enemies":"Spheric Guardian","floor":18.0,"turns":5.0},{"damage":12.0,"enemies":"Shell Parasite","floor":19.0,"turns":6.0},{"damage":11.0,"enemies":"Snake Plant","floor":20.0,"turns":4.0},{"damage":24.0,"enemies":"Cultist and Chosen","floor":21.0,"turns":7.0},{"damage":9.0,"enemies":"Gremlin Leader","floor":23.0,"turns":7.0},{"damage":12.0,"enemies":"Shelled Parasite and Fungi","floor":28.0,"turns":6.0},{"damage":6,"enemies":"Slavers","floor":29,"turns":3},{"damage":10,"enemies":"Centurion and Healer","floor":30,"turns":5},{"damage":16,"enemies":"Collector","floor":33,"turns":14},{"damage":7,"enemies":"3 Darklings","floor":35,"turns":3},{"damage":7,"enemies":"Orb Walker","floor":36,"turns":4},{"damage":5,"enemies":"Transient","floor":38,"turns":5},{"damage":25,"enemies":"Sphere and 2 Shapes","floor":39,"turns":5},{"damage":0,"enemies":"Nemesis","floor":40,"turns":7},{"damage":9,"enemies":"Reptomancer","floor":41,"turns":7},{"damage":2,"enemies":"Nemesis","floor":42,"turns":7},{"damage":0,"enemies":"Giant Head","floor":45,"turns":10},{"damage":8,"enemies":"Mind Bloom Boss Battle","floor":47,"turns":6},{"damage":0,"enemies":"Time Eater","floor":50,"turns":17}],"seed_played":"1436667733329462932","potions_obtained":[{"floor":3.0,"key":"EssenceOfSteel"},{"floor":5.0,"key":"SteroidPotion"},{"floor":11.0,"key":"FearPotion"},{"floor":14.0,"key":"FocusPotion"},{"floor":16.0,"key":"Regen Potion"},{"floor":21.0,"key":"Dexterity Potion"},{"floor":23.0,"key":"Regen Potion"}],"is_trial":false,"path_per_floor":["M","M","M","M","M","R","?","R","T","M","M","$","E","M","R","B",null,"M","M","M","M","?","E","$","?","T","R","M","E","M","?","R","B",null,"M","M","$","M","M","E","E","E","T","R","E","R","?","?","R","B",null],"character_chosen":"DEFECT","items_purchased":["Mayhem","PreservedInsect","Calipers","Storm"],"campfire_rested":0,"item_purchase_floors":[12,24,37,37],"current_hp_per_floor":[69,69,69,69,55,55,55,55,55,48,46,46,46,43,43,13,75,75,63,52,28,28,50,50,50,50,50,52,62,62,62,62,62,62,59,62,62,62,43,61,62,62,62,62,62,62,54,46,46,62],"gold":355,"neow_bonus":"ONE_RANDOM_RARE_CARD","is_prod":false,"is_daily":false,"chose_seed":false,"campfire_upgraded":8,"win_rate":0,"timestamp":1559376379,"path_taken":["M","M","M","?","M","R","?","R","T","M","M","$","E","M","R","BOSS","M","M","?","M","?","E","$","?","T","R","M","E","M","?","R","BOSS","M","M","$","?","M","E","E","E","T","R","E","R","?","?","R","BOSS"],"build_version":"2019-01-23","purchased_purges":1,"victory":true,"max_hp_per_floor":[75,75,75,75,75,75,75,75,75,75,75,75,75,75,75,75,75,75,75,75,75,52,52,52,52,52,52,52,62,62,62,62,62,62,62,62,62,62,62,62,62,62,62,62,62,62,62,62,62,62],"card_choices":[{"not_picked":["Beam Cell","Fusion"],"picked":"Go for the Eyes","floor":1.0},{"not_picked":["Go for the Eyes","Gash"],"picked":"White Noise","floor":2.0},{"not_picked":["Chill","Conserve Battery"],"picked":"Hologram","floor":3.0},{"not_picked":["Consume","Rebound","Conserve Battery"],"picked":"SKIP","floor":4.0},{"not_picked":["Skim","Compile Driver"],"picked":"Hyperbeam","floor":5.0},{"not_picked":["Steam","Melter"],"picked":"Rebound","floor":10.0},{"not_picked":["Sweeping Beam","Ball Lightning","Aggregate"],"picked":"SKIP","floor":11.0},{"not_picked":["Scrape","Doom and Gloom"],"picked":"Defragment","floor":13.0},{"not_picked":["Cold Snap","Blizzard","Coolheaded"],"picked":"SKIP","floor":14.0},{"not_picked":["Electrodynamics","Meteor Strike"],"picked":"Buffer","floor":16.0},{"not_picked":["Skim+1"],"picked":"SKIP","floor":18.0},{"not_picked":["Recycle"],"picked":"SKIP","floor":19.0},{"not_picked":["Sweeping Beam"],"picked":"SKIP","floor":20.0},{"not_picked":["Darkness"],"picked":"SKIP","floor":21.0},{"not_picked":[],"picked":"Undo+1","floor":23.0},{"not_picked":["Doom and Gloom"],"picked":"SKIP","floor":28.0},{"not_picked":["Steam Power+1"],"picked":"SKIP","floor":29},{"not_picked":["Conserve Battery"],"picked":"SKIP","floor":30},{"not_picked":[],"picked":"Buffer","floor":33},{"not_picked":["BootSequence+1"],"picked":"SKIP","floor":35},{"not_picked":["Hologram+1"],"picked":"SKIP","floor":36},{"not_picked":["Genetic Algorithm"],"picked":"SKIP","floor":38},{"not_picked":[],"picked":"Force Field+1","floor":39},{"not_picked":["Cold Snap+1"],"picked":"SKIP","floor":40},{"not_picked":["Streamline+1"],"picked":"SKIP","floor":41},{"not_picked":[],"picked":"Amplify","floor":42},{"not_picked":["Auto Shields"],"picked":"SKIP","floor":45}],"player_experience":580963,"relics_obtained":[{"floor":9.0,"key":"Matryoshka"},{"floor":13.0,"key":"Thread and Needle"},{"floor":23.0,"key":"Oddly Smooth Stone"},{"floor":26.0,"key":"The Courier"},{"floor":26.0,"key":"Tiny Chest"},{"floor":29,"key":"Pear"},{"floor":40,"key":"WingedGreaves"},{"floor":41,"key":"War Paint"},{"floor":42,"key":"Smiling Mask"},{"floor":43,"key":"DataDisk"},{"floor":43,"key":"Shuriken"},{"floor":45,"key":"StoneCalendar"},{"floor":47,"key":"Ice Cream"}],"event_choices":[{"damage_healed":0.0,"max_hp_gain":0.0,"max_hp_loss":0.0,"gold_gain":0.0,"event_name":"The Woman in Blue","player_choice":"Bought 0 Potions","floor":7.0,"gold_loss":0.0,"damage_taken":0.0},{"damage_healed":0.0,"max_hp_gain":0.0,"max_hp_loss":23.0,"gold_gain":0.0,"event_name":"Vampires","player_choice":"Became a vampire","floor":22.0,"gold_loss":0.0,"damage_taken":0.0,"cards_obtained":["Bite","Bite","Bite","Bite","Bite"]},{"damage_healed":0.0,"max_hp_gain":0.0,"max_hp_loss":0.0,"gold_gain":0.0,"event_name":"The Library","player_choice":"Read","floor":25.0,"gold_loss":0.0,"damage_taken":0.0,"cards_obtained":["Reinforced Body"]},{"cards_removed":["Defend_B"],"damage_healed":0,"gold_gain":0,"player_choice":"Purged","damage_taken":0,"max_hp_gain":0,"max_hp_loss":0,"event_name":"Purifier","floor":31,"gold_loss":0},{"damage_healed":0,"gold_gain":0,"player_choice":"Fight","damage_taken":0,"max_hp_gain":0,"max_hp_loss":0,"event_name":"MindBloom","floor":47,"gold_loss":0},{"damage_healed":0,"gold_gain":0,"player_choice":"Embrace Madness","damage_taken":8,"max_hp_gain":0,"max_hp_loss":0,"event_name":"Winding Halls","floor":48,"gold_loss":0,"cards_obtained":["Madness","Madness"]}],"is_beta":false,"boss_relics":[{"not_picked":["Astrolabe","Runic Pyramid"],"picked":"Busted Crown"},{"not_picked":["Fusion Hammer","Tiny House"],"picked":"Sozu"}],"items_purged_floors":[12],"is_endless":false,"potions_floor_spawned":[3,5,11,14,16,21,23,28,29,30,35,40,42,47],"ascension_level":0}