{"gold_per_floor":[113,113,38,57,57,57,7,19,42,42,52,52,65,65,65,165,165,176,136,96,112,122,122,140,174,174,174],"floor_reached":27,"playtime":1008,"items_purged":["Defend_B"],"score":256,"play_id":"0fe29fd7-a780-4257-b146-ca67e8a2c2e7","local_time":"20180904234516","is_ascension_mode":true,"campfire_choices":[{"data":"Zap","floor":6,"key":"SMITH"},{"data":"Rebound","floor":10,"key":"SMITH"},{"data":"Coolheaded","floor":12,"key":"SMITH"},{"floor":15,"key":"REST"},{"floor":23,"key":"REST"}],"neow_cost":"PERCENT_DAMAGE","seed_source_timestamp":723987858408191,"circlet_count":0,"master_deck":["Strike_B","Defend_B","Defend_B","Zap+1","Dualcast","Coolheaded+1","Multi-Cast","Static Discharge","Sunder+1","Rebound+1","Blizzard","Gash","Electrodynamics","Doom and Gloom","Glacier","Gash","BootSequence","Beam Cell+1","Beam Cell+1"],"relics":["Cracked Core","Ancient Tea Set","Philosopher\u0027s Stone","Pen Nib","Shuriken"],"potions_floor_usage":[16,18,21,21,21,24],"damage_taken":[{"damage":0,"enemies":"Cultist","floor":1,"turns":3},{"damage":7,"enemies":"Jaw Worm","floor":4,"turns":4},{"damage":0,"enemies":"2 Louse","floor":8,"turns":1},{"damage":4,"enemies":"Exordium Thugs","floor":11,"turns":3},{"damage":4,"enemies":"Lots of Slimes","floor":13,"turns":2},{"damage":30,"enemies":"The Guardian","floor":16,"turns":10},{"damage":29,"enemies":"Shell Parasite","floor":18,"turns":2},{"damage":4,"enemies":"Spheric Guardian","floor":21,"turns":3},{"damage":33,"enemies":"Centurion and Healer","floor":22,"turns":4},{"damage":15,"enemies":"Chosen and Byrds","floor":24,"turns":5},{"damage":22,"enemies":"Gremlin Leader","floor":25,"turns":5},{"damage":17,"enemies":"Shelled Parasite and Fungi","floor":27,"turns":2}],"seed_played":"7730332595096297732","potions_obtained":[{"floor":13,"key":"Swift Potion"},{"floor":16,"key":"PowerPotion"},{"floor":20,"key":"EssenceOfSteel"},{"floor":20,"key":"Fire Potion"},{"floor":20,"key":"SpeedPotion"},{"floor":22,"key":"Swift Potion"}],"is_trial":false,"path_per_floor":["M","?","$","M","?","R","?","M","T","R","M","R","M","$","R","B",null,"M","$","?","M","M","R","M","E","T"],"character_chosen":"DEFECT","items_purchased":["Glacier"],"campfire_rested":2,"item_purchase_floors":[19],"current_hp_per_floor":[54,54,54,47,47,47,47,47,47,47,43,43,39,39,61,31,75,53,53,53,49,16,38,23,1,1,0],"gold":174,"neow_bonus":"TRANSFORM_TWO_CARDS","is_prod":false,"is_daily":false,"chose_seed":false,"campfire_upgraded":3,"win_rate":0,"timestamp":1536119116,"path_taken":["M","?","$","M","?","R","?","M","T","R","M","R","M","?","R","BOSS","M","$","?","?","M","R","M","E","T","M"],"build_version":"2018-09-03","purchased_purges":1,"victory":false,"max_hp_per_floor":[75,75,75,75,75,75,75,75,75,75,75,75,75,75,75,75,75,75,75,75,75,75,75,75,75,75,75],"card_choices":[{"not_picked":["Cold Snap","Lockon"],"picked":"Static Discharge","floor":1},{"not_picked":["Rebound","Stack"],"picked":"Sunder","floor":4},{"not_picked":["Coolheaded","Streamline"],"picked":"Rebound","floor":8},{"not_picked":["Steam","Turbo"],"picked":"Blizzard","floor":11},{"not_picked":["Auto Shields","Fusion"],"picked":"Gash","floor":13},{"not_picked":["Buffer","Meteor Strike"],"picked":"Electrodynamics","floor":16},{"not_picked":["Ball Lightning","Turbo"],"picked":"Doom and Gloom","floor":18},{"not_picked":["Force Field","Steam"],"picked":"Gash","floor":21},{"not_picked":["Coolheaded","Ball Lightning"],"picked":"BootSequence","floor":22},{"not_picked":["Recycle","Streamline"],"picked":"Beam Cell+1","floor":24},{"not_picked":["Streamline","FTL"],"picked":"Beam Cell+1","floor":25}],"player_experience":564814,"relics_obtained":[{"floor":9,"key":"Ancient Tea Set"},{"floor":25,"key":"Pen Nib"},{"floor":26,"key":"Shuriken"}],"event_choices":[{"event_name":"Purifier","player_choice":"One Purge","floor":2,"damage_taken":0},{"event_name":"Accursed Blacksmith","player_choice":"Forge","floor":5,"damage_taken":0},{"event_name":"The Cleric","player_choice":"Card Removal","floor":7,"damage_taken":0},{"event_name":"The Woman in Blue","player_choice":"Bought 3 Potions","floor":20,"damage_taken":0}],"is_beta":true,"boss_relics":[{"not_picked":["Eternal Feather","Pandora\u0027s Box"],"picked":"Philosopher\u0027s Stone"}],"items_purged_floors":[3],"is_endless":false,"potions_floor_spawned":[13,16,22],"killed_by":"Shelled Parasite and Fungi","ascension_level":3}