{"path_per_floor":["M","$","M","M","$","R","?","?","T","E","?","M","M","M","R","B",null,"M","?","M","?","?","R","M","M","T","R","M","M"],"character_chosen":"IRONCLAD","items_purchased":["Rupture","Shrug It Off","Cleave"],"gold_per_floor":[113,30,41,53,6,6,67,142,224,254,219,231,244,264,264,360,360,342,265,282,552,552,552,564,578,578,578,594,609,609],"floor_reached":30,"campfire_rested":2,"playtime":1273,"current_hp_per_floor":[80,80,80,74,74,74,74,63,63,47,67,60,64,64,64,32,80,61,61,69,21,21,45,18,18,18,42,24,31,0],"items_purged":[],"gold":609,"score":234,"play_id":"e271e974-713a-489d-8fa9-bd1d9cc94a6e","local_time":"20180503061830","is_prod":false,"is_daily":false,"chose_seed":false,"is_ascension_mode":false,"campfire_upgraded":2,"timestamp":1525342710,"path_taken":["M","$","?","M","$","R","?","?","T","E","?","?","?","M","R","BOSS","M","?","M","?","?","R","M","M","T","R","M","M","?"],"build_version":"2018-05-02","seed_source_timestamp":1512706885533077,"purchased_purges":0,"victory":false,"master_deck":["Strike_R","Strike_R","Strike_R","Strike_R","Strike_R","Defend_R","Defend_R","Defend_R","Defend_R","Bash","Normality","Cleave","Rupture","Shrug It Off","Whirlwind","Cleave+1","Flame Barrier","Body Slam+1","Demon Form","Rupture","Limit Break","Rage+1","J.A.X.","Inflame","Swift Strike","Trip","Limit Break","Sever Soul","Dual Wield+1","Heavy Blade","Flex"],"max_hp_per_floor":[80,80,80,80,80,80,80,80,80,80,80,80,80,80,80,80,80,80,80,80,80,80,80,80,80,80,80,80,80,80],"relics":["Black Blood","Magic Flower","Self Forming Clay","Happy Flower","Sundial"],"card_choices":[{"not_picked":["Sword Boomerang","Battle Trance"],"picked":"Cleave","floor":1},{"not_picked":["Clash","Iron Wave"],"picked":"Whirlwind","floor":4},{"not_picked":["Body Slam","Dropkick"],"picked":"Flame Barrier","floor":10},{"not_picked":["Shrug It Off","Flex"],"picked":"Body Slam","floor":12},{"not_picked":["Armaments","True Grit"],"picked":"Demon Form","floor":13},{"not_picked":["Thunderclap","Fiend Fire"],"picked":"Rupture","floor":14},{"not_picked":["Fiend Fire","Reaper"],"picked":"Limit Break","floor":16},{"not_picked":["Perfected Strike","Corruption"],"picked":"Rage","floor":18},{"not_picked":["Armaments","Burning Pact"],"picked":"Inflame","floor":20},{"not_picked":["Corruption","Battle Trance"],"picked":"Dual Wield","floor":24},{"not_picked":["Feel No Pain","Shrug It Off"],"picked":"Heavy Blade","floor":25},{"not_picked":["Clothesline","Headbutt"],"picked":"Flex","floor":29}],"player_experience":132000,"potions_floor_usage":[13,14,16,20,25,30],"damage_taken":[{"damage":6,"enemies":"Cultist","floor":1,"turns":4},{"damage":5,"enemies":"Small Slimes","floor":3,"turns":5},{"damage":15,"enemies":"Jaw Worm","floor":4,"turns":5},{"damage":25,"enemies":"Gremlin Nob","floor":10,"turns":4},{"damage":16,"enemies":"Large Slime","floor":12,"turns":6},{"damage":5,"enemies":"Blue Slaver","floor":13,"turns":3},{"damage":9,"enemies":"2 Fungi Beasts","floor":14,"turns":3},{"damage":41,"enemies":"Hexaghost","floor":16,"turns":9},{"damage":34,"enemies":"2 Thieves","floor":18,"turns":4},{"damage":32,"enemies":"Chosen","floor":20,"turns":6},{"damage":42,"enemies":"Centurion and Healer","floor":24,"turns":10},{"damage":15,"enemies":"3 Cultists","floor":25,"turns":5},{"damage":33,"enemies":"Snake Plant","floor":28,"turns":4},{"damage":8,"enemies":"Centurion and Healer","floor":29,"turns":4},{"damage":39,"enemies":"3 Cultists","floor":30,"turns":3}],"event_choices":[{"event_name":"Golden Wing","player_choice":"Gained Gold","floor":7,"damage_taken":0},{"event_name":"World of Goop","player_choice":"Gather Gold","floor":8,"damage_taken":0},{"event_name":"The Cleric","player_choice":"Healed","floor":11,"damage_taken":0},{"event_name":"Drug Dealer","player_choice":"Got JAXXED","floor":19,"damage_taken":0},{"event_name":"Knowing Skull","player_choice":"CARD GOLD GOLD GOLD CARD ","floor":21,"damage_taken":0},{"event_name":"Match and Keep!","player_choice":"2 cards matched","floor":22,"damage_taken":0}],"boss_relics":[{"not_picked":["Runic Cube","Philosopher\u0027s Stone"],"picked":"Black Blood"}],"potions_floor_spawned":[3,4,13,18,24,29],"seed_played":"-494664175767034490","killed_by":"3 Cultists","ascension_level":0,"is_trial":false}