{"gold_per_floor":[10,10,10,24,24,65,65,65,88,109,109,128,162,181,181,181],"floor_reached":16,"playtime":575,"items_purged":[],"score":143,"play_id":"424a42cf-c4a0-4b5d-84d7-a4f642bf0725","local_time":"20190606171828","is_ascension_mode":true,"campfire_choices":[{"floor":7,"key":"REST"},{"floor":11,"key":"RECALL"},{"floor":15,"key":"REST"}],"neow_cost":"NO_GOLD","seed_source_timestamp":1380964995466400,"circlet_count":0,"master_deck":["Strike_R","Strike_R+1","Strike_R","Strike_R","Defend_R","Defend_R","Defend_R","Bash","Fiend Fire","Combust","Anger+1","Thunderclap","Injury","Pummel+1","Parasite","Seeing Red","Armaments","Limit Break","Infernal Blade"],"relics":["Burning Blood","Calipers","Golden Idol","Gambling Chip","Whetstone","Art of War"],"potions_floor_usage":[6,16],"damage_taken":[{"damage":10,"enemies":"2 Louse","floor":1,"turns":3},{"damage":13,"enemies":"Small Slimes","floor":4,"turns":2},{"damage":44,"enemies":"Lagavulin","floor":6,"turns":4},{"damage":0,"enemies":"Cultist","floor":10,"turns":2},{"damage":12,"enemies":"Large Slime","floor":12,"turns":5},{"damage":28,"enemies":"Gremlin Nob","floor":13,"turns":4},{"damage":0,"enemies":"Exordium Wildlife","floor":14,"turns":3},{"damage":75,"enemies":"The Guardian","floor":16,"turns":12}],"seed_played":"5239788110112320660","potions_obtained":[{"floor":4,"key":"AttackPotion"},{"floor":12,"key":"SpeedPotion"}],"is_trial":false,"path_per_floor":["M","?","?","M","?","E","R","?","T","M","R","M","E","M","R","B"],"character_chosen":"IRONCLAD","items_purchased":[],"campfire_rested":2,"item_purchase_floors":[],"current_hp_per_floor":[68,68,65,58,58,20,44,64,64,70,70,64,42,48,72,0],"gold":181,"neow_bonus":"TRANSFORM_TWO_CARDS","is_prod":false,"is_daily":false,"chose_seed":false,"campfire_upgraded":0,"win_rate":0,"timestamp":1559855908,"path_taken":["M","?","?","M","?","E","R","?","T","M","R","M","E","M","R","BOSS"],"build_version":"2019-06-05","purchased_purges":0,"victory":false,"max_hp_per_floor":[80,80,80,80,80,80,80,80,80,80,80,80,80,80,80,80],"card_choices":[{"not_picked":["Warcry","Pommel Strike"],"picked":"Anger","floor":1},{"not_picked":["Disarm","Iron Wave"],"picked":"Thunderclap","floor":4},{"not_picked":["Entrench","Spot Weakness"],"picked":"Pummel","floor":6},{"not_picked":["Power Through","Intimidate"],"picked":"Seeing Red","floor":10},{"not_picked":["Whirlwind","Heavy Blade"],"picked":"Armaments","floor":12},{"not_picked":["Flex","Sword Boomerang"],"picked":"Limit Break","floor":13},{"not_picked":["Hemokinesis","Pommel Strike"],"picked":"Infernal Blade","floor":14}],"player_experience":999715,"relics_obtained":[{"floor":6,"key":"Gambling Chip"},{"floor":9,"key":"Whetstone"},{"floor":13,"key":"Art of War"}],"event_choices":[{"damage_healed":0,"gold_gain":0,"player_choice":"Grow","damage_taken":0,"max_hp_gain":0,"max_hp_loss":0,"event_name":"Living Wall","floor":2,"gold_loss":0,"cards_upgraded":["Anger"]},{"damage_healed":0,"gold_gain":0,"player_choice":"Success","damage_taken":3,"relics_obtained":["Calipers"],"max_hp_gain":0,"max_hp_loss":0,"event_name":"Scrap Ooze","floor":3,"gold_loss":0},{"damage_healed":0,"gold_gain":0,"player_choice":"Take Wound","damage_taken":0,"relics_obtained":["Golden Idol"],"max_hp_gain":0,"max_hp_loss":0,"event_name":"Golden Idol","floor":5,"gold_loss":0,"cards_obtained":["Injury"]},{"damage_healed":20,"gold_gain":0,"player_choice":"Healed and dodged fight","damage_taken":0,"max_hp_gain":0,"max_hp_loss":0,"event_name":"Mushrooms","floor":8,"gold_loss":0,"cards_obtained":["Parasite"]}],"is_beta":true,"boss_relics":[],"items_purged_floors":[],"is_endless":false,"potions_floor_spawned":[4,12],"killed_by":"The Guardian","ascension_level":6}