{"gold_per_floor":[112,92,109,109,120,120,137,149,173,202,217,217],"floor_reached":12,"playtime":992,"items_purged":[],"score":82,"play_id":"7b746fbb-facb-4a30-a38b-ebee3e7d109e","local_time":"20190706132714","is_ascension_mode":false,"campfire_choices":[{"data":"Genetic Algorithm","floor":6,"key":"SMITH"}],"neow_cost":"PERCENT_DAMAGE","seed_source_timestamp":874828696497669,"circlet_count":0,"master_deck":["Strike_B","Strike_B","Strike_B","Strike_B","Defend_B","Defend_B","Defend_B","Defend_B","Zap","Dualcast","Conserve Battery","Genetic Algorithm+1","Defragment","Hologram","Go for the Eyes","Go for the Eyes"],"relics":["Cracked Core","Incense Burner","Dream Catcher","Vajra"],"potions_floor_usage":[10,11],"damage_taken":[{"damage":2,"enemies":"Small Slimes","floor":1,"turns":4},{"damage":0,"enemies":"Cultist","floor":3,"turns":4},{"damage":0,"enemies":"Jaw Worm","floor":5,"turns":4},{"damage":1,"enemies":"Blue Slaver","floor":7,"turns":5},{"damage":11,"enemies":"Exordium Thugs","floor":8,"turns":5},{"damage":58,"enemies":"Gremlin Nob","floor":10,"turns":6},{"damage":0,"enemies":"Looter","floor":11,"turns":3},{"damage":16,"enemies":"3 Sentries","floor":12,"turns":4}],"seed_played":"-6266196364109530938","potions_obtained":[{"floor":2,"key":"Poison Potion"},{"floor":5,"key":"SpeedPotion"},{"floor":7,"key":"SpeedPotion"},{"floor":8,"key":"Regen Potion"}],"is_trial":false,"path_per_floor":["M","?","M","?","M","R","M","M","T","E","M","E"],"character_chosen":"DEFECT","items_purchased":[],"campfire_rested":0,"item_purchase_floors":[],"current_hp_per_floor":[52,52,52,75,75,75,74,63,63,5,14,0],"gold":217,"neow_bonus":"ONE_RARE_RELIC","is_prod":false,"is_daily":false,"chose_seed":false,"campfire_upgraded":1,"win_rate":0.0,"timestamp":1562434034,"path_taken":["M","?","?","?","M","R","M","M","T","E","M","E"],"build_version":"2019-07-05","purchased_purges":0,"victory":false,"max_hp_per_floor":[75,75,75,75,75,75,75,75,75,75,75,75],"card_choices":[{"not_picked":["Streamline","Melter"],"picked":"Conserve Battery","floor":1},{"not_picked":["Lockon","Conserve Battery"],"picked":"Loop","floor":3},{"not_picked":["Stack","Compile Driver"],"picked":"Genetic Algorithm","floor":5},{"not_picked":["Consume","Conserve Battery"],"picked":"Defragment","floor":7},{"not_picked":["Turbo","Go for the Eyes"],"picked":"Hologram","floor":8},{"not_picked":["Redo","Darkness"],"picked":"Go for the Eyes","floor":10},{"not_picked":["Creative AI","Turbo"],"picked":"Go for the Eyes","floor":11}],"player_experience":62943,"relics_obtained":[{"floor":9,"key":"Dream Catcher"},{"floor":10,"key":"Vajra"}],"event_choices":[{"damage_healed":0,"gold_gain":0,"player_choice":"Bought 1 Potion","damage_taken":0,"max_hp_gain":0,"max_hp_loss":0,"event_name":"The Woman in Blue","floor":2,"gold_loss":0},{"cards_removed":["Loop"],"damage_healed":23,"gold_gain":0,"player_choice":"Offered Uncommon","damage_taken":0,"max_hp_gain":0,"max_hp_loss":0,"event_name":"Bonfire Elementals","floor":4,"gold_loss":0}],"is_beta":false,"boss_relics":[],"items_purged_floors":[],"is_endless":false,"potions_floor_spawned":[5,7,8],"killed_by":"3 Sentries","ascension_level":0}