{"gold_per_floor":[113,113,130,140,150,180,180,196,249,284,171,246,246,271,271,367,367,384,484,218,218,236,265,283,308,308,340,352,370,400,500,500,603,603],"floor_reached":34,"playtime":1566,"items_purged":["Strike_R","Strike_R"],"score":550,"play_id":"252792ef-a926-4ca5-ac26-5976864bc905","local_time":"20190518222620","is_ascension_mode":true,"campfire_choices":[{"data":"Bash","floor":7.0,"key":"SMITH"},{"floor":13.0,"key":"REST"},{"data":"Feel No Pain","floor":15.0,"key":"SMITH"},{"data":"Juggernaut","floor":32,"key":"SMITH"}],"neow_cost":"NONE","seed_source_timestamp":328436413737410,"circlet_count":0,"master_deck":["Strike_R","Strike_R+1","Defend_R","Defend_R","Defend_R","Defend_R","Bash+1","Shrug It Off","Inflame","Headbutt","Sword Boomerang+1","Flame Barrier","Offering","Feel No Pain+1","Reckless Charge","Fiend Fire","Shrug It Off","Combust","Infernal Blade","Blind","Ghostly","Ghostly","Ghostly","Ghostly","Ghostly","Feed","Juggernaut+1","Corruption","Entrench+1","Impervious"],"special_seed":0,"relics":["Burning Blood","Bronze Scales","Bag of Preparation","Pen Nib","Ornamental Fan","Whetstone","White Beast Statue","Gambling Chip","Pear","Bottled Tornado","Bag of Marbles","Bird Faced Urn","Omamori","Pantograph","Velvet Choker"],"potions_floor_usage":[25,27,33],"damage_taken":[{"damage":1.0,"enemies":"Jaw Worm","floor":1.0,"turns":4.0},{"damage":0.0,"enemies":"Cultist","floor":3.0,"turns":3.0},{"damage":10.0,"enemies":"Small Slimes","floor":4.0,"turns":3.0},{"damage":11.0,"enemies":"Exordium Thugs","floor":5.0,"turns":3.0},{"damage":24.0,"enemies":"3 Sentries","floor":6.0,"turns":7.0},{"damage":11.0,"enemies":"Large Slime","floor":8.0,"turns":4.0},{"damage":20.0,"enemies":"Lagavulin","floor":10.0,"turns":5.0},{"damage":10.0,"enemies":"Gremlin Nob","floor":14.0,"turns":3.0},{"damage":33.0,"enemies":"The Guardian","floor":16.0,"turns":12.0},{"damage":0.0,"enemies":"3 Byrds","floor":18.0,"turns":1.0},{"damage":35.0,"enemies":"Colosseum Slavers","floor":19.0,"turns":6.0},{"damage":6.0,"enemies":"Colosseum Nobs","floor":19.0,"turns":3.0},{"damage":7.0,"enemies":"2 Thieves","floor":22.0,"turns":5.0},{"damage":5.0,"enemies":"Book of Stabbing","floor":23.0,"turns":6.0},{"damage":4.0,"enemies":"Sentry and Sphere","floor":24.0,"turns":5.0},{"damage":9,"enemies":"Slavers","floor":25,"turns":6},{"damage":5,"enemies":"Book of Stabbing","floor":27,"turns":5},{"damage":4,"enemies":"Chosen and Byrds","floor":28,"turns":5},{"damage":5,"enemies":"Shelled Parasite and Fungi","floor":29,"turns":7},{"damage":6,"enemies":"Gremlin Leader","floor":30,"turns":6},{"damage":43,"enemies":"Champ","floor":33,"turns":14}],"seed_played":"6604924523392899156","potions_obtained":[{"floor":1.0,"key":"Swift Potion"},{"floor":4.0,"key":"Weak Potion"},{"floor":10.0,"key":"Ancient Potion"},{"floor":16.0,"key":"Strength Potion"},{"floor":19.0,"key":"EssenceOfSteel"},{"floor":22.0,"key":"FearPotion"},{"floor":25,"key":"PowerPotion"},{"floor":27,"key":"Energy Potion"},{"floor":33,"key":"Block Potion"}],"is_trial":false,"path_per_floor":["M","?","M","M","M","E","R","M","T","E","$","?","R","E","R","B",null,"M","?","$","?","M","E","M","E","T","E","M","M","E","?","R","B",null],"character_chosen":"IRONCLAD","items_purchased":["Feel No Pain","Infernal Blade","Blind"],"campfire_rested":1,"item_purchase_floors":[11,20,20],"current_hp_per_floor":[80,80,80,76,71,53,53,48,48,34,34,23,47,43,43,16,80,80,61,61,45,44,45,48,48,48,51,51,54,54,54,54,19,54],"gold":603,"neow_bonus":"RANDOM_COMMON_RELIC","is_prod":false,"is_daily":false,"chose_seed":false,"campfire_upgraded":3,"win_rate":0,"timestamp":1558243580,"path_taken":["M","?","?","M","M","E","R","M","T","E","$","?","R","E","R","BOSS","M","?","$","?","M","E","M","E","T","E","M","M","E","?","R","BOSS"],"build_version":"2019-01-23","purchased_purges":2,"victory":false,"max_hp_per_floor":[80,80,80,80,80,80,80,80,80,80,80,80,80,80,80,80,80,80,90,90,45,45,45,48,51,51,51,51,54,54,54,54,54,54],"card_choices":[{"not_picked":["Infernal Blade","Armaments"],"picked":"Shrug It Off","floor":1.0},{"not_picked":["Thunderclap","Havoc"],"picked":"Inflame","floor":3.0},{"not_picked":["Fire Breathing","Perfected Strike"],"picked":"Headbutt","floor":4.0},{"not_picked":["Shrug It Off","Body Slam"],"picked":"Sword Boomerang","floor":5.0},{"not_picked":["Havoc","Twin Strike"],"picked":"Flame Barrier","floor":6.0},{"not_picked":["Combust","Armaments"],"picked":"Offering","floor":8.0},{"not_picked":["Iron Wave","Uppercut","Perfected Strike"],"picked":"SKIP","floor":10.0},{"not_picked":["Cleave","Pommel Strike"],"picked":"Reckless Charge","floor":14.0},{"not_picked":["Exhume","Berserk"],"picked":"Fiend Fire","floor":16.0},{"not_picked":["Combust","Sever Soul+1"],"picked":"Shrug It Off","floor":18.0},{"not_picked":["Carnage","Headbutt+1"],"picked":"Combust","floor":19.0},{"not_picked":["Rampage","Clothesline","Headbutt+1"],"picked":"SKIP","floor":22.0},{"not_picked":["Immolate","Armaments+1"],"picked":"Feed","floor":23.0},{"not_picked":["Combust","Sentinel","Body Slam"],"picked":"SKIP","floor":24.0},{"not_picked":["Sword Boomerang+1","Iron Wave"],"picked":"Juggernaut","floor":25},{"not_picked":["Rampage","Anger+1"],"picked":"Corruption","floor":27},{"not_picked":["Anger","Warcry","Hemokinesis"],"picked":"SKIP","floor":28},{"not_picked":["Twin Strike+1","Heavy Blade+1","Carnage"],"picked":"SKIP","floor":29},{"not_picked":["Reckless Charge","Second Wind"],"picked":"Entrench+1","floor":30},{"not_picked":["Exhume","Berserk"],"picked":"Impervious","floor":33}],"player_experience":711558,"relics_obtained":[{"floor":6.0,"key":"Bag of Preparation"},{"floor":9.0,"key":"Pen Nib"},{"floor":10.0,"key":"Ornamental Fan"},{"floor":14.0,"key":"Whetstone"},{"floor":19.0,"key":"Gambling Chip"},{"floor":19.0,"key":"Pear"},{"floor":23.0,"key":"Bottled Tornado"},{"floor":25,"key":"Bag of Marbles"},{"floor":26,"key":"Bird Faced Urn"},{"floor":27,"key":"Omamori"},{"floor":30,"key":"Pantograph"}],"event_choices":[{"cards_removed":["Strike_R"],"damage_healed":0.0,"max_hp_gain":0.0,"max_hp_loss":0.0,"gold_gain":0.0,"event_name":"Purifier","player_choice":"Purged","floor":2.0,"gold_loss":0.0,"damage_taken":0.0},{"damage_healed":0.0,"max_hp_gain":0.0,"max_hp_loss":0.0,"gold_gain":75.0,"event_name":"World of Goop","player_choice":"Gather Gold","floor":12.0,"gold_loss":0.0,"damage_taken":11.0},{"damage_healed":0.0,"max_hp_gain":0.0,"max_hp_loss":0.0,"gold_gain":0.0,"event_name":"Colosseum","player_choice":"Fight","floor":19.0,"gold_loss":0.0,"damage_taken":0.0},{"damage_healed":0.0,"max_hp_gain":0.0,"max_hp_loss":0.0,"gold_gain":0.0,"event_name":"Colosseum","player_choice":"Fought Nobs","floor":19.0,"gold_loss":0.0,"damage_taken":0.0},{"damage_healed":0.0,"max_hp_gain":0.0,"max_hp_loss":45.0,"gold_gain":0.0,"event_name":"Ghosts","player_choice":"Became a Ghost","floor":21.0,"gold_loss":0.0,"damage_taken":0.0,"cards_obtained":["Ghostly","Ghostly","Ghostly","Ghostly","Ghostly"]},{"damage_healed":0,"gold_gain":100,"player_choice":"Pray","damage_taken":0,"max_hp_gain":0,"max_hp_loss":0,"event_name":"Golden Shrine","floor":31,"gold_loss":0}],"is_beta":false,"boss_relics":[{"not_picked":["Eternal Feather","Busted Crown"],"picked":"White Beast Statue"},{"not_picked":["Orrery","Pandora\u0027s Box"],"picked":"Velvet Choker"}],"items_purged_floors":[11,20],"is_endless":false,"potions_floor_spawned":[1,4,10,16,18,19,19,22,23,24,25,27,28,29,30,33],"ascension_level":1}