{"gold_per_floor":[113,127,77,94,269,269,300,300,323,354,354,354,14,34,34,136,136,148,161,161,15,28,28,28],"floor_reached":24,"playtime":755,"items_purged":[],"score":245,"play_id":"6643f370-cf7a-4ea0-a7d6-4e837f4ac8bc","local_time":"20190521034930","is_ascension_mode":true,"campfire_choices":[{"data":"Zap","floor":6,"key":"SMITH"},{"data":"Consume","floor":8,"key":"SMITH"},{"floor":11,"key":"REST"},{"floor":15,"key":"REST"},{"floor":23,"key":"REST"}],"neow_cost":"NONE","seed_source_timestamp":336269621027300,"circlet_count":0,"master_deck":["Strike_B","Strike_B","Defend_B","Defend_B","Defend_B","Defend_B","Zap+1","Dualcast+1","Rebound","Streamline","Sweeping Beam","Double Energy+1","Consume+1","Rebound","Gash","Chaos","Coolheaded","Darkness","Rainbow","Loop","Gash","Barrage"],"relics":["Cracked Core","Lantern","Potion Belt","Runic Capacitor","White Beast Statue","Nloth\u0027s Gift","Pen Nib"],"potions_floor_usage":[7,10,16,19,22,24],"damage_taken":[{"damage":0,"enemies":"Small Slimes","floor":1,"turns":2},{"damage":12,"enemies":"Jaw Worm","floor":2,"turns":2},{"damage":6,"enemies":"2 Louse","floor":4,"turns":2},{"damage":16,"enemies":"3 Sentries","floor":7,"turns":6},{"damage":35,"enemies":"Lagavulin","floor":10,"turns":4},{"damage":0,"enemies":"Exordium Thugs","floor":14,"turns":3},{"damage":24,"enemies":"The Guardian","floor":16,"turns":8},{"damage":2,"enemies":"Chosen","floor":18,"turns":4},{"damage":31,"enemies":"2 Thieves","floor":19,"turns":4},{"damage":23,"enemies":"Centurion and Healer","floor":22,"turns":6},{"damage":49,"enemies":"Gremlin Leader","floor":24,"turns":4}],"seed_played":"-7435128715304150765","potions_obtained":[{"floor":2,"key":"Dexterity Potion"},{"floor":4,"key":"FearPotion"},{"floor":14,"key":"EssenceOfSteel"},{"floor":18,"key":"Explosive Potion"},{"floor":19,"key":"SkillPotion"},{"floor":22,"key":"PowerPotion"}],"is_trial":false,"path_per_floor":["M","M","?","M","?","R","E","R","T","E","R","?","$","M","R","B",null,"M","M","?","$","M","R","E"],"character_chosen":"DEFECT","items_purchased":["Runic Capacitor","Gash","Chaos","Coolheaded","Pen Nib"],"campfire_rested":3,"item_purchase_floors":[13,13,13,13,21],"current_hp_per_floor":[75,63,63,57,57,57,41,41,41,6,28,28,28,28,50,26,75,73,42,42,42,19,41,0],"gold":28,"neow_bonus":"TRANSFORM_CARD","is_prod":false,"is_daily":false,"chose_seed":false,"campfire_upgraded":2,"win_rate":0,"timestamp":1558424970,"path_taken":["M","M","?","M","?","R","E","R","T","E","R","?","$","M","R","BOSS","M","M","?","$","M","R","E"],"build_version":"2019-05-07","purchased_purges":0,"victory":false,"max_hp_per_floor":[75,75,75,75,75,75,75,75,75,75,75,75,75,75,75,75,75,75,75,75,75,75,75,75],"card_choices":[{"not_picked":["Go for the Eyes","Auto Shields"],"picked":"Streamline","floor":1},{"not_picked":["Blizzard","Conserve Battery"],"picked":"Sweeping Beam","floor":2},{"not_picked":["Scrape","Capacitor"],"picked":"Double Energy","floor":4},{"not_picked":["Multi-Cast","Steam"],"picked":"Consume","floor":7},{"not_picked":["Heatsinks","Skim"],"picked":"Rebound","floor":10},{"not_picked":["Lockon","Turbo"],"picked":"Darkness","floor":14},{"not_picked":["Amplify","All For One"],"picked":"Rainbow","floor":16},{"not_picked":["Reinforced Body","Conserve Battery"],"picked":"Loop","floor":18},{"not_picked":["Streamline","Sweeping Beam"],"picked":"Gash","floor":19},{"not_picked":["Ball Lightning","Coolheaded"],"picked":"Barrage","floor":22}],"player_experience":899016,"relics_obtained":[{"floor":7,"key":"War Paint"},{"floor":9,"key":"Lantern"},{"floor":10,"key":"Potion Belt"}],"event_choices":[{"cards_removed":["Strike_B"],"damage_healed":0,"gold_gain":0,"player_choice":"Card Removal","damage_taken":0,"max_hp_gain":0,"max_hp_loss":0,"event_name":"The Cleric","floor":3,"gold_loss":50},{"damage_healed":0,"gold_gain":175,"player_choice":"AGREE","damage_taken":0,"max_hp_gain":0,"max_hp_loss":0,"event_name":"Liars Game","floor":5,"gold_loss":0,"cards_obtained":["Doubt"]},{"cards_removed":["Doubt"],"damage_healed":0,"gold_gain":0,"player_choice":"Removed Curses","damage_taken":0,"max_hp_gain":0,"max_hp_loss":0,"event_name":"Fountain of Cleansing","floor":12,"gold_loss":0},{"damage_healed":0,"gold_gain":0,"player_choice":"Traded Relic","damage_taken":0,"relics_obtained":["Nloth\u0027s Gift"],"max_hp_gain":0,"max_hp_loss":0,"event_name":"N\u0027loth","floor":20,"relics_lost":["War Paint"],"gold_loss":0}],"is_beta":true,"boss_relics":[{"not_picked":["Sozu","Nuclear Battery"],"picked":"White Beast Statue"}],"items_purged_floors":[],"is_endless":false,"potions_floor_spawned":[2,4,14,18,19,22],"killed_by":"Gremlin Leader","ascension_level":4}