{"path_per_floor":["M","?","?","M","M","R","M","R","T","$","M","E","R","$","R","B",null,"M","?","M","M","M","?"],"character_chosen":"IRONCLAD","items_purchased":["Wild Strike","Havoc","Havoc"],"gold_per_floor":[20,20,20,43,59,59,79,79,79,3,21,57,57,32,32,163,163,188,188,177,198,213,163],"floor_reached":24,"campfire_rested":2,"playtime":1203,"current_hp_per_floor":[83,83,77,72,76,76,70,70,70,70,64,30,56,56,82,43,91,50,50,37,31,11,11],"items_purged":[],"gold":163,"score":223,"play_id":"213160f9-5d1b-4717-a757-5e28af8761fe","local_time":"20180311183543","is_prod":false,"is_daily":false,"is_ascension_mode":false,"campfire_upgraded":2,"timestamp":1520807743,"path_taken":["M","?","?","M","?","R","M","R","T","$","M","E","R","?","R","BOSS","M","?","?","M","M","?","M"],"build_version":"2018-03-09","purchased_purges":0,"victory":false,"master_deck":["Bash","Feed+1","Wild Strike","Iron Wave","Carnage","Demon Form+1","Wild Strike","Havoc","Second Wind","Havoc","Impervious","Whirlwind","Clash","Flame Barrier","Metallicize","Reckless Charge","Armaments","Twin Strike","Ghostly Armor","Entrench","Twin Strike","Perfected Strike+1","Carnage","Immolate"],"max_hp_per_floor":[83,83,77,80,83,83,83,83,83,83,83,87,87,87,87,91,91,91,91,95,95,95,95],"relics":["Burning Blood","Golden Idol","Shovel","Blue Candle","Pandora\u0027s Box"],"card_choices":[{"not_picked":["Berserk","Immolate"],"picked":"Feed"},{"not_picked":["Headbutt","Blood for Blood"],"picked":"Wild Strike"},{"not_picked":["Headbutt","Burning Pact"],"picked":"Iron Wave"},{"not_picked":["Clothesline","Flex"],"picked":"Carnage"},{"not_picked":["Fire Breathing","Blood for Blood"],"picked":"Demon Form"},{"not_picked":["Warcry","Twin Strike"],"picked":"Second Wind"},{"not_picked":["Warcry","Dropkick"],"picked":"Armaments"},{"not_picked":["Reaper","Berserk"],"picked":"Impervious"},{"not_picked":["Armaments","Second Wind"],"picked":"Twin Strike"},{"not_picked":["Flame Barrier","Power Through"],"picked":"Perfected Strike"},{"not_picked":["Headbutt","Shrug It Off"],"picked":"Carnage"},{"not_picked":["Headbutt","Corruption"],"picked":"Immolate"}],"player_experience":396426,"potions_floor_usage":[11,12,16,21],"damage_taken":[{"damage":6,"enemies":"2 Louse","floor":1,"turns":2},{"damage":14,"enemies":"Jaw Worm","floor":4,"turns":4},{"damage":5,"enemies":"Small Slimes","floor":5,"turns":4},{"damage":12,"enemies":"Blue Slaver","floor":7,"turns":2},{"damage":12,"enemies":"Exordium Thugs","floor":11,"turns":3},{"damage":44,"enemies":"Lagavulin","floor":12,"turns":7},{"damage":49,"enemies":"Hexaghost","floor":16,"turns":9},{"damage":47,"enemies":"Chosen","floor":18,"turns":7},{"damage":23,"enemies":"2 Thieves","floor":20,"turns":4},{"damage":12,"enemies":"Centurion and Healer","floor":21,"turns":7},{"damage":26,"enemies":"Sentry and Sphere","floor":22,"turns":6},{"damage":14,"enemies":"Chosen and Byrds","floor":24,"turns":2}],"event_choices":[{"event_name":"The Cleric","player_choice":"Leave","floor":2,"damage_taken":0},{"event_name":"Golden Idol","player_choice":"Lose Max HP","floor":3,"damage_taken":0},{"event_name":"Back to Basics","player_choice":"Elegance","floor":19,"damage_taken":0},{"event_name":"The Joust","player_choice":"Bet on Murderer","floor":23,"damage_taken":0}],"boss_relics":[{"not_picked":["Snecko Eye","Philosopher\u0027s Stone"],"picked":"Pandora\u0027s Box"}],"potions_floor_spawned":[7,11,12,20],"seed_played":"6134344264836958359","killed_by":"Chosen and Byrds","ascension_level":0,"is_trial":false}