{"path_per_floor":["M","?","M","?","?","R","E","$","T","R","M","?","$","M","R","B",null,"M","M","?","M","?","M","R","M","T","M","R","$","R","M","R","B",null,"M","$","?","$","M","R","M","$","T","R","M","M","?","?","R"],"character_chosen":"THE_SILENT","items_purchased":["Omamori","Dramatic Entrance","Regal Pillow","Good Instincts","Outmaneuver","Bottled Flame","Infinite Blades"],"gold_per_floor":[114,114,129,129,129,129,159,9,84,84,99,99,1,16,16,116,116,131,146,96,111,111,126,126,141,141,156,156,6,6,21,21,121,121,136,7,257,7,22,22,37,2,27,27,42,57,57,0,0],"floor_reached":50,"campfire_rested":5,"playtime":3201,"current_hp_per_floor":[70,70,70,70,70,70,52,52,52,52,52,52,52,52,70,70,70,68,55,55,43,43,30,51,48,48,48,69,69,69,57,70,25,70,52,52,52,52,51,70,21,21,21,49,6,11,11,11,70],"items_purged":[],"gold":0,"score":569,"play_id":"9217f7b9-a49c-485a-b098-e6418fb41861","local_time":"20180313022634","daily_mods":["Diverse","Insanity","Binary"],"is_prod":false,"is_daily":true,"is_ascension_mode":false,"campfire_upgraded":5,"timestamp":1520922394,"path_taken":["M","?","M","?","?","R","E","$","T","R","?","?","?","M","R","BOSS","M","M","?","M","?","?","R","M","T","M","R","$","R","M","R","BOSS","M","$","?","$","M","R","M","?","T","R","M","M","?","?","R","BOSS"],"build_version":"2018-03-09","purchased_purges":0,"victory":false,"master_deck":["Neutralize","Heel Hook","Slice","Backstab","Footwork","Tools of the Trade","Prepared","Infinite Blades","Corpse Explosion","Catalyst","Eviscerate","Finisher","Catalyst","Burst","Doppelganger","Heel Hook","Sucker Punch","Glass Knife+1","Expertise","All Out Attack","Defend_G","Eviscerate","Quick Slash","Glass Knife+1","Dodge and Roll","Flechettes","Storm of Steel","Expertise","Blade Dance","Masterful Stab","Distraction","Dagger Spray","Reflex","Tools of the Trade","A Thousand Cuts","Eviscerate","Cloak And Dagger","Flechettes","PiercingWail","Choke","Acrobatics","Backstab","Phantasmal Killer+1","Escape Plan","Survivor","Outmaneuver","Terror","Glass Knife+1","Fire Breathing","Havoc","Bane","Underhanded Strike","Tactician","Dodge and Roll","Concentrate","Dramatic Entrance","Outmaneuver","After Image","Infinite Blades","Quick Slash","Slice","Outmaneuver","Skewer","Bane","Catalyst+1","Terror","Envenom+1","Infinite Blades","Good Instincts","Outmaneuver","Caltrops","Sucker Punch+1","Infinite Blades","Backstab","Flying Knee+1","Deadly Poison"],"max_hp_per_floor":[70,70,70,70,70,70,70,70,70,70,70,70,70,70,70,70,70,70,70,70,70,70,70,70,70,70,70,70,70,70,70,70,70,70,70,70,70,70,70,70,70,70,70,70,70,70,70,70,70],"relics":["Ring of the Snake","Vajra","Tough Bandages","Omamori","Centennial Puzzle","The Specimen","Dead Branch","Regal Pillow","Eternal Feather","Bottled Flame","Dream Catcher","Red Mask"],"card_choices":[{"not_picked":["Deadly Poison"],"picked":"Bane"},{"not_picked":["Cloak And Dagger"],"picked":"Underhanded Strike"},{"not_picked":["Dagger Spray"],"picked":"Tactician"},{"not_picked":["Underhanded Strike"],"picked":"Dodge and Roll"},{"not_picked":["Caltrops"],"picked":"Outmaneuver"},{"not_picked":["Corpse Explosion"],"picked":"After Image"},{"not_picked":["Dodge and Roll"],"picked":"Infinite Blades"},{"not_picked":["Backflip"],"picked":"Quick Slash"},{"not_picked":["Reflex"],"picked":"Slice"},{"not_picked":["Bane"],"picked":"Skewer"},{"not_picked":["Blade Dance"],"picked":"Bane"},{"not_picked":["Deflect"],"picked":"Catalyst"},{"not_picked":["Flechettes"],"picked":"Terror"},{"not_picked":["Adrenaline"],"picked":"Envenom"},{"not_picked":["Deadly Poison"],"picked":"Infinite Blades"},{"not_picked":["Bane"],"picked":"Caltrops"},{"not_picked":["Deadly Poison"],"picked":"Sucker Punch"},{"not_picked":["Accuracy"],"picked":"Backstab"},{"not_picked":["Poisoned Stab"],"picked":"Flying Knee"},{"not_picked":["Reflex"],"picked":"Deadly Poison"}],"player_experience":412054,"potions_floor_usage":[16,16,18,21,27,31,33,46],"damage_taken":[{"damage":0,"enemies":"Jaw Worm","floor":1,"turns":1},{"damage":0,"enemies":"Cultist","floor":3,"turns":2},{"damage":18,"enemies":"Lagavulin","floor":7,"turns":3},{"damage":0,"enemies":"2 Louse","floor":11,"turns":1},{"damage":0,"enemies":"2 Fungi Beasts","floor":14,"turns":1},{"damage":0,"enemies":"Hexaghost","floor":16,"turns":6},{"damage":2,"enemies":"2 Thieves","floor":18,"turns":3},{"damage":13,"enemies":"Spheric Guardian","floor":19,"turns":4},{"damage":12,"enemies":"Centurion and Healer","floor":21,"turns":4},{"damage":13,"enemies":"Chosen and Byrds","floor":23,"turns":4},{"damage":3,"enemies":"Snecko","floor":25,"turns":4},{"damage":0,"enemies":"Slaver and Parasite","floor":27,"turns":2},{"damage":12,"enemies":"Centurion and Healer","floor":31,"turns":4},{"damage":45,"enemies":"Champ","floor":33,"turns":9},{"damage":18,"enemies":"3 Darklings","floor":35,"turns":4},{"damage":1,"enemies":"Orb Walker","floor":39,"turns":2},{"damage":49,"enemies":"4 Shapes","floor":41,"turns":2},{"damage":43,"enemies":"Maw","floor":45,"turns":7},{"damage":10,"enemies":"Sphere and 2 Shapes","floor":46,"turns":8},{"damage":71,"enemies":"Awakened One","floor":50,"turns":6}],"event_choices":[{"event_name":"The Lab","player_choice":"Got Potions","floor":2,"damage_taken":0},{"event_name":"Accursed Blacksmith","player_choice":"Rummage","floor":4,"damage_taken":0},{"event_name":"Wheel of Change","player_choice":"Card Removal","floor":5,"damage_taken":0},{"event_name":"Transmorgrifier","player_choice":"Transform","floor":12,"damage_taken":0},{"event_name":"The Joust","player_choice":"Bet on Murderer","floor":20,"damage_taken":0},{"event_name":"Transmorgrifier","player_choice":"Transform","floor":22,"damage_taken":0},{"event_name":"Golden Shrine","player_choice":"Desecrate","floor":37,"damage_taken":0},{"event_name":"Mysterious Sphere","player_choice":"Ignore","floor":47,"damage_taken":0},{"event_name":"Tomb of Lord Red Mask","player_choice":"Paid","floor":48,"damage_taken":0}],"boss_relics":[{"not_picked":["Black Star","Snecko Eye"],"picked":"The Specimen"},{"not_picked":["Question Card","Cursed Key"],"picked":"Eternal Feather"}],"potions_floor_spawned":[3,14,19,25,27,31,45],"seed_played":"5990498444709922547","killed_by":"Awakened One","ascension_level":0,"is_trial":false}