{"gold_per_floor":[115,0,17,92,110,110,139,139,163,189,215,215,231,74,74,148,148,162,175,175,186,205,205],"floor_reached":23,"playtime":1189,"items_purged":["Writhe"],"score":402,"play_id":"cd34a2f3-c1b3-4b4e-95f6-31a7f8fe8782","local_time":"20190523211229","is_ascension_mode":true,"campfire_choices":[{"data":"True Grit","floor":6.0,"key":"SMITH"},{"floor":8.0,"key":"REST"},{"data":"Armaments","floor":12.0,"key":"SMITH"},{"data":"Inflame","floor":15.0,"key":"SMITH"}],"neow_cost":"CURSE","seed_source_timestamp":756411136131058,"circlet_count":0,"master_deck":["AscendersBane","Strike_R","Strike_R","Strike_R","Strike_R","Strike_R","Defend_R","Defend_R","Defend_R","Defend_R","Bash","Feed","Battle Trance","Inflame+1","Sword Boomerang","True Grit+1","Reaper","Armaments+1","Juggernaut","Shrug It Off","Ghostly","Ghostly","Ghostly","Impervious","Havoc+1"],"special_seed":0,"relics":["Burning Blood","Art of War","Vajra","Bottled Tornado","Odd Mushroom","Bag of Preparation","Runic Pyramid"],"potions_floor_usage":[],"damage_taken":[{"damage":6.0,"enemies":"Small Slimes","floor":1.0,"turns":5.0},{"damage":2.0,"enemies":"2 Louse","floor":3.0,"turns":4.0},{"damage":14.0,"enemies":"Jaw Worm","floor":5.0,"turns":4.0},{"damage":48.0,"enemies":"3 Sentries","floor":7.0,"turns":13.0},{"damage":29.0,"enemies":"Lagavulin","floor":10.0,"turns":8.0},{"damage":19.0,"enemies":"The Mushroom Lair","floor":11.0,"turns":4.0},{"damage":24.0,"enemies":"Exordium Wildlife","floor":13.0,"turns":5.0},{"damage":42.0,"enemies":"The Guardian","floor":16.0,"turns":13.0},{"damage":36.0,"enemies":"Shell Parasite","floor":18.0,"turns":5.0},{"damage":32.0,"enemies":"3 Byrds","floor":19.0,"turns":8.0},{"damage":20.0,"enemies":"Snake Plant","floor":21.0,"turns":6.0},{"damage":7,"enemies":"Centurion and Healer","floor":22,"turns":11},{"damage":64,"enemies":"Book of Stabbing","floor":23,"turns":8}],"seed_played":"6396586275064656072","potions_obtained":[{"floor":5.0,"key":"SkillPotion"},{"floor":10.0,"key":"BloodPotion"},{"floor":16.0,"key":"Ancient Potion"},{"floor":19.0,"key":"Swift Potion"},{"floor":22,"key":"GamblersBrew"}],"is_trial":false,"path_per_floor":["M","$","M","?","M","R","E","R","T","E","?","R","M","$","R","B",null,"M","M","?","M","M","E"],"character_chosen":"IRONCLAD","items_purchased":["Inflame","Bag of Preparation"],"campfire_rested":1,"item_purchase_floors":[2,14],"current_hp_per_floor":[71,71,78,67,59,59,20,45,45,32,51,51,51,51,51,23,76,50,41,41,41,53,0],"gold":205,"neow_bonus":"THREE_RARE_CARDS","is_prod":false,"is_daily":false,"chose_seed":false,"campfire_upgraded":3,"win_rate":0,"timestamp":1558671149,"path_taken":["M","$","M","?","M","R","E","R","T","E","?","R","M","$","R","BOSS","M","M","?","M","M","E"],"build_version":"2019-01-23","purchased_purges":1,"victory":false,"max_hp_per_floor":[78,78,81,81,81,81,84,84,84,87,90,90,94,94,94,94,94,98,102,51,55,59,59],"card_choices":[{"not_picked":["Fiend Fire","Immolate"],"picked":"Feed","floor":0.0},{"not_picked":["Havoc","Cleave"],"picked":"Battle Trance","floor":1.0},{"not_picked":["Hemokinesis","Inflame"],"picked":"Sword Boomerang","floor":3.0},{"not_picked":["Warcry","Fire Breathing"],"picked":"True Grit","floor":5.0},{"not_picked":["Clash","Wild Strike"],"picked":"Reaper","floor":7.0},{"not_picked":["Sever Soul","Second Wind","Body Slam"],"picked":"SKIP","floor":10.0},{"not_picked":["Searing Blow","Corruption"],"picked":"Armaments","floor":11.0},{"not_picked":["Carnage","Thunderclap","Flex"],"picked":"SKIP","floor":13.0},{"not_picked":["Bludgeon","Berserk"],"picked":"Juggernaut","floor":16.0},{"not_picked":["True Grit","Wild Strike"],"picked":"Shrug It Off","floor":18.0},{"not_picked":["Whirlwind","Cleave","Iron Wave"],"picked":"SKIP","floor":19.0},{"not_picked":["Anger","Sword Boomerang"],"picked":"Impervious","floor":21.0},{"not_picked":["Entrench","Sword Boomerang"],"picked":"Havoc+1","floor":22}],"player_experience":720045,"relics_obtained":[{"floor":7.0,"key":"Art of War"},{"floor":9.0,"key":"Vajra"},{"floor":10.0,"key":"Bottled Tornado"},{"floor":11.0,"key":"Odd Mushroom"}],"event_choices":[{"damage_healed":0.0,"max_hp_gain":0.0,"max_hp_loss":0.0,"gold_gain":75.0,"event_name":"World of Goop","player_choice":"Gather Gold","floor":4.0,"gold_loss":0.0,"damage_taken":11.0},{"damage_healed":0.0,"max_hp_gain":0.0,"max_hp_loss":0.0,"gold_gain":0.0,"event_name":"Mushrooms","player_choice":"Fought Mushrooms","floor":11.0,"gold_loss":0.0,"damage_taken":0.0},{"damage_healed":0.0,"max_hp_gain":0.0,"max_hp_loss":51.0,"gold_gain":0.0,"event_name":"Ghosts","player_choice":"Became a Ghost","floor":20.0,"gold_loss":0.0,"damage_taken":0.0,"cards_obtained":["Ghostly","Ghostly","Ghostly"]}],"is_beta":false,"boss_relics":[{"not_picked":["Sozu","Empty Cage"],"picked":"Runic Pyramid"}],"items_purged_floors":[2],"is_endless":false,"potions_floor_spawned":[5,10,16,19,21,22],"killed_by":"Book of Stabbing","ascension_level":20}