{"gold_per_floor":[115,130,130,130,144,169,169,204,204,224,224,234,409,18,18,114,114,133,48,48,65,65,65,75,92,92,92,111,111],"floor_reached":29,"playtime":1260,"items_purged":["Doubt"],"score":331,"play_id":"23e47a6a-e611-4075-b77b-b913b7fe1087","local_time":"20190608013234","is_ascension_mode":true,"campfire_choices":[{"floor":7,"key":"REST"},{"floor":11,"key":"REST"},{"floor":15,"key":"REST"},{"data":"Limit Break","floor":23,"key":"SMITH"},{"floor":27,"key":"REST"}],"neow_cost":"PERCENT_DAMAGE","seed_source_timestamp":1496312811298800,"circlet_count":0,"master_deck":["Defend_R","Defend_R","Defend_R","Defend_R","Bash","Rampage","Clash","Brutality","Pummel","Limit Break+1","Blood for Blood","Rampage","Demon Form","Inflame+1","Bite","Bite","Bite","Bite","Bite","Limit Break"],"relics":["Burning Blood","Paper Frog","Peace Pipe","Ice Cream","Singing Bowl","Gremlin Horn","Black Star","Potion Belt","Regal Pillow"],"potions_floor_usage":[5,10,12,16,25,28,29],"damage_taken":[{"damage":11,"enemies":"Jaw Worm","floor":1,"turns":4},{"damage":1,"enemies":"Cultist","floor":2,"turns":4},{"damage":1,"enemies":"2 Louse","floor":5,"turns":2},{"damage":38,"enemies":"Gremlin Nob","floor":6,"turns":5},{"damage":59,"enemies":"3 Sentries","floor":8,"turns":10},{"damage":11,"enemies":"Large Slime","floor":10,"turns":4},{"damage":8,"enemies":"3 Louse","floor":12,"turns":4},{"damage":57,"enemies":"The Guardian","floor":16,"turns":10},{"damage":26,"enemies":"3 Byrds","floor":18,"turns":5},{"damage":32,"enemies":"Chosen","floor":21,"turns":5},{"damage":47,"enemies":"Centurion and Healer","floor":24,"turns":5},{"damage":6,"enemies":"Sentry and Sphere","floor":25,"turns":3},{"damage":70,"enemies":"Shelled Parasite and Fungi","floor":28,"turns":7},{"damage":19,"enemies":"Gremlin Leader","floor":29,"turns":2}],"seed_played":"-446314599311496824","potions_obtained":[{"floor":1,"key":"Poison Potion"},{"floor":8,"key":"Strength Potion"},{"floor":10,"key":"Block Potion"},{"floor":12,"key":"GamblersBrew"},{"floor":24,"key":"AttackPotion"},{"floor":25,"key":"EssenceOfSteel"},{"floor":28,"key":"SpeedPotion"}],"is_trial":false,"path_per_floor":["M","M","?","?","M","E","R","E","T","M","R","M","?","$","R","B",null,"M","?","?","M","?","R","M","M","T","R","M","E"],"character_chosen":"IRONCLAD","items_purchased":["Gremlin Horn","Rampage"],"campfire_rested":4,"item_purchase_floors":[14,14],"current_hp_per_floor":[62,67,64,64,69,37,65,12,12,9,38,38,38,38,68,17,79,59,59,59,45,45,45,10,20,20,57,9,0],"gold":111,"neow_bonus":"TWENTY_PERCENT_HP_BONUS","is_prod":false,"is_daily":false,"chose_seed":false,"campfire_upgraded":1,"win_rate":0,"timestamp":1559971954,"path_taken":["M","M","?","?","M","E","R","E","T","?","R","M","?","$","R","BOSS","M","?","?","M","?","R","M","?","T","R","M","E"],"build_version":"2019-06-05","purchased_purges":1,"victory":false,"max_hp_per_floor":[96,96,96,96,96,96,96,96,96,98,98,100,100,100,100,100,100,100,100,69,71,71,71,73,75,75,75,77,77],"card_choices":[{"not_picked":["Sentinel","Metallicize"],"picked":"Rampage","floor":1},{"not_picked":["Pommel Strike","Armaments"],"picked":"Clash","floor":2},{"not_picked":["Anger","Sever Soul"],"picked":"Pummel","floor":5},{"not_picked":["Spot Weakness","Carnage"],"picked":"Limit Break","floor":6},{"not_picked":["Corruption","Anger"],"picked":"Blood for Blood","floor":8},{"not_picked":["Headbutt","Anger","Searing Blow"],"picked":"Singing Bowl","floor":10},{"not_picked":["Armaments","Warcry","Shrug It Off"],"picked":"Singing Bowl","floor":12},{"not_picked":["Immolate","Brutality"],"picked":"Demon Form","floor":16},{"not_picked":["Headbutt","True Grit"],"picked":"Inflame+1","floor":18},{"not_picked":["Iron Wave","Sword Boomerang","Bludgeon"],"picked":"Singing Bowl","floor":21},{"not_picked":["Clash","Iron Wave","Perfected Strike"],"picked":"Singing Bowl","floor":24},{"not_picked":["Body Slam+1","Pommel Strike+1","Hemokinesis"],"picked":"Singing Bowl","floor":25},{"not_picked":["Havoc","Perfected Strike","Ghostly Armor"],"picked":"Singing Bowl","floor":28}],"player_experience":1005557,"relics_obtained":[{"floor":6,"key":"Peace Pipe"},{"floor":8,"key":"Ice Cream"},{"floor":9,"key":"Singing Bowl"},{"floor":26,"key":"Regal Pillow"}],"event_choices":[{"damage_healed":0,"gold_gain":0,"player_choice":"Success","damage_taken":3,"relics_obtained":["Paper Frog"],"max_hp_gain":0,"max_hp_loss":0,"event_name":"Scrap Ooze","floor":3,"gold_loss":0},{"damage_healed":0,"gold_gain":0,"cards_transformed":["Strike_R"],"player_choice":"Transformed","damage_taken":0,"max_hp_gain":0,"max_hp_loss":0,"event_name":"Transmorgrifier","floor":4,"gold_loss":0,"cards_obtained":["Brutality"]},{"damage_healed":0,"gold_gain":175,"player_choice":"AGREE","damage_taken":0,"max_hp_gain":0,"max_hp_loss":0,"event_name":"Liars Game","floor":13,"gold_loss":0,"cards_obtained":["Doubt"]},{"damage_healed":0,"gold_gain":0,"player_choice":"Obtained Relic","damage_taken":0,"relics_obtained":["Potion Belt"],"max_hp_gain":0,"max_hp_loss":0,"event_name":"Addict","floor":19,"gold_loss":85},{"damage_healed":0,"gold_gain":0,"player_choice":"Became a vampire","damage_taken":0,"max_hp_gain":0,"max_hp_loss":31,"event_name":"Vampires","floor":20,"gold_loss":0,"cards_obtained":["Bite","Bite","Bite","Bite","Bite"]},{"damage_healed":0,"gold_gain":0,"player_choice":"Copied","damage_taken":0,"max_hp_gain":0,"max_hp_loss":0,"event_name":"Duplicator","floor":22,"gold_loss":0,"cards_obtained":["Limit Break"]}],"is_beta":true,"boss_relics":[{"not_picked":["Ectoplasm","Coffee Dripper"],"picked":"Black Star"}],"items_purged_floors":[14],"is_endless":false,"potions_floor_spawned":[1,8,10,12,24,25,28],"killed_by":"Gremlin Leader","ascension_level":6}