{"gold_per_floor":[115,129,129,50,66,66,100,119,119,146,161,174,192,218,218,296,296,315,315,165,177,195,224,224,258,339,264,164,197,228,242,242,319,319,334,334,304,323,343,373,373,373,373,400,413,444,462,387,387,387,387],"floor_reached":52,"playtime":4406,"items_purged":["Strike_G","Strike_G"],"score":1969,"play_id":"3c14dfe4-ca28-4b67-b7e9-5dd0b9891759","local_time":"20190530205758","is_ascension_mode":true,"campfire_choices":[{"data":"Glass Knife","floor":6.0,"key":"SMITH"},{"data":"Malaise","floor":15.0,"key":"SMITH"},{"data":"Well Laid Plans","floor":24.0,"key":"SMITH"},{"floor":32.0,"key":"REST"},{"data":"Crippling Poison","floor":41.0,"key":"SMITH"},{"floor":49.0,"key":"REST"}],"neow_cost":"NONE","seed_source_timestamp":1355431914980597,"circlet_count":0,"master_deck":["AscendersBane","Defend_G","Defend_G","Defend_G","Defend_G","Defend_G","Strike_G","Strike_G","Survivor","Neutralize","Adrenaline+1","Sucker Punch","PiercingWail+1","Glass Knife+1","Cloak And Dagger","Backstab","Malaise+1","Bouncing Flask","Dodge and Roll","Night Terror","Crippling Poison+1","Well Laid Plans+1","Dodge and Roll+1","PiercingWail","Night Terror","Dagger Spray+1","Burst","PiercingWail+1","Writhe","Calculated Gamble+1","Shame"],"special_seed":0,"relics":["Ring of the Snake","Darkstone Periapt","Meat on the Bone","Paper Crane","Dream Catcher","Cursed Key","War Paint","Ornamental Fan","Art of War","Red Mask","Black Star","Juzu Bracelet","The Specimen","WarpedTongs","Pantograph","Incense Burner","Happy Flower","Toxic Egg 2","Tough Bandages"],"potions_floor_usage":[51],"damage_taken":[{"damage":8.0,"enemies":"Jaw Worm","floor":1.0,"turns":9.0},{"damage":0.0,"enemies":"Cultist","floor":2.0,"turns":3.0},{"damage":0.0,"enemies":"Small Slimes","floor":5.0,"turns":4.0},{"damage":16.0,"enemies":"3 Sentries","floor":7.0,"turns":12.0},{"damage":0.0,"enemies":"Looter","floor":8.0,"turns":3.0},{"damage":28.0,"enemies":"Gremlin Nob","floor":10.0,"turns":4.0},{"damage":0.0,"enemies":"2 Fungi Beasts","floor":11.0,"turns":2.0},{"damage":0.0,"enemies":"Large Slime","floor":12.0,"turns":5.0},{"damage":2.0,"enemies":"Lots of Slimes","floor":13.0,"turns":4.0},{"damage":2.0,"enemies":"Lagavulin","floor":14.0,"turns":6.0},{"damage":19.0,"enemies":"The Guardian","floor":16.0,"turns":20.0},{"damage":7.0,"enemies":"Shell Parasite","floor":18.0,"turns":7.0},{"damage":0.0,"enemies":"3 Byrds","floor":21.0,"turns":6.0},{"damage":4.0,"enemies":"Sentry and Sphere","floor":22.0,"turns":5.0},{"damage":8.0,"enemies":"Book of Stabbing","floor":23.0,"turns":3.0},{"damage":11.0,"enemies":"Slavers","floor":25.0,"turns":6.0},{"damage":14.0,"enemies":"Book of Stabbing","floor":29.0,"turns":10.0},{"damage":6.0,"enemies":"Masked Bandits","floor":30.0,"turns":6.0},{"damage":23.0,"enemies":"Cultist and Chosen","floor":31.0,"turns":10.0},{"damage":52.0,"enemies":"Automaton","floor":33.0,"turns":23.0},{"damage":0.0,"enemies":"3 Darklings","floor":35.0,"turns":6.0},{"damage":18.0,"enemies":"3 Shapes","floor":38.0,"turns":4.0},{"damage":0.0,"enemies":"Sphere and 2 Shapes","floor":39.0,"turns":13.0},{"damage":34.0,"enemies":"Reptomancer","floor":40.0,"turns":10.0},{"damage":15.0,"enemies":"Nemesis","floor":44.0,"turns":15.0},{"damage":30.0,"enemies":"Transient","floor":45.0,"turns":6.0},{"damage":20.0,"enemies":"Reptomancer","floor":46.0,"turns":7.0},{"damage":19.0,"enemies":"Jaw Worm Horde","floor":47.0,"turns":5.0},{"damage":14.0,"enemies":"Awakened One","floor":50.0,"turns":33.0},{"damage":27,"enemies":"Time Eater","floor":51,"turns":23}],"seed_played":"5965660736179791693","potions_obtained":[{"floor":1.0,"key":"GamblersBrew"},{"floor":7.0,"key":"FearPotion"},{"floor":12.0,"key":"Swift Potion"},{"floor":16.0,"key":"Ancient Potion"},{"floor":25.0,"key":"AttackPotion"},{"floor":37.0,"key":"AttackPotion"},{"floor":37.0,"key":"EssenceOfSteel"},{"floor":38.0,"key":"SkillPotion"},{"floor":40.0,"key":"Poison Potion"},{"floor":45.0,"key":"AttackPotion"}],"is_trial":false,"path_per_floor":["M","M","?","$","M","R","E","M","T","E","M","M","M","E","R","B",null,"M","?","$","M","M","E","R","E","T","?","$","E","?","M","R","B",null,"M","?","?","M","M","E","R","?","T","E","M","E","M","?","R","B","B",null],"character_chosen":"THE_SILENT","items_purchased":["Glass Knife","Well Laid Plans"],"campfire_rested":2,"item_purchase_floors":[4,20],"current_hp_per_floor":[51,51,51,51,51,51,35,35,35,19,31,43,41,39,39,32,58,51,33,33,45,41,45,45,46,52,52,52,50,44,33,56,16,62,62,83,83,65,65,43,43,49,55,52,34,26,19,19,47,58,56],"gold":387,"neow_bonus":"ONE_RANDOM_RARE_CARD","is_prod":false,"is_daily":false,"chose_seed":false,"campfire_upgraded":4,"win_rate":0,"timestamp":1559275078,"path_taken":["M","M","?","?","M","R","E","M","T","E","M","M","M","E","R","BOSS","M","?","$","M","M","E","R","E","T","?","$","E","?","M","R","BOSS","M","?","?","M","?","E","R","?","T","E","M","E","M","?","R","BOSS","BOSS"],"build_version":"2019-01-23","purchased_purges":2,"victory":true,"max_hp_per_floor":[66,66,66,66,66,66,66,66,66,66,66,66,66,66,66,66,66,66,71,71,71,71,71,71,71,77,77,77,77,77,77,77,77,77,77,83,83,83,83,83,83,89,95,95,95,95,95,95,95,95,95],"card_choices":[{"not_picked":["Flechettes","Outmaneuver"],"picked":"Sucker Punch","floor":1.0},{"not_picked":["Flying Knee","Quick Slash"],"picked":"PiercingWail","floor":2.0},{"not_picked":["Sucker Punch","Eviscerate","Deflect"],"picked":"SKIP","floor":5.0},{"not_picked":["PiercingWail","Blade Dance"],"picked":"Cloak And Dagger","floor":7.0},{"not_picked":["Predator","Bane"],"picked":"Backstab","floor":8.0},{"not_picked":["Outmaneuver","Footwork"],"picked":"Malaise","floor":10.0},{"not_picked":["Sucker Punch","Slice","Masterful Stab"],"picked":"SKIP","floor":11.0},{"not_picked":["Predator","Flying Knee"],"picked":"Bouncing Flask","floor":12.0},{"not_picked":["Prepared","Finisher","All Out Attack"],"picked":"SKIP","floor":13.0},{"not_picked":["Finisher","Outmaneuver"],"picked":"Dodge and Roll","floor":14.0},{"not_picked":["Burst","Doppelganger"],"picked":"Night Terror","floor":16.0},{"not_picked":["Sucker Punch","Tactician"],"picked":"Crippling Poison","floor":18.0},{"not_picked":["Skewer","Dagger Throw"],"picked":"Dodge and Roll+1","floor":21.0},{"not_picked":["Dagger Spray","Expertise"],"picked":"PiercingWail","floor":22.0},{"not_picked":["All Out Attack","Glass Knife"],"picked":"Night Terror","floor":23.0},{"not_picked":["Accuracy","Deadly Poison","Flying Knee"],"picked":"SKIP","floor":25.0},{"not_picked":["Prepared","Unload","Flying Knee+1"],"picked":"SKIP","floor":29.0},{"not_picked":["Tactician+1","Bane","Dagger Spray"],"picked":"SKIP","floor":31.0},{"not_picked":["Finisher","Outmaneuver"],"picked":"Dagger Spray+1","floor":32.0},{"not_picked":["Unload","A Thousand Cuts"],"picked":"Burst","floor":33.0},{"not_picked":["Skewer+1","Dagger Throw+1"],"picked":"PiercingWail+1","floor":35.0},{"not_picked":["Quick Slash","Prepared","Concentrate+1"],"picked":"SKIP","floor":38.0},{"not_picked":["Endless Agony+1","Underhanded Strike","Concentrate"],"picked":"SKIP","floor":39.0},{"not_picked":["Cloak And Dagger","Blade Dance"],"picked":"Calculated Gamble+1","floor":40.0},{"not_picked":["Tactician","Deadly Poison","Escape Plan"],"picked":"SKIP","floor":44.0},{"not_picked":["Underhanded Strike","Flying Knee","Blade Dance"],"picked":"SKIP","floor":45.0},{"not_picked":["Prepared","A Thousand Cuts","Dagger Spray"],"picked":"SKIP","floor":46.0},{"not_picked":["Dash","Slice+1","PiercingWail+1"],"picked":"SKIP","floor":47.0}],"player_experience":752480,"relics_obtained":[{"floor":7.0,"key":"Darkstone Periapt"},{"floor":9.0,"key":"Meat on the Bone"},{"floor":10.0,"key":"Paper Crane"},{"floor":14.0,"key":"Dream Catcher"},{"floor":23.0,"key":"War Paint"},{"floor":25.0,"key":"Ornamental Fan"},{"floor":29.0,"key":"Art of War"},{"floor":30.0,"key":"Red Mask"},{"floor":40.0,"key":"Juzu Bracelet"},{"floor":40.0,"key":"The Specimen"},{"floor":43.0,"key":"Pantograph"},{"floor":44.0,"key":"Incense Burner"},{"floor":44.0,"key":"Happy Flower"},{"floor":46.0,"key":"Toxic Egg 2"},{"floor":46.0,"key":"Tough Bandages"}],"event_choices":[{"cards_removed":["Strike_G"],"damage_healed":0.0,"max_hp_gain":0.0,"max_hp_loss":0.0,"gold_gain":0.0,"event_name":"Bonfire Elementals","player_choice":"Offered Basic","floor":3.0,"gold_loss":0.0,"damage_taken":0.0},{"damage_healed":0.0,"max_hp_gain":5.0,"max_hp_loss":0.0,"gold_gain":0.0,"event_name":"Forgotten Altar","player_choice":"Shed Blood","floor":19.0,"gold_loss":0.0,"damage_taken":23.0},{"cards_removed":["Regret"],"damage_healed":0.0,"max_hp_gain":0.0,"max_hp_loss":0.0,"gold_gain":0.0,"event_name":"Beggar","player_choice":"Gave Gold","floor":27.0,"gold_loss":75.0,"damage_taken":0.0},{"damage_healed":0.0,"max_hp_gain":0.0,"max_hp_loss":0.0,"gold_gain":0.0,"event_name":"Masked Bandits","player_choice":"Fought Bandits","floor":30.0,"gold_loss":0.0,"damage_taken":0.0},{"damage_healed":15.0,"max_hp_gain":0.0,"max_hp_loss":0.0,"gold_gain":0.0,"event_name":"Winding Halls","player_choice":"Writhe","floor":36.0,"gold_loss":0.0,"damage_taken":0.0,"cards_obtained":["Writhe"]},{"damage_healed":0.0,"max_hp_gain":0.0,"max_hp_loss":0.0,"gold_gain":0.0,"event_name":"The Woman in Blue","player_choice":"Bought 2 Potions","floor":37.0,"gold_loss":0.0,"damage_taken":0.0},{"damage_healed":0.0,"max_hp_gain":0.0,"max_hp_loss":0.0,"gold_gain":0.0,"event_name":"Accursed Blacksmith","player_choice":"Rummage","floor":42.0,"gold_loss":0.0,"damage_taken":0.0,"relics_obtained":["WarpedTongs"],"cards_obtained":["Pain"]},{"cards_removed":["Pain"],"damage_healed":0.0,"max_hp_gain":0.0,"max_hp_loss":0.0,"gold_gain":0.0,"event_name":"Designer","player_choice":"Single Remove","floor":48.0,"gold_loss":75.0,"damage_taken":0.0}],"is_beta":false,"boss_relics":[{"not_picked":["Calling Bell","White Beast Statue"],"picked":"Cursed Key"},{"not_picked":["Orrery","Coffee Dripper"],"picked":"Black Star"}],"items_purged_floors":[20,28],"is_endless":false,"potions_floor_spawned":[1,7,12,16,21,25,38,40,45,47],"ascension_level":20}