{"gold_per_floor":[115,115,40,52,63,95,114,114,114,126,142,157,157,192,192,192],"floor_reached":16,"playtime":572,"items_purged":["Regret"],"score":222,"play_id":"c774d848-a079-42a1-acb4-76f7820d93a9","local_time":"20190611235907","is_ascension_mode":true,"campfire_choices":[{"data":"Neutralize","floor":8.0,"key":"SMITH"},{"data":"Blur","floor":15,"key":"SMITH"}],"neow_cost":"CURSE","seed_source_timestamp":960663335379450,"circlet_count":0,"master_deck":["AscendersBane","Defend_G","Defend_G","Defend_G","Defend_G","Defend_G","Strike_G","Strike_G","Strike_G","Strike_G","Strike_G","Survivor","Neutralize+1","Panacea","Swift Strike","Parasite","Deadly Poison","Dodge and Roll","Dash","Dagger Throw","Blur+1","Dash","Cloak And Dagger","Caltrops+1","After Image+1"],"special_seed":0,"relics":["Ring of the Snake","Frozen Egg 2","Ornamental Fan","Mercury Hourglass","Paper Crane"],"potions_floor_usage":[16],"damage_taken":[{"damage":2.0,"enemies":"2 Louse","floor":1.0,"turns":3.0},{"damage":4.0,"enemies":"Small Slimes","floor":4.0,"turns":4.0},{"damage":4.0,"enemies":"Jaw Worm","floor":5.0,"turns":4.0},{"damage":13.0,"enemies":"3 Sentries","floor":6.0,"turns":6.0},{"damage":7.0,"enemies":"Exordium Wildlife","floor":7.0,"turns":5.0},{"damage":0.0,"enemies":"Looter","floor":10.0,"turns":3.0},{"damage":0.0,"enemies":"Red Slaver","floor":11.0,"turns":3.0},{"damage":0.0,"enemies":"3 Louse","floor":12.0,"turns":3.0},{"damage":16,"enemies":"Lagavulin","floor":14,"turns":9},{"damage":20,"enemies":"The Guardian","floor":16,"turns":2}],"seed_played":"8735354584131516515","potions_obtained":[{"floor":1.0,"key":"PowerPotion"},{"floor":5.0,"key":"Fire Potion"},{"floor":10.0,"key":"EssenceOfSteel"},{"floor":14,"key":"Ancient Potion"}],"is_trial":false,"path_per_floor":["M","?","$","M","M","E","M","R","T","M","M","M","?","E","R","B"],"character_chosen":"THE_SILENT","items_purchased":[],"campfire_rested":0,"item_purchase_floors":[],"current_hp_per_floor":[57,57,57,53,49,36,29,29,29,29,29,29,29,13,13,0],"gold":192,"neow_bonus":"RANDOM_COLORLESS_2","is_prod":false,"is_daily":false,"chose_seed":false,"campfire_upgraded":2,"win_rate":0,"timestamp":1560290347,"path_taken":["M","?","$","M","M","E","M","R","T","M","M","M","?","E","R","BOSS"],"build_version":"2019-01-23","purchased_purges":1,"victory":false,"max_hp_per_floor":[66,66,66,66,66,66,66,66,66,66,66,66,66,66,66,66],"card_choices":[{"not_picked":["Outmaneuver","Dodge and Roll"],"picked":"Deadly Poison","floor":1.0},{"not_picked":["Dagger Spray","Deflect"],"picked":"Dodge and Roll","floor":4.0},{"not_picked":["Deflect","Concentrate"],"picked":"Dash","floor":5.0},{"not_picked":["Expertise","Outmaneuver"],"picked":"Dagger Throw","floor":6.0},{"not_picked":["Prepared","Bane"],"picked":"Blur","floor":7.0},{"not_picked":["Masterful Stab","Bane"],"picked":"Dash","floor":10.0},{"not_picked":["Bane","Accuracy+1"],"picked":"Cloak And Dagger","floor":11.0},{"not_picked":["Dodge and Roll","Poisoned Stab"],"picked":"Caltrops+1","floor":12.0},{"not_picked":["Deflect","Terror"],"picked":"After Image+1","floor":14}],"player_experience":598167,"relics_obtained":[{"floor":6.0,"key":"Ornamental Fan"},{"floor":9.0,"key":"Mercury Hourglass"},{"floor":14,"key":"Paper Crane"}],"event_choices":[{"damage_healed":0.0,"max_hp_gain":0.0,"max_hp_loss":0.0,"gold_gain":0.0,"event_name":"Big Fish","player_choice":"Box","floor":2.0,"gold_loss":0.0,"damage_taken":0.0,"relics_obtained":["Frozen Egg 2"],"cards_obtained":["Regret"]},{"damage_healed":0.0,"max_hp_gain":0.0,"max_hp_loss":0.0,"gold_gain":0.0,"event_name":"Scrap Ooze","player_choice":"Fled","floor":13.0,"gold_loss":0.0,"damage_taken":0.0}],"is_beta":false,"boss_relics":[],"items_purged_floors":[3],"is_endless":false,"potions_floor_spawned":[1,5,10,14],"killed_by":"The Guardian","ascension_level":19}