{"gold_per_floor":[109,124,124,89,89,89,102,145,170,211,211,235,235,250,250,346,346,366,366,71,171,9,9,41,51,78,90,117,146,188,200,212,299,311,334,346,369,400,412,424,465,496,531,559,588,632,659,438,438,438,438],"floor_reached":51,"playtime":2102,"items_purged":["Strike_G","Strike_G"],"score":1489,"play_id":"4f3bfbdd-d7a9-45e1-87dd-6dbe2155c4e9","local_time":"20190106162726","is_ascension_mode":true,"campfire_choices":[{"data":"Adrenaline","floor":6.0,"key":"SMITH"},{"floor":11.0,"key":"REST"},{"data":"Catalyst","floor":13.0,"key":"SMITH"},{"data":"Crippling Poison","floor":15.0,"key":"SMITH"},{"data":"Corpse Explosion","floor":23.0,"key":"SMITH"},{"data":"Well Laid Plans","floor":32.0,"key":"SMITH"},{"floor":40.0,"key":"RECALL"},{"data":"Strike_G","floor":49,"key":"PURGE"}],"neow_cost":"PERCENT_DAMAGE","seed_source_timestamp":61012801432520,"circlet_count":0,"master_deck":["AscendersBane","Defend_G","Defend_G","Defend_G","Defend_G","Defend_G","Strike_G","Strike_G","Survivor+1","Neutralize","Adrenaline+1","Poisoned Stab+1","Crippling Poison+1","Deadly Poison","Catalyst+1","Corpse Explosion+1","Dash+1","Prepared+1","PiercingWail+1","Adrenaline+1","Well Laid Plans+1","Caltrops","Deadly Poison+1","PiercingWail+1","Footwork","Adrenaline+1"],"special_seed":0,"relics":["Ring of the Serpent","Bloody Idol","Art of War","Orichalcum","Vajra","Coffee Dripper","Toy Ornithopter","Gambling Chip","Toxic Egg 2","Snake Skull","Happy Flower","MawBank","Pantograph","Bottled Flame","Centennial Puzzle","Peace Pipe"],"potions_floor_usage":[],"damage_taken":[{"damage":0.0,"enemies":"Small Slimes","floor":1.0,"turns":4.0},{"damage":2.0,"enemies":"Jaw Worm","floor":2.0,"turns":4.0},{"damage":0.0,"enemies":"Cultist","floor":7.0,"turns":4.0},{"damage":30.0,"enemies":"Lagavulin","floor":8.0,"turns":8.0},{"damage":17.0,"enemies":"3 Sentries","floor":10.0,"turns":11.0},{"damage":2.0,"enemies":"Large Slime","floor":12.0,"turns":5.0},{"damage":5.0,"enemies":"Exordium Thugs","floor":14.0,"turns":4.0},{"damage":5.0,"enemies":"Slime Boss","floor":16.0,"turns":6.0},{"damage":10.0,"enemies":"2 Thieves","floor":18.0,"turns":3.0},{"damage":13.0,"enemies":"Colosseum Slavers","floor":21.0,"turns":2.0},{"damage":3.0,"enemies":"Colosseum Nobs","floor":21.0,"turns":3.0},{"damage":4.0,"enemies":"Gremlin Leader","floor":24.0,"turns":3.0},{"damage":0.0,"enemies":"3 Byrds","floor":25.0,"turns":2.0},{"damage":3.0,"enemies":"Snecko","floor":28.0,"turns":3.0},{"damage":0.0,"enemies":"Chosen and Byrds","floor":29.0,"turns":2.0},{"damage":3.0,"enemies":"Slavers","floor":30.0,"turns":3.0},{"damage":13.0,"enemies":"Champ","floor":33.0,"turns":7.0},{"damage":0.0,"enemies":"Orb Walker","floor":35.0,"turns":2.0},{"damage":0.0,"enemies":"3 Darklings","floor":37.0,"turns":2.0},{"damage":27.0,"enemies":"Maw","floor":38.0,"turns":5.0},{"damage":8,"enemies":"Reptomancer","floor":41,"turns":4},{"damage":11,"enemies":"Writhing Mass","floor":42,"turns":3},{"damage":0,"enemies":"Jaw Worm Horde","floor":44,"turns":1},{"damage":5,"enemies":"Transient","floor":45,"turns":6},{"damage":27,"enemies":"Giant Head","floor":46,"turns":5},{"damage":3,"enemies":"4 Shapes","floor":47,"turns":3},{"damage":11,"enemies":"Time Eater","floor":50,"turns":7},{"damage":70,"enemies":"Awakened One","floor":51,"turns":11}],"seed_played":"-6343677241857291301","potions_obtained":[{"floor":2.0,"key":"Regen Potion"},{"floor":7.0,"key":"Dexterity Potion"},{"floor":12.0,"key":"Strength Potion"},{"floor":14.0,"key":"GamblersBrew"},{"floor":18.0,"key":"AttackPotion"},{"floor":24.0,"key":"Fire Potion"},{"floor":25.0,"key":"Ancient Potion"},{"floor":45,"key":"SpeedPotion"}],"is_trial":false,"path_per_floor":["M","M","?","?","?","R","M","E","T","E","R","M","R","M","R","B",null,"M","?","$","?","$","R","E","M","T","$","M","M","E","T","R","B",null,"M","?","M","M","?","R","E","M","T","M","M","E","M","$","R","B","B"],"character_chosen":"THE_SILENT","items_purchased":["Toy Ornithopter","Snake Skull","Adrenaline+1","Poison Potion"],"campfire_rested":1,"item_purchase_floors":[20,22,48,48],"current_hp_per_floor":[44,42,22,38,38,38,38,23,23,6,24,22,22,17,17,12,48,38,38,38,32,32,32,33,43,48,53,60,60,60,60,60,52,59,60,60,60,38,43,48,50,49,57,57,57,35,42,47,47,46,0],"gold":438,"neow_bonus":"THREE_RARE_CARDS","is_prod":false,"is_daily":false,"chose_seed":false,"campfire_upgraded":5,"win_rate":0,"timestamp":1546817246,"path_taken":["M","M","?","?","?","R","M","E","T","E","R","M","R","M","R","BOSS","M","?","$","?","$","R","E","M","T","?","M","M","E","?","R","BOSS","M","?","M","M","?","R","E","M","T","M","M","E","?","$","R","BOSS","BOSS"],"build_version":"2019-01-03v4","purchased_purges":2,"victory":false,"max_hp_per_floor":[66,66,66,66,60,60,60,60,60,60,60,60,60,60,60,60,60,60,60,60,60,60,60,60,60,60,60,60,60,60,60,60,60,60,60,60,60,60,57,57,57,57,57,57,57,57,57,57,57,57,57],"card_choices":[{"not_picked":["Wraith Form v2","Night Terror"],"picked":"Adrenaline","floor":0.0},{"not_picked":["Deadly Poison","Tactician"],"picked":"Poisoned Stab","floor":1.0},{"not_picked":["Dagger Throw","Endless Agony"],"picked":"Crippling Poison","floor":2.0},{"not_picked":["Quick Slash","Outmaneuver","All Out Attack"],"picked":"SKIP","floor":7.0},{"not_picked":["Expertise","Poisoned Stab"],"picked":"Deadly Poison","floor":8.0},{"not_picked":["Leg Sweep","Unload"],"picked":"Catalyst","floor":10.0},{"not_picked":["All Out Attack","Deflect"],"picked":"Poisoned Stab","floor":12.0},{"not_picked":["Quick Slash","Deadly Poison","Infinite Blades"],"picked":"SKIP","floor":14.0},{"not_picked":["Grand Finale","Envenom"],"picked":"Corpse Explosion","floor":16.0},{"not_picked":["Riddle With Holes","Dodge and Roll"],"picked":"Dash+1","floor":18.0},{"not_picked":["Tactician+1","Underhanded Strike"],"picked":"Prepared+1","floor":24.0},{"not_picked":["Tactician+1","Outmaneuver+1"],"picked":"PiercingWail+1","floor":25.0},{"not_picked":["Bane","Distraction+1"],"picked":"Adrenaline+1","floor":28.0},{"not_picked":["Dash","Accuracy"],"picked":"Well Laid Plans","floor":29.0},{"not_picked":["Masterful Stab","Predator","Dagger Throw"],"picked":"SKIP","floor":30.0},{"not_picked":["Dash+1","Expertise+1","Infinite Blades"],"picked":"SKIP","floor":35.0},{"not_picked":["Escape Plan+1","Dagger Throw","Blur+1"],"picked":"SKIP","floor":37.0},{"not_picked":["Dagger Spray+1","Deflect+1"],"picked":"Caltrops","floor":38.0},{"not_picked":["Cloak And Dagger+1","Prepared+1"],"picked":"Deadly Poison+1","floor":41},{"not_picked":["Flying Knee","Endless Agony+1","Underhanded Strike+1"],"picked":"SKIP","floor":42},{"not_picked":["Outmaneuver+1","Acrobatics+1","Flying Knee"],"picked":"SKIP","floor":44},{"not_picked":["Finisher","Masterful Stab","Skewer"],"picked":"SKIP","floor":45},{"not_picked":["Grand Finale","Acrobatics+1"],"picked":"PiercingWail+1","floor":46},{"not_picked":["Blade Dance+1","Outmaneuver+1"],"picked":"Footwork","floor":47}],"player_experience":684814,"relics_obtained":[{"floor":8.0,"key":"Art of War"},{"floor":9.0,"key":"Orichalcum"},{"floor":10.0,"key":"Vajra"},{"floor":21.0,"key":"Gambling Chip"},{"floor":21.0,"key":"Toxic Egg 2"},{"floor":24.0,"key":"Happy Flower"},{"floor":26.0,"key":"MawBank"},{"floor":30.0,"key":"Pantograph"},{"floor":31.0,"key":"Bottled Flame"},{"floor":41,"key":"Centennial Puzzle"},{"floor":46,"key":"Peace Pipe"}],"event_choices":[{"damage_healed":0.0,"max_hp_gain":0.0,"max_hp_loss":0.0,"gold_gain":0.0,"event_name":"Shining Light","player_choice":"Entered Light","floor":3.0,"gold_loss":0.0,"damage_taken":20.0,"cards_upgraded":["Survivor","Poisoned Stab"]},{"damage_healed":16.0,"max_hp_gain":0.0,"max_hp_loss":0.0,"gold_gain":0.0,"event_name":"The Cleric","player_choice":"Healed","floor":4.0,"gold_loss":35.0,"damage_taken":0.0},{"damage_healed":0.0,"max_hp_gain":0.0,"max_hp_loss":6.0,"gold_gain":0.0,"event_name":"Golden Idol","player_choice":"Lose Max HP","floor":5.0,"gold_loss":0.0,"damage_taken":0.0,"relics_obtained":["Golden Idol"]},{"damage_healed":0.0,"max_hp_gain":0.0,"max_hp_loss":0.0,"gold_gain":0.0,"event_name":"Forgotten Altar","player_choice":"Gave Idol","floor":19.0,"relics_lost":["Golden Idol"],"gold_loss":0.0,"damage_taken":0.0,"relics_obtained":["Bloody Idol"]},{"damage_healed":0.0,"max_hp_gain":0.0,"max_hp_loss":0.0,"gold_gain":0.0,"event_name":"Colosseum","player_choice":"Fight","floor":21.0,"gold_loss":0.0,"damage_taken":0.0},{"damage_healed":0.0,"max_hp_gain":0.0,"max_hp_loss":0.0,"gold_gain":0.0,"event_name":"Colosseum","player_choice":"Fought Nobs","floor":21.0,"gold_loss":0.0,"damage_taken":0.0},{"cards_removed":["Poisoned Stab"],"damage_healed":0.0,"max_hp_gain":0.0,"max_hp_loss":0.0,"gold_gain":0.0,"event_name":"Falling","player_choice":"Removed Attack","floor":36.0,"gold_loss":0.0,"damage_taken":0.0},{"damage_healed":0.0,"max_hp_gain":0.0,"max_hp_loss":3.0,"gold_gain":0.0,"event_name":"Winding Halls","player_choice":"Max HP","floor":39.0,"gold_loss":0.0,"damage_taken":0.0}],"is_beta":false,"boss_relics":[{"not_picked":["White Beast Statue","WristBlade"],"picked":"Coffee Dripper"},{"not_picked":["Snecko Eye","Runic Dome"],"picked":"Ring of the Serpent"}],"items_purged_floors":[20,48],"is_endless":false,"potions_floor_spawned":[2,7,12,14,18,24,25,30,38,42,44,45,47],"killed_by":"Awakened One","ascension_level":20}