{"gold_per_floor":[111,127,127,127,127,162,10,40,40,40,60,70,82,101,101,197,197,217,230,144,158,177,177,207,207,207,207,207,207,207,50,50,146,146,163,72,86,0,13,13,13,13,13,48,48,59,70,70,70,70],"floor_reached":51,"playtime":4036,"items_purged":["Battle Trance"],"score":714,"play_id":"f4b4fd34-e349-410a-869d-5c5e649b1b28","local_time":"20190701134509","is_ascension_mode":true,"campfire_choices":[{"data":"Evolve","floor":10,"key":"SMITH"},{"data":"Wild Strike","floor":15,"key":"SMITH"},{"floor":23,"key":"REST"},{"data":"Dual Wield","floor":25,"key":"SMITH"},{"data":"Corruption","floor":28,"key":"SMITH"},{"data":"Metallicize","floor":30,"key":"SMITH"},{"floor":32,"key":"REST"},{"data":"Dark Embrace","floor":40,"key":"SMITH"},{"data":"Feel No Pain","floor":42,"key":"SMITH"},{"floor":45,"key":"REST"},{"floor":49,"key":"RECALL"}],"neow_cost":"NONE","seed_source_timestamp":626339403022199,"circlet_count":0,"master_deck":["Strike_R+1","Strike_R+1","Strike_R+1","Strike_R+1","Defend_R+1","Defend_R+1","Defend_R+1","Defend_R+1","Bash+1","Evolve+1","Wild Strike+1","Clash+1","Dual Wield+1","Sentinel+1","Metallicize+1","Seeing Red+1","Corruption+1","Shrug It Off+1","Thunderclap+1","Seeing Red+1","Feel No Pain+1","Dark Embrace+1","Rampage+1","Uppercut+1","Demon Form+1","Spot Weakness+1","Sentinel+1"],"relics":["Burning Blood","NeowsBlessing","Gremlin Horn","Bag of Preparation","Mercury Hourglass","Mummified Hand","Philosopher\u0027s Stone","Anchor","Molten Egg 2","Runic Cube","Shuriken","Red Mask","Happy Flower","Red Skull","Mark of the Bloom"],"potions_floor_usage":[8,16,16,22,22,50],"damage_taken":[{"damage":0,"enemies":"Jaw Worm","floor":1,"turns":1},{"damage":0,"enemies":"2 Louse","floor":2,"turns":1},{"damage":0,"enemies":"Gremlin Nob","floor":6,"turns":1},{"damage":22,"enemies":"Lagavulin","floor":8,"turns":7},{"damage":5,"enemies":"Small Slimes","floor":11,"turns":4},{"damage":4,"enemies":"Blue Slaver","floor":12,"turns":3},{"damage":0,"enemies":"Gremlin Gang","floor":13,"turns":3},{"damage":2,"enemies":"Exordium Thugs","floor":14,"turns":4},{"damage":80,"enemies":"Hexaghost","floor":16,"turns":10},{"damage":22,"enemies":"Spheric Guardian","floor":18,"turns":5},{"damage":17,"enemies":"2 Thieves","floor":19,"turns":3},{"damage":21,"enemies":"Snake Plant","floor":21,"turns":5},{"damage":2,"enemies":"3 Cultists","floor":22,"turns":4},{"damage":28,"enemies":"Gremlin Leader","floor":24,"turns":6},{"damage":49,"enemies":"Automaton","floor":33,"turns":10},{"damage":6,"enemies":"Orb Walker","floor":35,"turns":2},{"damage":7,"enemies":"3 Darklings","floor":37,"turns":4},{"damage":16,"enemies":"Jaw Worm Horde","floor":39,"turns":4},{"damage":21,"enemies":"Nemesis","floor":44,"turns":5},{"damage":7,"enemies":"Transient","floor":46,"turns":5},{"damage":0,"enemies":"3 Darklings","floor":47,"turns":4},{"damage":38,"enemies":"Time Eater","floor":50,"turns":7}],"seed_played":"-8936286954349195254","potions_obtained":[{"floor":1,"key":"Block Potion"},{"floor":11,"key":"Regen Potion"},{"floor":12,"key":"Swift Potion"},{"floor":13,"key":"BloodPotion"},{"floor":21,"key":"PowerPotion"},{"floor":47,"key":"LiquidBronze"}],"is_trial":false,"path_per_floor":["M","M","?","?","?","E","$","E","T","R","M","M","M","M","R","B",null,"M","M","$","M","M","R","E","R","T","?","R","?","R","$","R","B",null,"M","?","M","?","M","R","$","R","T","E","R","M","M","?","R","B",null],"character_chosen":"IRONCLAD","items_purchased":["Bag of Preparation","Corruption","Shrug It Off","Feel No Pain"],"campfire_rested":3,"item_purchase_floors":[7,20,20,31],"current_hp_per_floor":[80,80,73,78,78,84,84,68,68,68,69,71,77,81,81,25,85,69,58,58,43,47,72,50,50,50,50,50,50,50,50,75,32,85,85,85,84,84,74,74,74,74,74,59,84,83,85,85,85,47],"gold":70,"neow_bonus":"THREE_ENEMY_KILL","is_prod":false,"is_daily":false,"chose_seed":false,"campfire_upgraded":7,"win_rate":0,"timestamp":1562003109,"path_taken":["M","M","?","?","?","E","?","E","T","R","M","M","?","M","R","BOSS","M","M","$","M","M","R","E","R","T","?","R","?","R","?","R","BOSS","M","?","?","?","M","R","?","R","T","E","R","M","M","?","R","BOSS"],"build_version":"2019-01-23","purchased_purges":1,"victory":true,"max_hp_per_floor":[80,80,80,85,85,85,85,85,85,85,85,85,85,85,85,85,85,85,85,85,85,85,85,85,85,85,85,85,85,85,85,85,85,85,85,85,85,85,85,85,85,85,85,85,85,85,85,85,85,85],"card_choices":[{"not_picked":["Clash","Sword Boomerang"],"picked":"Evolve","floor":1},{"not_picked":["Warcry","Twin Strike"],"picked":"Battle Trance","floor":2},{"not_picked":["Intimidate","Sword Boomerang"],"picked":"Wild Strike","floor":6},{"not_picked":["Heavy Blade","Sword Boomerang"],"picked":"Clash","floor":8},{"not_picked":["Iron Wave","Headbutt","True Grit"],"picked":"SKIP","floor":11},{"not_picked":["Clothesline","Body Slam"],"picked":"Dual Wield","floor":12},{"not_picked":["Heavy Blade","Rupture"],"picked":"Sentinel","floor":13},{"not_picked":["Shockwave","Perfected Strike","Dropkick"],"picked":"SKIP","floor":14},{"not_picked":["Clash","Anger"],"picked":"Metallicize","floor":18},{"not_picked":["Shrug It Off","Inflame"],"picked":"Seeing Red","floor":19},{"not_picked":["Rupture","Pommel Strike","Flame Barrier+1"],"picked":"SKIP","floor":21},{"not_picked":["Clash","Searing Blow"],"picked":"Thunderclap","floor":22},{"not_picked":["Warcry","Corruption"],"picked":"Seeing Red","floor":24},{"not_picked":["Fiend Fire+1","Bludgeon+1"],"picked":"Dark Embrace","floor":33},{"not_picked":["Clash+1","Spot Weakness"],"picked":"Rampage+1","floor":35},{"not_picked":["Pummel+1","Headbutt+1","Iron Wave+1"],"picked":"SKIP","floor":37},{"not_picked":["Shockwave","Ghostly Armor"],"picked":"Uppercut+1","floor":39},{"not_picked":["Body Slam+1","Metallicize"],"picked":"Demon Form","floor":44},{"not_picked":["Havoc","Iron Wave+1"],"picked":"Spot Weakness+1","floor":46},{"not_picked":["Sever Soul+1","Havoc+1"],"picked":"Sentinel+1","floor":47}],"player_experience":168204,"relics_obtained":[{"floor":6,"key":"Gremlin Horn"},{"floor":8,"key":"Mercury Hourglass"},{"floor":9,"key":"Mummified Hand"},{"floor":24,"key":"Anchor"},{"floor":26,"key":"Molten Egg 2"},{"floor":43,"key":"Happy Flower"},{"floor":44,"key":"Red Skull"}],"event_choices":[{"cards_removed":["Strike_R"],"damage_healed":0,"gold_gain":0,"player_choice":"Card Removal","damage_taken":7,"max_hp_gain":0,"max_hp_loss":0,"event_name":"Golden Wing","floor":3,"gold_loss":0},{"damage_healed":0,"gold_gain":0,"player_choice":"Donut","damage_taken":0,"max_hp_gain":5,"max_hp_loss":0,"event_name":"Big Fish","floor":4,"gold_loss":0},{"damage_healed":0,"gold_gain":0,"player_choice":"Ignored","damage_taken":0,"max_hp_gain":0,"max_hp_loss":0,"event_name":"Liars Game","floor":5,"gold_loss":0},{"damage_healed":0,"gold_gain":0,"player_choice":"Ignored","damage_taken":0,"max_hp_gain":0,"max_hp_loss":0,"event_name":"The Mausoleum","floor":27,"gold_loss":0},{"damage_healed":0,"gold_gain":0,"player_choice":"Ignored","damage_taken":0,"max_hp_gain":0,"max_hp_loss":0,"event_name":"Ghosts","floor":29,"gold_loss":0},{"damage_healed":0,"gold_gain":0,"player_choice":"Paid Gold","damage_taken":0,"relics_obtained":["Shuriken"],"max_hp_gain":0,"max_hp_loss":0,"event_name":"WeMeetAgain","floor":36,"gold_loss":91},{"damage_healed":0,"gold_gain":0,"player_choice":"Paid","damage_taken":0,"relics_obtained":["Red Mask"],"max_hp_gain":0,"max_hp_loss":0,"event_name":"Tomb of Lord Red Mask","floor":38,"gold_loss":86},{"damage_healed":0,"gold_gain":0,"player_choice":"Upgrade","damage_taken":0,"relics_obtained":["Mark of the Bloom"],"max_hp_gain":0,"max_hp_loss":0,"event_name":"MindBloom","floor":48,"gold_loss":0,"cards_upgraded":["Strike_R","Strike_R","Strike_R","Strike_R","Defend_R","Defend_R","Defend_R","Defend_R","Bash","Clash","Sentinel","Seeing Red","Shrug It Off","Thunderclap","Seeing Red","Demon Form"]}],"is_beta":false,"boss_relics":[{"not_picked":["Fusion Hammer","Tiny House"],"picked":"Philosopher\u0027s Stone"},{"not_picked":["Orrery","White Beast Statue"],"picked":"Runic Cube"}],"items_purged_floors":[31],"is_endless":false,"potions_floor_spawned":[1,11,12,13,21,47],"ascension_level":1}