{"gold_per_floor":[118,118,118,131,148,173,173,201,225,225,225],"floor_reached":11,"playtime":2051,"items_purged":[],"score":113,"play_id":"129200b9-02ba-4c75-86b2-0da96b1d03dc","local_time":"20190706224750","is_ascension_mode":true,"campfire_choices":[{"floor":7,"key":"REST"},{"floor":10,"key":"REST"}],"neow_cost":"NONE","seed_source_timestamp":25817865305600,"circlet_count":0,"master_deck":["Strike_R","Strike_R","Strike_R","Strike_R","Strike_R","Defend_R","Defend_R","Defend_R","Defend_R","Bash+1","Body Slam","Shockwave","Berserk","Whirlwind"],"relics":["Burning Blood","NeowsBlessing","Pen Nib","Anchor","Shovel","Bag of Marbles"],"potions_floor_usage":[6,6,11],"damage_taken":[{"damage":0,"enemies":"2 Louse","floor":1,"turns":2},{"damage":0,"enemies":"Small Slimes","floor":4,"turns":1},{"damage":0,"enemies":"Jaw Worm","floor":5,"turns":1},{"damage":48,"enemies":"Lagavulin","floor":6,"turns":7},{"damage":60,"enemies":"3 Sentries","floor":8,"turns":10},{"damage":47,"enemies":"Lagavulin","floor":11,"turns":6}],"seed_played":"-7004080351751786884","potions_obtained":[{"floor":4,"key":"Regen Potion"},{"floor":5,"key":"PowerPotion"},{"floor":8,"key":"EssenceOfSteel"}],"is_trial":false,"path_per_floor":["M","?","?","M","M","E","R","E","T","R","E"],"character_chosen":"IRONCLAD","items_purchased":[],"campfire_rested":2,"item_purchase_floors":[],"current_hp_per_floor":[78,75,75,80,80,50,74,20,20,44,0],"gold":225,"neow_bonus":"THREE_ENEMY_KILL","is_prod":false,"is_daily":false,"chose_seed":false,"campfire_upgraded":0,"win_rate":0,"timestamp":1562467670,"path_taken":["M","?","?","M","M","E","R","E","T","R","E"],"build_version":"2019-07-03","purchased_purges":0,"victory":false,"max_hp_per_floor":[80,80,80,80,80,80,80,80,80,80,80],"card_choices":[{"not_picked":["Clash","Pommel Strike","Dropkick"],"picked":"SKIP","floor":1},{"not_picked":["Iron Wave","Metallicize"],"picked":"Body Slam","floor":4},{"not_picked":["Cleave","True Grit"],"picked":"Shockwave","floor":5},{"not_picked":["Disarm","Perfected Strike"],"picked":"Berserk","floor":6},{"not_picked":["Spot Weakness","Thunderclap"],"picked":"Whirlwind","floor":8}],"player_experience":1207887,"relics_obtained":[{"floor":6,"key":"Anchor"},{"floor":8,"key":"Shovel"},{"floor":9,"key":"Bag of Marbles"}],"event_choices":[{"damage_healed":0,"gold_gain":0,"player_choice":"Success","damage_taken":3,"relics_obtained":["Pen Nib"],"max_hp_gain":0,"max_hp_loss":0,"event_name":"Scrap Ooze","floor":2,"gold_loss":0},{"damage_healed":0,"gold_gain":0,"player_choice":"Grow","damage_taken":0,"max_hp_gain":0,"max_hp_loss":0,"event_name":"Living Wall","floor":3,"gold_loss":0,"cards_upgraded":["Bash"]}],"is_beta":true,"boss_relics":[],"items_purged_floors":[],"is_endless":false,"potions_floor_spawned":[4,5,8],"killed_by":"Lagavulin","ascension_level":8}