{"path_per_floor":["M","?","M","M","M","R","M","R","T","E","M","$","T","M","R"],"character_chosen":"DEFECT","items_purchased":["Symbiotic Virus","Capacitor","Turbo","Go for the Eyes"],"gold_per_floor":[113,363,377,395,409,409,425,425,477,509,525,152,152,162,162,162],"floor_reached":16,"campfire_rested":2,"playtime":631,"current_hp_per_floor":[75,75,73,69,64,64,38,60,60,11,8,8,8,2,24,0],"items_purged":[],"gold":162,"score":104,"play_id":"33b0885f-c3c6-4876-be28-a70408ca0712","local_time":"20180515031812","is_prod":false,"is_daily":false,"chose_seed":false,"is_ascension_mode":false,"campfire_upgraded":1,"timestamp":1526368692,"path_taken":["M","?","M","M","?","R","M","R","T","E","M","$","?","M","R","BOSS"],"build_version":"2018-05-12v2","seed_source_timestamp":131068727681730,"purchased_purges":0,"victory":false,"master_deck":["Strike_B","Strike_B","Strike_B","Strike_B","Defend_B","Defend_B","Defend_B","Defend_B","Zap","Dualcast","Regret","Go for the Eyes","Biased Cognition+1","Melter","Coolheaded","Cold Snap","Go for the Eyes","Capacitor","Turbo","Go for the Eyes"],"max_hp_per_floor":[75,75,75,75,75,75,75,75,75,75,75,75,75,75,75,75],"relics":["Cracked Core","Anchor","Mummified Hand","Symbiotic Virus","Ornamental Fan"],"card_choices":[{"not_picked":["Streamline","Storm","Skim"],"picked":"SKIP","floor":1},{"not_picked":["Capacitor","Stack"],"picked":"Go for the Eyes","floor":3},{"not_picked":["Capacitor","Self Repair"],"picked":"Biased Cognition","floor":4},{"not_picked":["Self Repair","Blizzard"],"picked":"Melter","floor":5},{"not_picked":["Cold Snap","Steam"],"picked":"Coolheaded","floor":7},{"not_picked":["Leap","Conserve Battery"],"picked":"Cold Snap","floor":10},{"not_picked":["Rebound","Reboot"],"picked":"Go for the Eyes","floor":11},{"not_picked":["Steam","Impulse","Streamline"],"picked":"SKIP","floor":14}],"player_experience":261614,"potions_floor_usage":[5,10,11],"damage_taken":[{"damage":0,"enemies":"Cultist","floor":1,"turns":3},{"damage":2,"enemies":"Small Slimes","floor":3,"turns":3},{"damage":4,"enemies":"Jaw Worm","floor":4,"turns":2},{"damage":5,"enemies":"Looter","floor":5,"turns":2},{"damage":26,"enemies":"Large Slime","floor":7,"turns":7},{"damage":49,"enemies":"Gremlin Nob","floor":10,"turns":5},{"damage":3,"enemies":"Gremlin Gang","floor":11,"turns":3},{"damage":6,"enemies":"Exordium Wildlife","floor":14,"turns":3},{"damage":27,"enemies":"The Guardian","floor":16,"turns":11}],"event_choices":[{"event_name":"Golden Shrine","player_choice":"Desecrate","floor":2,"damage_taken":0}],"boss_relics":[],"potions_floor_spawned":[4,5,7,10,14],"seed_played":"-6079266891333296373","killed_by":"The Guardian","ascension_level":0,"is_trial":false}