{"gold_per_floor":[117,128,141,216,239,266,283,283,283,611,626,643,656,684,684,780,780,790,790,790,803,803,837,849,884,884,898,916,916,934,949,949,1047,1047,1062,1082,248,248,258,258,258],"floor_reached":41,"playtime":2718,"items_purged":[],"score":709,"play_id":"e2e56787-6711-4e6c-9250-77887a1214c2","local_time":"20180718044018","daily_mods":["Draft"],"is_ascension_mode":false,"campfire_choices":[{"floor":8,"key":"REST"},{"floor":15,"key":"REST"},{"floor":29,"key":"REST"},{"floor":32,"key":"REST"},{"floor":40,"key":"REST"}],"neow_cost":"","seed_source_timestamp":775843141592367,"circlet_count":0,"master_deck":["Gash","Scrape","Sweeping Beam","Rebound","Chill","Coolheaded","Blizzard","Hologram","Gash","Coolheaded","Beam Cell","Blizzard","Beam Cell","Gash","Gash","Genetic Algorithm","Glacier","Beam Cell","Steam","Rebound","Machine Learning","Scrape","Beam Cell","Melter","Echo Form","Redo","Coolheaded","Leap","Rebound","Beam Cell","Consume","Electrodynamics","Ghostly","Ghostly","Ghostly","Ghostly","Ghostly","Recycle+1","Cold Snap","Core Surge","Conserve Battery+1","Gash","Coolheaded","Go for the Eyes","Echo Form","Consume","Cold Snap","Gash","Static Discharge","Madness","Madness","Rip and Tear","Hologram+1"],"relics":["Cracked Core","Blood Vial","Oddly Smooth Stone","Kunai","Old Coin","Bottled Lightning","Orrery","Regal Pillow","StoneCalendar","Sundial","Bird Faced Urn","Black Star","Torii","OrangePellets","Dream Catcher"],"potions_floor_usage":[6,11,13,14,18,24,25,27,28,33,39],"damage_taken":[{"damage":7,"enemies":"Jaw Worm","floor":1,"turns":2},{"damage":0,"enemies":"2 Louse","floor":2,"turns":2},{"damage":0,"enemies":"Cultist","floor":3,"turns":2},{"damage":16,"enemies":"Lagavulin","floor":6,"turns":3},{"damage":19,"enemies":"Exordium Thugs","floor":7,"turns":4},{"damage":10,"enemies":"Gremlin Nob","floor":10,"turns":3},{"damage":8,"enemies":"Looter","floor":11,"turns":3},{"damage":0,"enemies":"Red Slaver","floor":12,"turns":2},{"damage":1,"enemies":"3 Louse","floor":13,"turns":2},{"damage":9,"enemies":"Lagavulin","floor":14,"turns":3},{"damage":24,"enemies":"The Guardian","floor":16,"turns":6},{"damage":4,"enemies":"Chosen","floor":18,"turns":4},{"damage":10,"enemies":"3 Byrds","floor":21,"turns":6},{"damage":11,"enemies":"Slavers","floor":23,"turns":8},{"damage":1,"enemies":"Snake Plant","floor":24,"turns":6},{"damage":0,"enemies":"Gremlin Leader","floor":25,"turns":8},{"damage":1,"enemies":"Sentry and Sphere","floor":27,"turns":6},{"damage":13,"enemies":"3 Cultists","floor":28,"turns":6},{"damage":6,"enemies":"Centurion and Healer","floor":30,"turns":8},{"damage":25,"enemies":"Slaver and Parasite","floor":31,"turns":6},{"damage":0,"enemies":"Champ","floor":33,"turns":12},{"damage":26,"enemies":"Orb Walker","floor":35,"turns":4},{"damage":0,"enemies":"Flame Bruiser 1 Orb","floor":36,"turns":10},{"damage":1,"enemies":"4 Shapes","floor":39,"turns":6},{"damage":50,"enemies":"Giant Head","floor":41,"turns":10}],"seed_played":"3386936695846624785","potions_obtained":[{"floor":3,"key":"Strength Potion"},{"floor":10,"key":"GamblersBrew"},{"floor":11,"key":"Strength Potion"},{"floor":13,"key":"Weak Potion"},{"floor":16,"key":"PowerPotion"},{"floor":23,"key":"Swift Potion"},{"floor":24,"key":"FearPotion"},{"floor":25,"key":"Swift Potion"},{"floor":27,"key":"Energy Potion"},{"floor":31,"key":"Weak Potion"}],"is_trial":true,"path_per_floor":["M","M","M","?","T","E","M","R","T","E","M","M","M","E","R","B",null,"M","?","?","M","?","E","M","E","T","M","M","R","M","M","R","B",null,"M","M","$","?","M","R"],"character_chosen":"DEFECT","items_purchased":["Torii","OrangePellets","Gash","Static Discharge","Dream Catcher","SteroidPotion"],"campfire_rested":5,"item_purchase_floors":[37,37,37,37,37,37],"current_hp_per_floor":[68,68,68,57,57,43,26,48,48,40,34,36,37,30,52,30,75,75,85,85,75,42,31,32,34,34,35,24,42,40,19,42,42,42,16,22,22,17,26,42,0],"gold":258,"neow_bonus":"","is_prod":false,"is_daily":false,"chose_seed":false,"campfire_upgraded":0,"win_rate":0,"timestamp":1531903218,"path_taken":["M","M","M","?","?","E","M","R","T","E","M","M","M","E","R","BOSS","M","?","?","M","?","E","M","E","T","M","?","R","M","M","R","BOSS","M","M","$","?","M","R","E"],"build_version":"2018-07-16","purchased_purges":0,"victory":false,"max_hp_per_floor":[75,75,75,75,75,75,75,75,75,75,75,75,75,75,75,75,75,75,85,85,85,42,42,42,42,42,42,42,42,42,42,42,42,42,42,42,42,42,42,42,42],"card_choices":[{"not_picked":["Turbo","Compile Driver"],"picked":"Gash","floor":0},{"not_picked":["FTL","Blizzard"],"picked":"Scrape","floor":0},{"not_picked":["Hologram","Redo"],"picked":"Sweeping Beam","floor":0},{"not_picked":["Leap","Force Field"],"picked":"Rebound","floor":0},{"not_picked":["Sweeping Beam","BootSequence"],"picked":"Chill","floor":0},{"not_picked":["Barrage","Recycle"],"picked":"Coolheaded","floor":0},{"not_picked":["Barrage","Stack"],"picked":"Blizzard","floor":0},{"not_picked":["Heatsinks","Aggregate"],"picked":"Hologram","floor":0},{"not_picked":["Stack","Static Discharge"],"picked":"Gash","floor":0},{"not_picked":["Compile Driver","Capacitor"],"picked":"Coolheaded","floor":0},{"not_picked":["Sunder","Skim"],"picked":"Beam Cell","floor":0},{"not_picked":["Aggregate","Steam"],"picked":"Blizzard","floor":0},{"not_picked":["Undo","Self Repair"],"picked":"Beam Cell","floor":0},{"not_picked":["Steam","Capacitor"],"picked":"Gash","floor":0},{"not_picked":["Beam Cell","Redo"],"picked":"Gash","floor":0},{"not_picked":["Hello World","Capacitor"],"picked":"Genetic Algorithm","floor":1},{"not_picked":["Sweeping Beam","Leap"],"picked":"Glacier","floor":2},{"not_picked":["Streamline","Go for the Eyes"],"picked":"Beam Cell","floor":3},{"not_picked":["Streamline","Redo"],"picked":"Steam","floor":6},{"not_picked":["Capacitor","Go for the Eyes"],"picked":"Rebound","floor":7},{"not_picked":["Coolheaded","Barrage"],"picked":"Machine Learning","floor":10},{"not_picked":["Sweeping Beam","Skim"],"picked":"Scrape","floor":11},{"not_picked":["Darkness","Chaos"],"picked":"Beam Cell","floor":12},{"not_picked":["Steam Power","Compile Driver"],"picked":"Melter","floor":13},{"not_picked":["Sweeping Beam","Hyperbeam"],"picked":"Thunder Strike","floor":14},{"not_picked":["Hyperbeam","Meteor Strike"],"picked":"Echo Form","floor":16},{"not_picked":["Compile Driver","Steam"],"picked":"Redo","floor":17},{"not_picked":["Compile Driver","Blizzard"],"picked":"Coolheaded","floor":17},{"not_picked":["Hello World","Compile Driver"],"picked":"Leap","floor":17},{"not_picked":["Barrage","Turbo"],"picked":"Rebound","floor":17},{"not_picked":["Leap","Steam Power"],"picked":"Beam Cell","floor":17},{"not_picked":["Loop","Beam Cell+1"],"picked":"Consume","floor":18},{"not_picked":["Sweeping Beam","Leap"],"picked":"Electrodynamics","floor":21},{"not_picked":["Blizzard","Compile Driver+1"],"picked":"Recycle+1","floor":23},{"not_picked":["Turbo","Redo"],"picked":"Cold Snap","floor":24},{"not_picked":["Chill+1","Go for the Eyes"],"picked":"Core Surge","floor":25},{"not_picked":["Rebound","Lockon+1"],"picked":"Conserve Battery+1","floor":27},{"not_picked":["Leap","Compile Driver"],"picked":"Gash","floor":28},{"not_picked":["Beam Cell","Streamline"],"picked":"Coolheaded","floor":30},{"not_picked":["Cold Snap","Hologram"],"picked":"Go for the Eyes","floor":31},{"not_picked":["Hyperbeam","All For One"],"picked":"Echo Form","floor":33},{"not_picked":["Steam","Turbo+1"],"picked":"Consume","floor":35},{"not_picked":["Sweeping Beam","Reinforced Body"],"picked":"Cold Snap","floor":36},{"not_picked":["Redo","Leap"],"picked":"Rip and Tear","floor":39},{"not_picked":["Compile Driver","Coolheaded"],"picked":"Hologram+1","floor":40}],"player_experience":458974,"relics_obtained":[{"floor":5,"key":"Blood Vial"},{"floor":6,"key":"Oddly Smooth Stone"},{"floor":9,"key":"Kunai"},{"floor":10,"key":"Old Coin"},{"floor":14,"key":"Bottled Lightning"},{"floor":23,"key":"StoneCalendar"},{"floor":25,"key":"Sundial"},{"floor":26,"key":"Bird Faced Urn"}],"event_choices":[{"event_name":"World of Goop","player_choice":"Gather Gold","floor":4,"damage_taken":0},{"event_name":"Bonfire Elementals","player_choice":"RARE","floor":19,"damage_taken":0},{"event_name":"Accursed Blacksmith","player_choice":"Rummage","floor":20,"damage_taken":0},{"event_name":"Ghosts","player_choice":"Became a Ghost","floor":22,"damage_taken":0},{"event_name":"Winding Halls","player_choice":"Embrace Madness","floor":38,"damage_taken":0}],"boss_relics":[{"not_picked":["Runic Dome","Velvet Choker"],"picked":"Orrery"},{"not_picked":["Snecko Eye","Empty Cage"],"picked":"Black Star"}],"items_purged_floors":[],"is_endless":true,"potions_floor_spawned":[3,10,11,13,16,23,24,25,27,31],"killed_by":"Giant Head","ascension_level":0}