{"path_per_floor":["M","?","?","M","M","R","M","?","T","$","M","R","E","M","R"],"character_chosen":"IRONCLAD","items_purchased":["Omamori","Vajra","Exhume"],"gold_per_floor":[113,113,188,201,214,214,231,294,375,0,18,18,45,64,64],"floor_reached":16,"campfire_rested":0,"playtime":764,"current_hp_per_floor":[80,80,69,70,76,76,62,52,52,52,55,55,43,66,66],"items_purged":[],"gold":64,"score":102,"play_id":"39e14dc5-756d-40d2-802a-4d3d81171fee","local_time":"20180304054148","is_prod":false,"is_daily":false,"is_ascension_mode":false,"campfire_upgraded":3,"timestamp":1520160108,"path_taken":["M","?","?","M","M","R","?","?","T","?","M","R","E","M","R","BOSS"],"build_version":"2018-03-01-PROD1","purchased_purges":0,"victory":false,"master_deck":["Strike_R","Strike_R","Strike_R","Strike_R","Strike_R","Defend_R","Defend_R","Defend_R","Defend_R","Bash","Flex","Whirlwind+1","Metallicize","Wild Strike","Shrug It Off","Exhume+1","Feel No Pain","Reaper","Seeing Red+1"],"max_hp_per_floor":[80,80,80,80,80,80,80,80,80,80,80,80,80,80,80],"relics":["Burning Blood","Calipers","Bottled Tornado","Tiny Chest","Omamori","Vajra","Happy Flower"],"card_choices":[{"not_picked":["Headbutt","Anger"],"picked":"Flex"},{"not_picked":["Body Slam","Perfected Strike"],"picked":"Whirlwind"},{"not_picked":["Anger","Corruption"],"picked":"Metallicize"},{"not_picked":["Heavy Blade","Pommel Strike"],"picked":"Wild Strike"},{"not_picked":["Blood for Blood","Clash"],"picked":"Shrug It Off"},{"not_picked":["Sword Boomerang","Clash"],"picked":"Feel No Pain"},{"not_picked":["Spot Weakness","Hemokinesis"],"picked":"Reaper"},{"not_picked":["Body Slam","Dropkick"],"picked":"Seeing Red"}],"player_experience":234386,"potions_floor_usage":[5,16],"damage_taken":[{"damage":5,"enemies":"Cultist","floor":1,"turns":4},{"damage":5,"enemies":"Small Slimes","floor":4,"turns":3},{"damage":0,"enemies":"2 Louse","floor":5,"turns":1},{"damage":20,"enemies":"Exordium Thugs","floor":7,"turns":6},{"damage":16,"enemies":"3 Sentries","floor":8,"turns":3},{"damage":3,"enemies":"2 Fungi Beasts","floor":11,"turns":3},{"damage":18,"enemies":"Gremlin Nob","floor":13,"turns":4},{"damage":4,"enemies":"3 Louse","floor":14,"turns":3},{"damage":83,"enemies":"Hexaghost","floor":16,"turns":13}],"event_choices":[{"event_name":"Purifier","player_choice":"One Purge","floor":2,"damage_taken":0},{"event_name":"World of Goop","player_choice":"Gather Gold","floor":3,"damage_taken":0},{"event_name":"Dead Adventurer","player_choice":"Searched \u00272\u0027 times","floor":8,"damage_taken":0}],"boss_relics":[],"potions_floor_spawned":[4,14],"seed_played":"8173378283313991752","killed_by":"Hexaghost","ascension_level":0,"is_trial":false}