{"path_per_floor":["M","?","M","M","M","R","$","?","T","?","$","M","M","M","R"],"character_chosen":"DEFECT","items_purchased":["Doom and Gloom","Coolheaded"],"gold_per_floor":[117,117,131,146,157,157,10,10,64,64,15,31,48,63,63,63],"floor_reached":16,"campfire_rested":1,"playtime":666,"current_hp_per_floor":[75,68,57,47,37,37,37,37,37,22,22,11,9,8,30,0],"items_purged":["Strike_B"],"gold":63,"score":94,"play_id":"dfcee8a4-b324-4ef1-8039-74ed701da2b2","local_time":"20180428205048","is_prod":false,"is_daily":false,"chose_seed":false,"is_ascension_mode":false,"campfire_upgraded":1,"timestamp":1524963048,"path_taken":["M","?","M","M","M","R","$","?","T","?","$","?","M","M","R","BOSS"],"build_version":"2018-04-27v3","seed_source_timestamp":1133665352944997,"purchased_purges":1,"victory":false,"master_deck":["Strike_B+1","Strike_B+1","Strike_B+1","Defend_B","Defend_B","Defend_B","Zap","Dualcast","Thunder Strike","Capacitor","Genetic Algorithm+1","Capacitor+1","Doom and Gloom","Rebound","Coolheaded","Ball Lightning","Ball Lightning","Storm"],"max_hp_per_floor":[75,75,75,75,75,75,75,75,75,75,75,75,75,75,75,75],"relics":["Cracked Core","Whetstone"],"card_choices":[{"not_picked":["All For One","Fusion"],"picked":"Thunder Strike","floor":0},{"not_picked":["Force Field","Coolheaded"],"picked":"Capacitor","floor":1},{"not_picked":["Rebound","Cold Snap"],"picked":"Genetic Algorithm","floor":3},{"not_picked":["Leap","Beam Cell"],"picked":"Capacitor","floor":4},{"not_picked":["Leap","Hello World"],"picked":"Ball Lightning","floor":12},{"not_picked":["Streamline","Heatsinks"],"picked":"Ball Lightning","floor":13},{"not_picked":["Reboot","Undo"],"picked":"Storm","floor":14}],"player_experience":12367,"potions_floor_usage":[5,13,14],"damage_taken":[{"damage":0,"enemies":"2 Louse","floor":1,"turns":3},{"damage":11,"enemies":"Jaw Worm","floor":3,"turns":3},{"damage":10,"enemies":"Small Slimes","floor":4,"turns":4},{"damage":10,"enemies":"Exordium Wildlife","floor":5,"turns":4},{"damage":11,"enemies":"Large Slime","floor":12,"turns":7},{"damage":2,"enemies":"Gremlin Gang","floor":13,"turns":3},{"damage":1,"enemies":"2 Fungi Beasts","floor":14,"turns":2},{"damage":33,"enemies":"Slime Boss","floor":16,"turns":3}],"event_choices":[{"event_name":"Golden Wing","player_choice":"Card Removal","floor":2,"damage_taken":0},{"event_name":"Transmorgrifier","player_choice":"Transform","floor":8,"damage_taken":0},{"event_name":"Shining Light","player_choice":"Entered Light","floor":10,"damage_taken":0}],"boss_relics":[],"potions_floor_spawned":[4,12,13],"seed_played":"-8840634372287763808","killed_by":"Slime Boss","ascension_level":0,"is_trial":false}