{"path_per_floor":["M","$","$","?","?","R","E","?","T","E","$","M","E","M","R","B",null,"M","?","?","M","M","R","$","R","T","?","M","E","M","?","R","B",null,"M","?","M","?","M"],"character_chosen":"IRONCLAD","items_purchased":["Body Slam","Body Slam","Armaments","Good Instincts"],"gold_per_floor":[109,63,40,40,40,40,72,72,98,128,74,92,119,133,133,230,260,270,193,193,175,189,189,9,9,33,33,53,85,104,104,104,200,200,215,0,11,11,29,29],"floor_reached":40,"campfire_rested":3,"playtime":2324,"current_hp_per_floor":[80,80,80,85,68,68,54,54,54,35,35,41,44,46,71,15,90,80,80,80,60,18,45,45,72,72,45,45,45,45,45,45,11,45,36,36,44,44,40,0],"items_purged":["Strike_R"],"gold":29,"score":517,"play_id":"0e030659-2421-4fd8-ab65-8e425f2d6c6b","local_time":"20180422153454","is_prod":false,"is_daily":false,"chose_seed":false,"is_ascension_mode":true,"campfire_upgraded":2,"timestamp":1524425694,"path_taken":["M","?","$","?","?","R","E","?","T","E","?","M","E","?","R","BOSS","M","?","?","?","M","R","$","R","T","?","M","E","M","?","R","BOSS","M","?","M","?","M","E"],"build_version":"2018-04-19","seed_source_timestamp":594653199030742,"purchased_purges":1,"victory":false,"master_deck":["Strike_R","Strike_R","Strike_R","Defend_R","Defend_R+1","Defend_R+1","Defend_R+1","Bash","Armaments","Body Slam+1","Body Slam+1","Ghostly Armor+1","Rampage+1","Armaments+1","Whirlwind+1","Flame Barrier","Limit Break+1","Inflame","J.A.X.","Limit Break","Armaments","Barricade","Good Instincts","Ghostly","Ghostly","Ghostly","Ghostly","Ghostly","Whirlwind+1","Impervious","Reaper+1","Body Slam+1","Shockwave+1"],"max_hp_per_floor":[80,80,80,85,85,85,85,85,85,85,85,85,85,85,85,85,90,90,90,90,90,90,90,90,90,90,45,45,45,45,45,45,45,45,45,45,45,45,45,45],"relics":["Burning Blood","Molten Egg 2","Lantern","Dream Catcher","War Paint","Tiny House","Blood Vial","Matryoshka","Cursed Key","Red Mask"],"card_choices":[{"not_picked":["True Grit","Pommel Strike"],"picked":"Armaments","floor":1},{"not_picked":["Demon Form","Heavy Blade"],"picked":"Ghostly Armor","floor":7},{"not_picked":["Cleave","Dual Wield"],"picked":"Rampage","floor":10},{"not_picked":["Heavy Blade","Clothesline"],"picked":"Whirlwind","floor":13},{"not_picked":["Cleave","Dark Embrace"],"picked":"Flame Barrier","floor":15},{"not_picked":["Demon Form","Double Tap"],"picked":"Limit Break","floor":16},{"not_picked":["Heavy Blade","Flex"],"picked":"Inflame","floor":17},{"not_picked":["Clothesline","Heavy Blade"],"picked":"Iron Wave","floor":21},{"not_picked":["Sword Boomerang","Cleave"],"picked":"Armaments","floor":22},{"not_picked":["Flex","True Grit"],"picked":"Barricade","floor":23},{"not_picked":["Ghostly Armor","Heavy Blade"],"picked":"Whirlwind","floor":28},{"not_picked":["Burning Pact","True Grit"],"picked":"Impervious","floor":29},{"not_picked":["Dark Embrace","Berserk"],"picked":"Reaper","floor":33},{"not_picked":["Iron Wave","Corruption"],"picked":"Body Slam","floor":37},{"not_picked":["Wild Strike","Havoc"],"picked":"Shockwave","floor":39}],"player_experience":703014,"potions_floor_usage":[13,14,16,18,21,29,30,40],"damage_taken":[{"damage":5,"enemies":"Cultist","floor":1,"turns":5},{"damage":20,"enemies":"3 Sentries","floor":7,"turns":9},{"damage":25,"enemies":"Lagavulin","floor":10,"turns":7},{"damage":0,"enemies":"Jaw Worm","floor":12,"turns":2},{"damage":3,"enemies":"3 Sentries","floor":13,"turns":6},{"damage":4,"enemies":"Small Slimes","floor":14,"turns":4},{"damage":62,"enemies":"Hexaghost","floor":16,"turns":10},{"damage":16,"enemies":"Shell Parasite","floor":18,"turns":6},{"damage":26,"enemies":"2 Thieves","floor":21,"turns":4},{"damage":48,"enemies":"Snake Plant","floor":22,"turns":4},{"damage":2,"enemies":"Centurion and Healer","floor":28,"turns":10},{"damage":1,"enemies":"Gremlin Leader","floor":29,"turns":9},{"damage":3,"enemies":"Sentry and Sphere","floor":30,"turns":9},{"damage":40,"enemies":"Collector","floor":33,"turns":14},{"damage":16,"enemies":"3 Darklings","floor":35,"turns":10},{"damage":0,"enemies":"Orb Walker","floor":37,"turns":5},{"damage":11,"enemies":"Maw","floor":39,"turns":9},{"damage":79,"enemies":"Giant Head","floor":40,"turns":10}],"event_choices":[{"event_name":"Big Fish","player_choice":"Donut","floor":4,"damage_taken":0},{"event_name":"Shining Light","player_choice":"Entered Light","floor":5,"damage_taken":0},{"event_name":"Accursed Blacksmith","player_choice":"Forge","floor":8,"damage_taken":0},{"event_name":"Drug Dealer","player_choice":"Got JAXXED","floor":19,"damage_taken":0},{"event_name":"The Library","player_choice":"Read","floor":20,"damage_taken":0},{"event_name":"Ghosts","player_choice":"Became a Ghost","floor":27,"damage_taken":0},{"event_name":"Back to Basics","player_choice":"Elegance","floor":31,"damage_taken":0},{"event_name":"Tomb of Lord Red Mask","player_choice":"Paid","floor":36,"damage_taken":0}],"boss_relics":[{"not_picked":["Philosopher\u0027s Stone","Orrery"],"picked":"Tiny House"},{"not_picked":["Astrolabe","Runic Cube"],"picked":"Cursed Key"}],"potions_floor_spawned":[7,12,14,18,28,29,37],"seed_played":"8074187292685776958","killed_by":"Giant Head","ascension_level":2,"is_trial":false}