{"path_per_floor":["M","M","?","?","?","R","M","M","T","T","E","T","M","E","R"],"character_chosen":"IRONCLAD","items_purchased":[],"gold_per_floor":[118,136,136,136,136,136,150,162,162,462,489,489,505,540,540],"floor_reached":16,"campfire_rested":1,"playtime":905,"current_hp_per_floor":[71,66,66,66,66,66,66,61,75,75,47,47,18,22,67],"items_purged":[],"gold":540,"score":135,"play_id":"81b9027a-507a-4adc-8095-43f82e7e52ab","local_time":"20180304164220","is_prod":false,"is_daily":false,"is_ascension_mode":false,"campfire_upgraded":1,"timestamp":1520199740,"path_taken":["M","M","?","?","?","R","M","?","T","?","E","?","M","E","R","BOSS"],"build_version":"2018-03-01-PROD1","purchased_purges":0,"victory":false,"master_deck":["Strike_R","Strike_R","Strike_R","Strike_R","Strike_R","Defend_R","Defend_R","Defend_R","Bash","Shrug It Off","Pommel Strike+1","Shrug It Off","Anger","Juggernaut","Iron Wave","Burning Pact"],"max_hp_per_floor":[80,80,80,80,80,80,80,80,94,94,94,94,94,101,101],"relics":["Black Star","Toolbox","Mango","Old Coin","Anchor","Regal Pillow","Frozen Eye","Art of War","Strawberry"],"card_choices":[{"not_picked":["Havoc","Cleave"],"picked":"Shrug It Off"},{"not_picked":["Hemokinesis","Heavy Blade"],"picked":"Pommel Strike"},{"not_picked":["Pummel","Battle Trance"],"picked":"Shrug It Off"},{"not_picked":["Blood for Blood","Body Slam"],"picked":"Anger"},{"not_picked":["Sentinel","True Grit"],"picked":"Juggernaut"},{"not_picked":["Armaments","Body Slam"],"picked":"Iron Wave"},{"not_picked":["Sword Boomerang","Combust"],"picked":"Burning Pact"}],"player_experience":242674,"potions_floor_usage":[13,14,16],"damage_taken":[{"damage":9,"enemies":"Jaw Worm","floor":1,"turns":7},{"damage":5,"enemies":"Small Slimes","floor":2,"turns":3},{"damage":0,"enemies":"2 Louse","floor":7,"turns":2},{"damage":5,"enemies":"2 Fungi Beasts","floor":8,"turns":4},{"damage":28,"enemies":"Lagavulin","floor":11,"turns":8},{"damage":29,"enemies":"Gremlin Gang","floor":13,"turns":8},{"damage":3,"enemies":"3 Sentries","floor":14,"turns":5},{"damage":71,"enemies":"Hexaghost","floor":16,"turns":9}],"event_choices":[{"event_name":"Big Fish","player_choice":"Box","floor":3,"damage_taken":0},{"event_name":"Purifier","player_choice":"One Purge","floor":4,"damage_taken":0},{"event_name":"Bonfire Elementals","player_choice":"BASIC","floor":5,"damage_taken":0}],"boss_relics":[],"potions_floor_spawned":[11,13,14],"seed_played":"6224730667374839057","killed_by":"Hexaghost","ascension_level":0,"is_trial":false}