{"gold_per_floor":[110,42,42,42,61,61,80,108,108,108,122,122,12,42,42,42],"floor_reached":16,"playtime":450,"items_purged":[],"score":135,"play_id":"b6304329-1901-4143-8bcf-c4dafc8a9470","local_time":"20190613200610","is_ascension_mode":true,"campfire_choices":[{"floor":6,"key":"REST"},{"floor":10,"key":"REST"},{"floor":12,"key":"RECALL"},{"data":"Zap","floor":15,"key":"SMITH"}],"neow_cost":"PERCENT_DAMAGE","seed_source_timestamp":173346222488700,"circlet_count":0,"master_deck":["Strike_B","Strike_B","Strike_B","Strike_B","Defend_B","Defend_B","Defend_B","Defend_B","Zap+1","Dualcast","Defragment","Streamline","Conserve Battery","Capacitor","Sunder","Gash","Genetic Algorithm","Sunder","Self Repair","Scrape"],"relics":["Cracked Core","Turnip","CultistMask","Mercury Hourglass","Ancient Tea Set"],"potions_floor_usage":[7,8,14],"damage_taken":[{"damage":1,"enemies":"Cultist","floor":1,"turns":3},{"damage":9,"enemies":"Small Slimes","floor":5,"turns":3},{"damage":9,"enemies":"2 Louse","floor":7,"turns":3},{"damage":36,"enemies":"Lagavulin","floor":8,"turns":6},{"damage":0,"enemies":"Gremlin Gang","floor":11,"turns":2},{"damage":20,"enemies":"Gremlin Nob","floor":14,"turns":4},{"damage":45,"enemies":"The Guardian","floor":16,"turns":8}],"seed_played":"3569165314810947248","potions_obtained":[{"floor":5,"key":"Regen Potion"},{"floor":7,"key":"Fire Potion"},{"floor":11,"key":"Strength Potion"}],"is_trial":false,"path_per_floor":["M","$","?","?","M","R","M","E","T","R","M","R","$","E","R","B"],"character_chosen":"DEFECT","items_purchased":["Streamline","Conserve Battery","Sunder","Self Repair"],"campfire_rested":2,"item_purchase_floors":[2,2,13,13],"current_hp_per_floor":[67,67,55,55,46,72,72,36,36,62,62,62,62,42,42,0],"gold":42,"neow_bonus":"TWENTY_PERCENT_HP_BONUS","is_prod":false,"is_daily":false,"chose_seed":false,"campfire_upgraded":1,"win_rate":0,"timestamp":1560470770,"path_taken":["M","?","?","?","M","R","M","E","T","R","?","R","?","E","R","BOSS"],"build_version":"2019-06-12","purchased_purges":0,"victory":false,"max_hp_per_floor":[89,89,89,89,89,89,89,89,89,89,89,89,89,89,89,89],"card_choices":[{"not_picked":["Compile Driver","Skim"],"picked":"Defragment","floor":1},{"not_picked":["Go for the Eyes","Rebound"],"picked":"Capacitor","floor":5},{"not_picked":["Go for the Eyes","Tempest"],"picked":"Sunder","floor":7},{"not_picked":["Turbo","Hello World"],"picked":"Gash","floor":8},{"not_picked":["Ball Lightning","Beam Cell"],"picked":"Genetic Algorithm","floor":11},{"not_picked":["Redo","Turbo"],"picked":"Scrape","floor":14}],"player_experience":1052833,"relics_obtained":[{"floor":8,"key":"Mercury Hourglass"},{"floor":14,"key":"Ancient Tea Set"}],"event_choices":[{"damage_healed":0,"gold_gain":0,"player_choice":"Success","damage_taken":12,"relics_obtained":["Turnip"],"max_hp_gain":0,"max_hp_loss":0,"event_name":"Scrap Ooze","floor":3,"gold_loss":0},{"damage_healed":0,"gold_gain":0,"player_choice":"Trade","damage_taken":0,"relics_obtained":["CultistMask"],"max_hp_gain":0,"max_hp_loss":0,"event_name":"FaceTrader","floor":4,"gold_loss":0}],"is_beta":true,"boss_relics":[],"items_purged_floors":[],"is_endless":false,"potions_floor_spawned":[5,7,11],"killed_by":"The Guardian","ascension_level":5}