{"path_per_floor":["M","?","M","?","M","R","M","E","T","R","M","M","$","M","R","B",null,"M","M","?","$","?","R","M","R","T","M","M","M"],"character_chosen":"DEFECT","items_purchased":["Madness","War Paint"],"gold_per_floor":[20,20,31,31,46,46,63,90,90,90,109,122,26,41,41,136,136,147,162,162,17,17,17,34,34,34,44,64,82,82],"floor_reached":30,"campfire_rested":4,"playtime":1248,"current_hp_per_floor":[68,68,58,58,47,69,59,38,38,60,46,34,34,34,56,19,75,75,61,61,61,61,61,38,60,60,27,34,10,0],"items_purged":[],"gold":82,"score":236,"play_id":"eac339f8-be31-47aa-87f2-28bdfe5c63c0","local_time":"20180430145354","is_prod":false,"is_daily":false,"chose_seed":false,"is_ascension_mode":false,"campfire_upgraded":1,"timestamp":1525114434,"path_taken":["M","?","M","?","M","R","M","E","T","R","?","M","$","M","R","BOSS","M","M","?","?","?","R","M","R","T","M","?","M","M"],"build_version":"2018-04-27v3","seed_source_timestamp":1284457820540669,"purchased_purges":0,"victory":false,"master_deck":["Strike_B","Strike_B","Strike_B","Defend_B","Defend_B","Defend_B","Defend_B","Zap","Dualcast","Creative AI","Ball Lightning","Melter","Ball Lightning","Buffer","Thunder Strike","Aggregate","Double Energy","Madness+1","Self Repair","Echo Form","Defragment","Chaos","Chill","Rainbow+1","Darkness+1","Conserve Battery+1","Chaos","Coolheaded+1","Static Discharge"],"max_hp_per_floor":[75,75,75,75,75,75,75,75,75,75,75,75,75,75,75,75,75,75,75,75,75,75,75,75,75,75,75,75,75,75],"relics":["Cracked Core","Bag of Marbles","Centennial Puzzle","Orrery","Unceasing Top","War Paint","Mercury Hourglass"],"card_choices":[{"not_picked":["Nova","Meteor Strike"],"picked":"Creative AI","floor":0},{"not_picked":["Blizzard","Undo"],"picked":"Ball Lightning","floor":1},{"not_picked":["Skim","Capacitor"],"picked":"Ball Lightning","floor":3},{"not_picked":["Rebound","Skim"],"picked":"Buffer","floor":5},{"not_picked":["Leap","Blizzard"],"picked":"Thunder Strike","floor":8},{"not_picked":["Ball Lightning","Axe Kick"],"picked":"Aggregate","floor":11},{"not_picked":["Impulse","Glacier"],"picked":"Double Energy","floor":12},{"not_picked":["Turbo","Heatsinks"],"picked":"Self Repair","floor":14},{"not_picked":["Nova","Rainbow"],"picked":"Echo Form","floor":16},{"not_picked":["Rebound","Ball Lightning"],"picked":"Defragment","floor":17},{"not_picked":["Reprogram","Rebound"],"picked":"Chaos","floor":17},{"not_picked":["Stack","Skim"],"picked":"Chill","floor":17},{"not_picked":["Undo","Axe Kick"],"picked":"Rainbow","floor":17},{"not_picked":["Beam Cell","Melter"],"picked":"Darkness","floor":17},{"not_picked":["Go for the Eyes","Ball Lightning"],"picked":"Conserve Battery","floor":19},{"not_picked":["Streamline","Go for the Eyes"],"picked":"Chaos","floor":24},{"not_picked":["Leap","Creative AI"],"picked":"Coolheaded","floor":27},{"not_picked":["Beam Cell","Blizzard"],"picked":"Static Discharge","floor":28}],"player_experience":97130,"potions_floor_usage":[7,8,12,27,29],"damage_taken":[{"damage":7,"enemies":"2 Louse","floor":1,"turns":3},{"damage":10,"enemies":"Cultist","floor":3,"turns":4},{"damage":11,"enemies":"Small Slimes","floor":5,"turns":3},{"damage":10,"enemies":"Looter","floor":7,"turns":3},{"damage":21,"enemies":"Gremlin Nob","floor":8,"turns":4},{"damage":14,"enemies":"Blue Slaver","floor":11,"turns":3},{"damage":12,"enemies":"Exordium Wildlife","floor":12,"turns":5},{"damage":0,"enemies":"Looter","floor":14,"turns":3},{"damage":44,"enemies":"Slime Boss","floor":16,"turns":10},{"damage":0,"enemies":"Spheric Guardian","floor":18,"turns":1},{"damage":21,"enemies":"Chosen","floor":19,"turns":6},{"damage":23,"enemies":"Centurion and Healer","floor":24,"turns":4},{"damage":40,"enemies":"Cultist and Chosen","floor":27,"turns":6},{"damage":0,"enemies":"Sentry and Sphere","floor":28,"turns":4},{"damage":24,"enemies":"3 Cultists","floor":29,"turns":5},{"damage":10,"enemies":"Centurion and Healer","floor":30,"turns":4}],"event_choices":[{"event_name":"Transmorgrifier","player_choice":"Transform","floor":2,"damage_taken":0},{"event_name":"The Cleric","player_choice":"Leave","floor":4,"damage_taken":0},{"event_name":"The Mausoleum","player_choice":"Yes","floor":20,"damage_taken":0},{"event_name":"Drug Dealer","player_choice":"Ignored","floor":22,"damage_taken":0}],"boss_relics":[{"not_picked":["Ectoplasm","Eternal Feather"],"picked":"Orrery"}],"potions_floor_spawned":[1,7,11,24,28],"seed_played":"6191895263947881651","killed_by":"Centurion and Healer","ascension_level":0,"is_trial":false}