{"gold_per_floor":[111,129,79,91,91,91,123,123,123,123,123,123,138,163,163,288,288,306,306,8,8,8,8,39,62,85,106,129,150,169,204,204,328,328,348,348],"floor_reached":36,"playtime":1774,"items_purged":[],"score":555,"play_id":"aa6ea898-1e88-4fb3-ac27-0d3f982fde02","local_time":"20190521032128","is_ascension_mode":true,"campfire_choices":[{"data":"Bash","floor":6.0,"key":"SMITH"},{"floor":8.0,"key":"REST"},{"data":"Pummel","floor":15.0,"key":"SMITH"},{"data":"Ghostly","floor":23.0,"key":"SMITH"},{"floor":32,"key":"REST"}],"neow_cost":"TEN_PERCENT_HP_LOSS","seed_source_timestamp":0,"circlet_count":0,"master_deck":["Strike_R","Strike_R","Strike_R","Strike_R","Strike_R","Bash+1","PanicButton","Forethought+1","Clash","Spot Weakness","Disarm","Bludgeon","Clash","Pummel+1","Reaper","Sentinel+1","Wild Strike+1","Bludgeon+1","Clothesline","Ghostly","Ghostly","Ghostly","Ghostly","Ghostly+1","Flex","Swift Strike","Bash","Fire Breathing","Body Slam+1","Flex","Feed","Dual Wield+1","Clash","Juggernaut","Rampage+1"],"special_seed":0,"relics":["Burning Blood","Bird Faced Urn","Gremlin Horn","Golden Idol","Oddly Smooth Stone","Astrolabe","Mercury Hourglass","MutagenicStrength","Darkstone Periapt","Red Skull","Potion Belt","Cursed Key"],"potions_floor_usage":[25,28,33],"damage_taken":[{"damage":0.0,"enemies":"2 Louse","floor":1.0,"turns":2.0},{"damage":10.0,"enemies":"Small Slimes","floor":2.0,"turns":4.0},{"damage":7.0,"enemies":"Jaw Worm","floor":4.0,"turns":3.0},{"damage":29.0,"enemies":"Gremlin Nob","floor":7.0,"turns":5.0},{"damage":2.0,"enemies":"2 Fungi Beasts","floor":13.0,"turns":3.0},{"damage":11.0,"enemies":"Looter","floor":14.0,"turns":2.0},{"damage":29.0,"enemies":"The Guardian","floor":16.0,"turns":10.0},{"damage":1.0,"enemies":"Chosen","floor":18.0,"turns":4.0},{"damage":19.0,"enemies":"Gremlin Leader","floor":24.0,"turns":7.0},{"damage":4,"enemies":"2 Thieves","floor":25,"turns":3},{"damage":20,"enemies":"Cultist and Chosen","floor":27,"turns":5},{"damage":3,"enemies":"3 Cultists","floor":28,"turns":5},{"damage":16,"enemies":"Sentry and Sphere","floor":29,"turns":6},{"damage":7,"enemies":"Shelled Parasite and Fungi","floor":30,"turns":6},{"damage":19,"enemies":"Book of Stabbing","floor":31,"turns":5},{"damage":30,"enemies":"Collector","floor":33,"turns":9},{"damage":16,"enemies":"Orb Walker","floor":35,"turns":2},{"damage":28,"enemies":"2 Orb Walkers","floor":36,"turns":2}],"seed_played":"6097957533591633133","potions_obtained":[{"floor":1.0,"key":"Swift Potion"},{"floor":7.0,"key":"EssenceOfSteel"},{"floor":16.0,"key":"SkillPotion"},{"floor":24,"key":"Poison Potion"},{"floor":27,"key":"Poison Potion"},{"floor":28,"key":"SpeedPotion"},{"floor":31,"key":"Explosive Potion"}],"is_trial":false,"path_per_floor":["M","M","?","M","?","R","E","R","T","?","?","?","M","M","R","B",null,"M","?","$","?","?","R","E","M","T","M","M","M","M","E","R","B",null,"M","?"],"character_chosen":"IRONCLAD","items_purchased":["Mercury Hourglass","Flex"],"campfire_rested":2,"item_purchase_floors":[20,20],"current_hp_per_floor":[72,68,68,67,67,67,44,65,65,47,71,64,68,63,63,40,64,69,36,36,36,36,36,36,36,36,24,36,28,38,25,36,21,35,25,0],"gold":348,"neow_bonus":"RANDOM_COLORLESS_2","is_prod":false,"is_daily":false,"chose_seed":false,"campfire_upgraded":3,"win_rate":0,"timestamp":1558423288,"path_taken":["M","M","?","M","?","R","E","R","T","?","?","?","?","M","R","BOSS","M","?","$","?","?","R","E","M","T","M","?","M","M","E","R","BOSS","M","?"],"build_version":"2019-05-07","purchased_purges":0,"victory":false,"max_hp_per_floor":[72,72,72,72,72,72,72,72,72,72,72,72,72,72,72,72,72,72,36,36,36,36,36,36,36,36,36,36,36,39,39,39,39,39,39,39],"card_choices":[{"not_picked":["Wild Strike","Reckless Charge"],"picked":"Clash","floor":1.0},{"not_picked":["Warcry","Rupture"],"picked":"Spot Weakness","floor":2.0},{"not_picked":["Sever Soul","Headbutt"],"picked":"Disarm","floor":4.0},{"not_picked":["Sever Soul","Thunderclap"],"picked":"Bludgeon","floor":7.0},{"not_picked":["Flex","Body Slam"],"picked":"Clash","floor":13.0},{"not_picked":["Anger","Feel No Pain"],"picked":"Pummel","floor":14.0},{"not_picked":["Brutality","Barricade"],"picked":"Reaper","floor":16.0},{"not_picked":["Shrug It Off","Corruption"],"picked":"Clothesline","floor":18.0},{"not_picked":["Armaments","Blood for Blood"],"picked":"Fire Breathing","floor":24},{"not_picked":["Wild Strike+1","Sword Boomerang"],"picked":"Body Slam+1","floor":25},{"not_picked":["Inflame","Pommel Strike"],"picked":"Flex","floor":27},{"not_picked":["Pommel Strike","Combust"],"picked":"Feed","floor":28},{"not_picked":["Battle Trance+1","Pommel Strike"],"picked":"Dual Wield+1","floor":29},{"not_picked":["Carnage+1","True Grit"],"picked":"Clash","floor":30},{"not_picked":["Blood for Blood","Warcry","Sentinel"],"picked":"SKIP","floor":31},{"not_picked":["Bludgeon","Dark Embrace"],"picked":"Juggernaut","floor":33},{"not_picked":["Clothesline","Sword Boomerang"],"picked":"Rampage+1","floor":35}],"player_experience":896382,"relics_obtained":[{"floor":7.0,"key":"Bird Faced Urn"},{"floor":9.0,"key":"Gremlin Horn"},{"floor":24,"key":"Darkstone Periapt"},{"floor":26,"key":"Red Skull"},{"floor":31,"key":"Potion Belt"}],"event_choices":[{"cards_removed":["Defend_R"],"damage_healed":0.0,"max_hp_gain":0.0,"max_hp_loss":0.0,"gold_gain":0.0,"event_name":"The Cleric","player_choice":"Card Removal","floor":3.0,"gold_loss":50.0,"damage_taken":0.0},{"damage_healed":0.0,"max_hp_gain":0.0,"max_hp_loss":0.0,"gold_gain":0.0,"event_name":"Living Wall","player_choice":"Grow","floor":5.0,"gold_loss":0.0,"damage_taken":0.0,"cards_upgraded":["Forethought"]},{"damage_healed":0.0,"max_hp_gain":0.0,"max_hp_loss":0.0,"gold_gain":0.0,"event_name":"Golden Idol","player_choice":"Take Damage","floor":10.0,"gold_loss":0.0,"damage_taken":18.0,"relics_obtained":["Golden Idol"]},{"damage_healed":24.0,"max_hp_gain":0.0,"max_hp_loss":0.0,"gold_gain":0.0,"event_name":"Big Fish","player_choice":"Banana","floor":11.0,"gold_loss":0.0,"damage_taken":0.0},{"damage_healed":0.0,"max_hp_gain":0.0,"max_hp_loss":0.0,"gold_gain":0.0,"event_name":"Scrap Ooze","player_choice":"Success","floor":12.0,"gold_loss":0.0,"damage_taken":7.0,"relics_obtained":["Oddly Smooth Stone"]},{"damage_healed":0.0,"max_hp_gain":0.0,"max_hp_loss":36.0,"gold_gain":0.0,"event_name":"Ghosts","player_choice":"Became a Ghost","floor":19.0,"gold_loss":0.0,"damage_taken":0.0,"cards_obtained":["Ghostly","Ghostly","Ghostly","Ghostly","Ghostly"]},{"damage_healed":0.0,"max_hp_gain":0.0,"max_hp_loss":0.0,"gold_gain":0.0,"event_name":"Drug Dealer","player_choice":"Inject Mutagens","floor":21.0,"gold_loss":0.0,"damage_taken":0.0,"relics_obtained":["MutagenicStrength"]},{"damage_healed":0.0,"max_hp_gain":0.0,"max_hp_loss":0.0,"gold_gain":0.0,"event_name":"Match and Keep!","player_choice":"2 cards matched","floor":22.0,"gold_loss":0.0,"damage_taken":0.0,"cards_obtained":["Swift Strike","Bash"]},{"damage_healed":0,"gold_gain":0,"player_choice":"Fight","damage_taken":0,"max_hp_gain":0,"max_hp_loss":0,"event_name":"Mysterious Sphere","floor":36,"gold_loss":0}],"is_beta":true,"boss_relics":[{"not_picked":["Sozu","Busted Crown"],"picked":"Astrolabe"},{"not_picked":["Tiny House","Runic Cube"],"picked":"Cursed Key"}],"items_purged_floors":[],"is_endless":false,"potions_floor_spawned":[1,7,16,24,27,28,31],"killed_by":"2 Orb Walkers","ascension_level":5}