{"gold_per_floor":[144,189,189,189,234,324,324,414,414,459,459,504,58,17,17,317,317,362,12,12,12,12,102,102,147,147,192,192,1,46,91,91,391,391,436,481,781,781,826,916,961,961,961,961,61,61,61,187,187,187],"floor_reached":51,"playtime":3470,"items_purged":[],"score":1228,"play_id":"f621cba3-b935-4f87-a7a9-3c0b532ce778","local_time":"20190513050941","daily_mods":["SealedDeck","Hoarder","Midas"],"is_ascension_mode":false,"campfire_choices":[{"floor":7,"key":"REST"},{"floor":11,"key":"REST"},{"floor":15,"key":"REST"},{"floor":24,"key":"REST"},{"floor":28,"key":"REST"},{"floor":32,"key":"REST"},{"floor":42,"key":"REST"},{"floor":44,"key":"REST"},{"floor":49,"key":"REST"}],"neow_cost":"","seed_source_timestamp":115258159846200,"circlet_count":0,"master_deck":["Streamline","Streamline","Streamline+1","Cold Snap","Cold Snap","Cold Snap","Cold Snap+1","Cold Snap","Steam","Steam","Steam","Go for the Eyes","Go for the Eyes","Go for the Eyes","Steam","Steam","Steam","FTL","FTL","FTL","Double Energy","Double Energy","Double Energy","Steam","Steam","Steam","FTL","FTL","FTL","Cold Snap","Cold Snap","Static Discharge","Static Discharge","Static Discharge","White Noise+1","White Noise","White Noise","Consume","Consume","Consume","Storm","Storm","Storm","Echo Form","Echo Form","Echo Form","Double Energy","Double Energy","Double Energy","Double Energy","Double Energy","Double Energy","Capacitor","Capacitor","Capacitor","Consume","Consume","Consume","Lockon","Lockon","Lockon","Creative AI","Creative AI","Creative AI","Defragment","Defragment","Defragment","Capacitor","Capacitor","Capacitor","Thunder Strike","Thunder Strike","Thunder Strike","Sweeping Beam+1","Sweeping Beam+1","Sweeping Beam+1","Streamline","Streamline","Streamline","Redo+1","Redo+1","Redo+1","Amplify","Amplify","Amplify","Echo Form","Echo Form","Echo Form","Ball Lightning","Ball Lightning","Ball Lightning","Leap+1","Leap+1","Leap+1","Aggregate","Aggregate","Aggregate","Seek","Seek","Seek","Aggregate+1","Aggregate+1","Aggregate+1","Hologram+1","Hologram+1","Hologram+1","Turbo+1","Turbo+1","Turbo+1","Skim","Skim+1","Skim","Lockon+1","Lockon+1","Lockon+1","Gash+1","Gash+1","Gash+1","White Noise+1","White Noise+1","White Noise+1","Sweeping Beam","Sweeping Beam","Sweeping Beam","Dark Shackles","Dark Shackles","Dark Shackles","Reboot","Reboot","Reboot","Static Discharge","Static Discharge","Static Discharge"],"special_seed":18029,"relics":["FrozenCore","Pear","Gambling Chip","Dream Catcher","Kunai","Dead Branch","Membership Card","Mango","FossilizedHelix","The Courier","DollysMirror","Bag of Preparation","WingedGreaves","Boot","Omamori","Toolbox","Mercury Hourglass","Shuriken","War Paint","Juzu Bracelet","Pen Nib","Bottled Flame","Blood Vial","Meat on the Bone","Emotion Chip","Centennial Puzzle","Prayer Wheel"],"potions_floor_usage":[8,12,23,23,31,33,36,39,50],"damage_taken":[{"damage":0,"enemies":"2 Louse","floor":1,"turns":2},{"damage":0,"enemies":"Small Slimes","floor":2,"turns":2},{"damage":0,"enemies":"Jaw Worm","floor":5,"turns":3},{"damage":9,"enemies":"3 Sentries","floor":6,"turns":6},{"damage":3,"enemies":"Gremlin Nob","floor":8,"turns":4},{"damage":0,"enemies":"Exordium Wildlife","floor":10,"turns":2},{"damage":4,"enemies":"Red Slaver","floor":12,"turns":4},{"damage":10,"enemies":"The Guardian","floor":16,"turns":6},{"damage":0,"enemies":"Spheric Guardian","floor":18,"turns":4},{"damage":32,"enemies":"Gremlin Leader","floor":23,"turns":7},{"damage":17,"enemies":"2 Thieves","floor":25,"turns":3},{"damage":0,"enemies":"Centurion and Healer","floor":27,"turns":5},{"damage":29,"enemies":"Cultist and Chosen","floor":30,"turns":5},{"damage":21,"enemies":"Snake Plant","floor":31,"turns":4},{"damage":18,"enemies":"Champ","floor":33,"turns":7},{"damage":0,"enemies":"Orb Walker","floor":35,"turns":2},{"damage":32,"enemies":"3 Darklings","floor":36,"turns":4},{"damage":0,"enemies":"Mind Bloom Boss Battle","floor":37,"turns":7},{"damage":0,"enemies":"Maw","floor":39,"turns":8},{"damage":0,"enemies":"Giant Head","floor":40,"turns":8},{"damage":0,"enemies":"Writhing Mass","floor":41,"turns":4},{"damage":13,"enemies":"2 Orb Walkers","floor":48,"turns":3},{"damage":93,"enemies":"Time Eater","floor":50,"turns":9}],"seed_played":"7421306700894987377","potions_obtained":[{"floor":6,"key":"SpeedPotion"},{"floor":10,"key":"FocusPotion"},{"floor":16,"key":"FearPotion"},{"floor":18,"key":"AttackPotion"},{"floor":30,"key":"Fire Potion"},{"floor":31,"key":"GamblersBrew"},{"floor":35,"key":"Poison Potion"},{"floor":37,"key":"AttackPotion"},{"floor":41,"key":"Dexterity Potion"},{"floor":48,"key":"AttackPotion"}],"is_trial":false,"path_per_floor":["M","M","?","?","M","E","R","E","T","M","R","M","$","?","R","B",null,"M","$","?","?","$","E","R","M","T","M","R","$","M","M","R","B",null,"M","M","?","?","M","E","M","R","T","R","$","?","?","?","R","B",null],"character_chosen":"DEFECT","items_purchased":["Dead Branch","Capacitor","Consume","Membership Card","Mango","Amplify","DollysMirror","Bag of Preparation","Ball Lightning","Toolbox","Mercury Hourglass","Shuriken","War Paint","Juzu Bracelet","Pen Nib","Bottled Flame","Blood Vial","Meat on the Bone","Emotion Chip","Centennial Puzzle"],"campfire_rested":9,"item_purchase_floors":[13,13,13,19,19,29,29,29,29,45,45,45,45,45,45,45,45,45,45,45],"current_hp_per_floor":[75,75,60,45,45,36,61,58,58,58,83,79,79,79,85,75,85,85,99,99,99,99,67,96,79,79,79,99,99,70,49,78,60,99,99,67,67,67,67,67,67,96,96,99,99,99,99,86,99,18],"gold":187,"neow_bonus":"","is_prod":false,"is_daily":true,"chose_seed":false,"campfire_upgraded":0,"win_rate":0,"timestamp":1557738581,"path_taken":["M","M","?","?","M","E","R","E","T","M","R","M","$","?","R","BOSS","M","$","?","?","?","E","R","M","T","?","R","$","M","M","R","BOSS","M","M","?","?","M","E","M","R","T","R","$","?","?","?","R","BOSS"],"build_version":"2019-05-07","purchased_purges":0,"victory":true,"max_hp_per_floor":[75,75,75,85,85,85,85,85,85,85,85,85,85,85,85,85,85,85,99,99,99,99,99,99,99,99,99,99,99,99,99,99,99,99,99,99,99,99,99,99,99,99,99,99,99,99,99,99,99,99],"card_choices":[{"not_picked":["Steam","Sweeping Beam"],"picked":"Cold Snap","floor":1},{"not_picked":["Compile Driver","Hello World"],"picked":"Static Discharge","floor":2},{"not_picked":["BootSequence","Darkness"],"picked":"White Noise","floor":5},{"not_picked":["Aggregate","Chill"],"picked":"Consume","floor":6},{"not_picked":["Gash","Lockon"],"picked":"Storm","floor":8},{"not_picked":["Scrape","Redo"],"picked":"Echo Form","floor":10},{"not_picked":["Stack","Leap"],"picked":"Double Energy","floor":11},{"not_picked":["Conserve Battery","Beam Cell"],"picked":"Double Energy","floor":12},{"not_picked":["Redo","Cold Snap"],"picked":"Lockon","floor":15},{"not_picked":["Core Surge","Buffer"],"picked":"Creative AI","floor":16},{"not_picked":["Conserve Battery","Hello World"],"picked":"Defragment","floor":18},{"not_picked":["Ball Lightning+1","Turbo"],"picked":"Thunder Strike","floor":23},{"not_picked":["Heatsinks","Barrage"],"picked":"Sweeping Beam+1","floor":24},{"not_picked":["Redo","Barrage"],"picked":"Streamline","floor":25},{"not_picked":["Blizzard","BootSequence"],"picked":"Redo+1","floor":27},{"not_picked":["Steam","Compile Driver"],"picked":"Leap+1","floor":30},{"not_picked":["Beam Cell+1","Glacier"],"picked":"Aggregate","floor":31},{"not_picked":["Rainbow","Buffer"],"picked":"Seek","floor":33},{"not_picked":["Leap+1","BootSequence+1"],"picked":"Aggregate+1","floor":35},{"not_picked":["Double Energy","Rebound"],"picked":"Hologram+1","floor":36},{"not_picked":["Cold Snap","Recycle"],"picked":"Turbo+1","floor":39},{"not_picked":["Sweeping Beam+1","Streamline"],"picked":"Skim","floor":40},{"not_picked":["Hologram","Redo"],"picked":"Lockon+1","floor":41},{"not_picked":["Cold Snap","Leap"],"picked":"Gash+1","floor":42},{"not_picked":["Cold Snap+1","Rip and Tear+1"],"picked":"White Noise+1","floor":44},{"not_picked":["Sunder","Compile Driver"],"picked":"Reboot","floor":48},{"not_picked":["Stack+1","Leap+1"],"picked":"Static Discharge","floor":49}],"player_experience":874781,"relics_obtained":[{"floor":6,"key":"Gambling Chip"},{"floor":8,"key":"Dream Catcher"},{"floor":9,"key":"Kunai"},{"floor":23,"key":"FossilizedHelix"},{"floor":26,"key":"The Courier"},{"floor":37,"key":"WingedGreaves"},{"floor":40,"key":"Boot"},{"floor":43,"key":"Omamori"},{"floor":48,"key":"Prayer Wheel"}],"event_choices":[{"damage_healed":0,"gold_gain":0,"player_choice":"Entered Light","damage_taken":15,"max_hp_gain":0,"max_hp_loss":0,"event_name":"Shining Light","floor":3,"gold_loss":0,"cards_upgraded":["Cold Snap","Streamline"]},{"damage_healed":0,"gold_gain":0,"player_choice":"Success","damage_taken":25,"relics_obtained":["Pear"],"max_hp_gain":0,"max_hp_loss":0,"event_name":"Scrap Ooze","floor":4,"gold_loss":0},{"damage_healed":0,"gold_gain":0,"player_choice":"Left Gold","damage_taken":0,"max_hp_gain":0,"max_hp_loss":0,"event_name":"World of Goop","floor":14,"gold_loss":41},{"damage_healed":0,"gold_gain":0,"player_choice":"Ignored","damage_taken":0,"max_hp_gain":0,"max_hp_loss":0,"event_name":"Beggar","floor":20,"gold_loss":0},{"damage_healed":0,"gold_gain":0,"player_choice":"Read","damage_taken":0,"max_hp_gain":0,"max_hp_loss":0,"event_name":"The Library","floor":21,"gold_loss":0,"cards_obtained":["Capacitor"]},{"damage_healed":0,"gold_gain":0,"player_choice":"Fight","damage_taken":0,"max_hp_gain":0,"max_hp_loss":0,"event_name":"MindBloom","floor":37,"gold_loss":0},{"cards_removed":["Cold Snap"],"damage_healed":0,"gold_gain":0,"player_choice":"Removed Attack","damage_taken":0,"max_hp_gain":0,"max_hp_loss":0,"event_name":"Falling","floor":38,"gold_loss":0},{"cards_removed":["Cold Snap"],"damage_healed":0,"gold_gain":0,"player_choice":"Card Removal","damage_taken":0,"max_hp_gain":0,"max_hp_loss":0,"event_name":"Wheel of Change","floor":46,"gold_loss":0},{"damage_healed":0,"gold_gain":0,"player_choice":"2 cards matched","damage_taken":0,"max_hp_gain":0,"max_hp_loss":0,"event_name":"Match and Keep!","floor":47,"gold_loss":0,"cards_obtained":["Sweeping Beam","Dark Shackles"]},{"damage_healed":0,"gold_gain":0,"player_choice":"Fight","damage_taken":0,"max_hp_gain":0,"max_hp_loss":0,"event_name":"Mysterious Sphere","floor":48,"gold_loss":0}],"is_beta":true,"boss_relics":[{"not_picked":["Coffee Dripper","Runic Dome","Velvet Choker"]},{"not_picked":["White Beast Statue","Astrolabe"],"picked":"FrozenCore"}],"items_purged_floors":[],"is_endless":false,"potions_floor_spawned":[6,10,16,18,30,31,35,37,41,48],"ascension_level":0}