{"gold_per_floor":[118,193,36,36,51,51,75,75,75,75,86,38,48,48,48,48],"floor_reached":16,"playtime":629,"items_purged":[],"score":101,"play_id":"46c8954d-9636-4f0c-8c35-3377974838e8","local_time":"20180703030708","is_ascension_mode":true,"campfire_choices":[{"data":"Pummel","floor":6,"key":"SMITH"},{"floor":8,"key":"REST"},{"data":"Rage","floor":15,"key":"SMITH"}],"neow_cost":"","seed_source_timestamp":98344561144991,"circlet_count":0,"master_deck":["Strike_R","Strike_R","Strike_R","Strike_R","Defend_R","Defend_R","Defend_R","Defend_R","Bash","Rage+1","Feel No Pain+1","Pummel+1","Pummel+1","Iron Wave","Disarm","Sword Boomerang","Flex","Flame Barrier"],"relics":["Burning Blood","Odd Mushroom","Frozen Egg 2"],"potions_floor_usage":[5,13],"damage_taken":[{"damage":1,"enemies":"2 Louse","floor":1,"turns":3},{"damage":2,"enemies":"Small Slimes","floor":5,"turns":4},{"damage":24,"floor":7,"turns":6},{"damage":4,"enemies":"Cultist","floor":11,"turns":4},{"damage":5,"enemies":"Gremlin Gang","floor":13,"turns":3},{"damage":71,"enemies":"Hexaghost","floor":16,"turns":14}],"seed_played":"692390148289662829","potions_obtained":[{"floor":1,"key":"AttackPotion"},{"floor":7,"key":"Explosive Potion"}],"is_trial":false,"path_per_floor":["M","?","$","?","M","R","?","R","T","?","M","$","M","$","R"],"character_chosen":"IRONCLAD","items_purchased":["Feel No Pain","Pummel","Flex"],"campfire_rested":1,"item_purchase_floors":[3,3,12],"current_hp_per_floor":[80,69,69,69,73,73,55,79,79,63,65,65,66,66,66,0],"gold":48,"neow_bonus":"","is_prod":false,"is_daily":false,"chose_seed":false,"campfire_upgraded":2,"win_rate":0,"timestamp":1530601628,"path_taken":["M","?","$","?","?","R","?","R","T","?","M","$","M","?","R","BOSS"],"build_version":"2018-06-29","purchased_purges":0,"victory":false,"max_hp_per_floor":[80,80,80,80,80,80,80,80,80,80,80,80,80,80,80,80],"card_choices":[{"not_picked":["Warcry","Reckless Charge"],"picked":"Rage","floor":1},{"not_picked":["Infernal Blade","Uppercut"],"picked":"Iron Wave","floor":5},{"not_picked":["Warcry","True Grit"],"picked":"Disarm","floor":7},{"not_picked":["Cleave","Shockwave"],"picked":"Sword Boomerang","floor":11},{"not_picked":["Perfected Strike","True Grit"],"picked":"Flame Barrier","floor":13}],"player_experience":375765,"relics_obtained":[{"floor":7,"key":"Odd Mushroom"},{"floor":9,"key":"Frozen Egg 2"}],"event_choices":[{"event_name":"World of Goop","player_choice":"Gather Gold","floor":2,"damage_taken":0},{"event_name":"Living Wall","player_choice":"Change","floor":4,"damage_taken":0},{"event_name":"Mushrooms","player_choice":"Fought Mushrooms","floor":7,"damage_taken":0},{"event_name":"Shining Light","player_choice":"Entered Light","floor":10,"damage_taken":0}],"boss_relics":[],"items_purged_floors":[],"is_endless":false,"potions_floor_spawned":[1,7],"killed_by":"Hexaghost","ascension_level":3}