{"gold_per_floor":[111,122,122,138,192,192,34,69,69,93,128,139,173,37,37,114,114,128,148,148,173,173,173,187,197,221,250,262],"floor_reached":28,"playtime":934,"items_purged":["Strike_R","Strike_R"],"score":476,"play_id":"bb54ff5c-9ddc-48ee-9ad7-7f28720e039a","local_time":"20190702204144","is_ascension_mode":true,"campfire_choices":[{"data":"Bash","floor":6.0,"key":"SMITH"},{"data":"True Grit","floor":15,"key":"SMITH"},{"data":"Entrench","floor":23,"key":"SMITH"}],"neow_cost":"NONE","seed_source_timestamp":7405498201436,"circlet_count":0,"master_deck":["AscendersBane","Bash+1","Rampage","Twin Strike","Sword Boomerang","Spot Weakness","True Grit+1","Fiend Fire","Feel No Pain","Feed","Anger","Impervious","Metallicize","Entrench+1","Shrug It Off","Burning Pact","Heavy Blade","Havoc+1","Armaments+1","Ghostly","Ghostly","Ghostly","Pummel","True Grit"],"special_seed":0,"relics":["Burning Blood","Tiny Chest","Red Skull","Strawberry","Smiling Mask","Potion Belt","Centennial Puzzle","Pandora\u0027s Box","Omamori","MawBank"],"potions_floor_usage":[11,11,24],"damage_taken":[{"damage":1.0,"enemies":"Small Slimes","floor":1.0,"turns":4.0},{"damage":9.0,"enemies":"Jaw Worm","floor":2.0,"turns":4.0},{"damage":9.0,"enemies":"2 Louse","floor":4.0,"turns":2.0},{"damage":35,"enemies":"Lagavulin","floor":8,"turns":5},{"damage":14,"enemies":"3 Sentries","floor":11,"turns":4},{"damage":8,"enemies":"Exordium Wildlife","floor":12,"turns":3},{"damage":8,"enemies":"Gremlin Nob","floor":13,"turns":3},{"damage":33,"enemies":"The Guardian","floor":16,"turns":8},{"damage":34,"enemies":"Spheric Guardian","floor":18,"turns":7},{"damage":3,"enemies":"Chosen","floor":19,"turns":6},{"damage":13,"enemies":"Sentry and Sphere","floor":24,"turns":8},{"damage":16,"enemies":"Cultist and Chosen","floor":25,"turns":10},{"damage":14,"enemies":"Centurion and Healer","floor":27,"turns":6},{"damage":33,"enemies":"Book of Stabbing","floor":28,"turns":5}],"seed_played":"-3562995520268660086","potions_obtained":[{"floor":1.0,"key":"Explosive Potion"},{"floor":2.0,"key":"SpeedPotion"},{"floor":8,"key":"AttackPotion"},{"floor":13,"key":"Strength Potion"},{"floor":18,"key":"Fire Potion"},{"floor":24,"key":"Poison Potion"}],"is_trial":false,"path_per_floor":["M","M","?","M","T","R","$","E","T","T","E","M","E","$","R","B",null,"M","M","?","T","?","R","M","M","T","M","E"],"character_chosen":"IRONCLAD","items_purchased":["Spot Weakness","Feel No Pain"],"campfire_rested":0,"item_purchase_floors":[7,14],"current_hp_per_floor":[80,77,82,79,79,79,79,50,57,57,49,47,45,45,45,18,75,47,53,48,48,48,48,44,37,37,32,0],"gold":262,"neow_bonus":"TEN_PERCENT_HP_BONUS","is_prod":false,"is_daily":false,"chose_seed":false,"campfire_upgraded":3,"win_rate":0,"timestamp":1562125304,"path_taken":["M","M","?","M","?","R","?","E","T","?","E","M","E","$","R","BOSS","M","M","?","?","?","R","M","M","T","?","E"],"build_version":"2019-07-01","purchased_purges":2,"victory":false,"max_hp_per_floor":[82,82,87,87,87,87,87,87,94,94,94,94,94,94,94,94,94,94,97,48,48,48,48,51,54,54,57,57],"card_choices":[{"not_picked":["Seeing Red","Burning Pact"],"picked":"Rampage","floor":1.0},{"not_picked":["Evolve","Body Slam"],"picked":"Twin Strike","floor":2.0},{"not_picked":["Pummel","Sever Soul"],"picked":"Sword Boomerang","floor":4.0},{"not_picked":["Flex","Cleave","Sever Soul"],"picked":"SKIP","floor":8},{"not_picked":["Wild Strike","Clash","Anger"],"picked":"SKIP","floor":11},{"not_picked":["Burning Pact","Carnage"],"picked":"True Grit","floor":12},{"not_picked":["Reckless Charge","Spot Weakness"],"picked":"Fiend Fire","floor":13},{"not_picked":["Exhume","Barricade"],"picked":"Feed","floor":16},{"not_picked":["Sentinel","Clothesline"],"picked":"Havoc+1","floor":18},{"not_picked":["Sword Boomerang","Anger+1"],"picked":"Armaments","floor":19},{"not_picked":["Perfected Strike","Spot Weakness+1"],"picked":"Pummel","floor":24},{"not_picked":["Intimidate","Perfected Strike+1"],"picked":"True Grit","floor":25},{"not_picked":["Heavy Blade","Warcry","Sword Boomerang"],"picked":"SKIP","floor":27}],"player_experience":830419,"relics_obtained":[{"floor":5.0,"key":"Tiny Chest"},{"floor":8,"key":"Red Skull"},{"floor":9,"key":"Strawberry"},{"floor":10,"key":"Smiling Mask"},{"floor":11,"key":"Potion Belt"},{"floor":13,"key":"Centennial Puzzle"},{"floor":21,"key":"Omamori"},{"floor":26,"key":"MawBank"}],"event_choices":[{"damage_healed":0.0,"max_hp_gain":5.0,"max_hp_loss":0.0,"gold_gain":0.0,"event_name":"Big Fish","player_choice":"Donut","floor":3.0,"gold_loss":0.0,"damage_taken":0.0},{"damage_healed":0,"gold_gain":0,"player_choice":"Became a Ghost","damage_taken":0,"max_hp_gain":0,"max_hp_loss":49,"event_name":"Ghosts","floor":20,"gold_loss":0,"cards_obtained":["Ghostly","Ghostly","Ghostly"]},{"damage_healed":0,"gold_gain":0,"player_choice":"Upgraded","damage_taken":0,"max_hp_gain":0,"max_hp_loss":0,"event_name":"Upgrade Shrine","floor":22,"gold_loss":0,"cards_upgraded":["Armaments"]}],"is_beta":false,"boss_relics":[{"not_picked":["Ectoplasm","Runic Cube"],"picked":"Pandora\u0027s Box"}],"items_purged_floors":[7,14],"is_endless":false,"potions_floor_spawned":[1,2,8,13,18,24],"killed_by":"Book of Stabbing","ascension_level":20}