{"gold_per_floor":[118,118,138,156,156,156,167,167,167,167,185,94,94,113,113,113],"floor_reached":16,"playtime":581,"items_purged":[],"score":101,"play_id":"65928202-bce0-4056-ad8e-b38d899aa8e3","local_time":"20190620192235","is_ascension_mode":true,"campfire_choices":[{"data":"Redo","floor":6,"key":"SMITH"},{"data":"Genetic Algorithm","floor":8,"key":"SMITH"},{"floor":15,"key":"REST"}],"neow_cost":"PERCENT_DAMAGE","seed_source_timestamp":5685062514402091,"circlet_count":0,"master_deck":["Strike_B","Strike_B","Strike_B","Defend_B","Defend_B","Defend_B","Defend_B","Zap","Dualcast","Seek","Ball Lightning","Redo+1","Genetic Algorithm+1","Defragment","Steam"],"relics":["Cracked Core","Shuriken"],"potions_floor_usage":[16],"damage_taken":[{"damage":1,"enemies":"Cultist","floor":1,"turns":3},{"damage":1,"enemies":"2 Louse","floor":3,"turns":2},{"damage":12,"enemies":"Small Slimes","floor":4,"turns":2},{"damage":2,"enemies":"2 Fungi Beasts","floor":7,"turns":3},{"damage":15,"enemies":"Lots of Slimes","floor":11,"turns":4},{"damage":7,"enemies":"Exordium Thugs","floor":14,"turns":4},{"damage":44,"enemies":"The Guardian","floor":16,"turns":9}],"seed_played":"-3576225594409432468","potions_obtained":[{"floor":3,"key":"FocusPotion"},{"floor":4,"key":"Ancient Potion"},{"floor":14,"key":"GamblersBrew"}],"is_trial":false,"path_per_floor":["M","$","M","M","?","R","M","R","T","$","M","$","?","M","R","B"],"character_chosen":"DEFECT","items_purchased":["Defragment","Steam"],"campfire_rested":1,"item_purchase_floors":[12,12],"current_hp_per_floor":[53,53,52,40,40,40,38,38,38,38,23,23,23,16,38,0],"gold":113,"neow_bonus":"THREE_RARE_CARDS","is_prod":false,"is_daily":false,"chose_seed":false,"campfire_upgraded":2,"win_rate":0,"timestamp":1561076555,"path_taken":["M","$","M","M","?","R","M","R","T","?","M","$","?","M","R","BOSS"],"build_version":"2019-01-23","purchased_purges":0,"victory":false,"max_hp_per_floor":[75,75,75,75,75,75,75,75,75,75,75,75,75,75,75,75],"card_choices":[{"not_picked":["Machine Learning","Hyperbeam"],"picked":"Seek","floor":0},{"not_picked":["Sweeping Beam","Rebound"],"picked":"Ball Lightning","floor":1},{"not_picked":["Undo","Go for the Eyes"],"picked":"Redo","floor":3},{"not_picked":["Skim","Rebound","Gash"],"picked":"SKIP","floor":4},{"not_picked":["Self Repair","Sweeping Beam"],"picked":"Genetic Algorithm","floor":7},{"not_picked":["Loop","Turbo","Streamline"],"picked":"SKIP","floor":11},{"not_picked":["Ball Lightning","Beam Cell","Self Repair"],"picked":"SKIP","floor":14}],"player_experience":141021,"relics_obtained":[{"floor":9,"key":"Shuriken"}],"event_choices":[{"cards_removed":["Strike_B"],"damage_healed":0,"gold_gain":0,"player_choice":"Purged","damage_taken":0,"max_hp_gain":0,"max_hp_loss":0,"event_name":"Purifier","floor":5,"gold_loss":0},{"damage_healed":0,"gold_gain":0,"player_choice":"Fled","damage_taken":0,"max_hp_gain":0,"max_hp_loss":0,"event_name":"Scrap Ooze","floor":13,"gold_loss":0}],"is_beta":false,"boss_relics":[],"items_purged_floors":[],"is_endless":false,"potions_floor_spawned":[3,4,14],"killed_by":"The Guardian","ascension_level":2}