{"gold_per_floor":[118,137,11,22,172,172,183,215,298,309,309,309,325,339,339,416,416,435,448,448],"floor_reached":20,"playtime":874,"items_purged":[],"score":347,"play_id":"d293f847-9e69-43fd-9ede-f50d705c46d5","local_time":"20190616151911","is_ascension_mode":true,"campfire_choices":[{"data":"Storm of Steel","floor":6.0,"key":"SMITH"},{"data":"Accuracy","floor":11,"key":"SMITH"},{"data":"Noxious Fumes","floor":15,"key":"SMITH"}],"neow_cost":"NONE","seed_source_timestamp":321957349438425,"circlet_count":0,"master_deck":["AscendersBane","Defend_G","Defend_G","Defend_G","Defend_G","Defend_G","Strike_G","Strike_G","Strike_G","Strike_G","Strike_G","Survivor","Neutralize","Storm of Steel+1","Backstab","Sucker Punch","Noxious Fumes+1","Deadly Poison","Predator","Acrobatics","Accuracy+1","Predator+1","Footwork","Adrenaline","After Image"],"special_seed":0,"relics":["Ring of the Snake","Molten Egg 2","Tiny Chest","Coffee Dripper"],"potions_floor_usage":[8,13],"damage_taken":[{"damage":8.0,"enemies":"Jaw Worm","floor":1.0,"turns":6.0},{"damage":0.0,"enemies":"2 Louse","floor":2.0,"turns":2.0},{"damage":0.0,"enemies":"Cultist","floor":4.0,"turns":3.0},{"damage":0.0,"enemies":"Red Slaver","floor":7.0,"turns":4.0},{"damage":25,"enemies":"3 Sentries","floor":8,"turns":6},{"damage":0,"enemies":"Gremlin Gang","floor":10,"turns":4},{"damage":0,"enemies":"3 Louse","floor":13,"turns":1},{"damage":0,"enemies":"2 Fungi Beasts","floor":14,"turns":2},{"damage":20,"enemies":"The Guardian","floor":16,"turns":12},{"damage":25,"enemies":"2 Thieves","floor":18,"turns":4},{"damage":5,"enemies":"Shell Parasite","floor":19,"turns":6},{"damage":21,"enemies":"Snecko","floor":20,"turns":4}],"seed_played":"3292039985869881131","potions_obtained":[{"floor":2.0,"key":"Strength Potion"},{"floor":8,"key":"Poison Potion"},{"floor":10,"key":"Explosive Potion"},{"floor":14,"key":"Ancient Potion"},{"floor":18,"key":"Poison Potion"}],"is_trial":false,"path_per_floor":["M","M","$","M","?","R","M","E","T","M","R","?","M","M","R","B",null,"M","M","M"],"character_chosen":"THE_SILENT","items_purchased":["Noxious Fumes","Deadly Poison"],"campfire_rested":0,"item_purchase_floors":[3,3],"current_hp_per_floor":[51,51,51,51,51,51,51,26,26,26,26,26,26,26,26,6,51,26,21,0],"gold":448,"neow_bonus":"ONE_RANDOM_RARE_CARD","is_prod":false,"is_daily":false,"chose_seed":false,"campfire_upgraded":3,"win_rate":0,"timestamp":1560691151,"path_taken":["M","M","$","M","?","R","M","E","T","M","R","?","M","M","R","BOSS","M","M","M"],"build_version":"2019-01-23","purchased_purges":0,"victory":false,"max_hp_per_floor":[66,66,66,66,66,66,66,66,66,66,66,66,66,66,66,66,66,66,66,66],"card_choices":[{"not_picked":["Bane","Dagger Spray"],"picked":"Backstab","floor":1.0},{"not_picked":["Prepared","Poisoned Stab"],"picked":"Sucker Punch","floor":2.0},{"not_picked":["Dodge and Roll","PiercingWail"],"picked":"Predator","floor":4.0},{"not_picked":["Tactician","Slice"],"picked":"Acrobatics","floor":7.0},{"not_picked":["Footwork","Setup"],"picked":"Accuracy","floor":8},{"not_picked":["Acrobatics","Crippling Poison"],"picked":"Predator+1","floor":10},{"not_picked":["Distraction","Dash+1"],"picked":"Footwork","floor":13},{"not_picked":["Sucker Punch+1","Accuracy"],"picked":"Adrenaline","floor":14},{"not_picked":["Die Die Die+1","Wraith Form v2"],"picked":"After Image","floor":16},{"not_picked":["Flying Knee+1","Deadly Poison","Backflip"],"picked":"SKIP","floor":18},{"not_picked":["Deadly Poison","Caltrops","Tactician"],"picked":"SKIP","floor":19}],"player_experience":600922,"relics_obtained":[{"floor":8,"key":"Molten Egg 2"},{"floor":9,"key":"Tiny Chest"}],"event_choices":[{"damage_healed":0.0,"max_hp_gain":0.0,"max_hp_loss":0.0,"gold_gain":150.0,"event_name":"Liars Game","player_choice":"AGREE","floor":5.0,"gold_loss":0.0,"damage_taken":0.0,"cards_obtained":["Doubt"]},{"cards_removed":["Doubt"],"damage_healed":0,"gold_gain":0,"player_choice":"Purged","damage_taken":0,"max_hp_gain":0,"max_hp_loss":0,"event_name":"Purifier","floor":12,"gold_loss":0}],"is_beta":false,"boss_relics":[{"not_picked":["Velvet Choker","Runic Pyramid"],"picked":"Coffee Dripper"}],"items_purged_floors":[],"is_endless":false,"potions_floor_spawned":[2,8,10,14,18],"killed_by":"Snecko","ascension_level":19}