{"gold_per_floor":[117,131,131,145,27,60,60,60,140,181,194,194,238,148,148,239,239,262,212,212,225,250,286,286],"floor_reached":24,"playtime":1272,"items_purged":["Strike_G","Strike_G","Outmaneuver"],"score":468,"play_id":"13d984e2-a543-49e4-9352-b087c6cdec67","local_time":"20181106184623","is_ascension_mode":true,"campfire_choices":[{"floor":8.0,"key":"REST"},{"floor":12.0,"key":"REST"},{"data":"Glass Knife","floor":15.0,"key":"SMITH"}],"neow_cost":"NONE","seed_source_timestamp":2317206685127008,"circlet_count":0,"master_deck":["AscendersBane","Survivor","Neutralize+1","Cloak And Dagger","Flying Knee","Crippling Poison","Skewer","Well Laid Plans","Cloak And Dagger","Glass Knife+1","Footwork","Envenom","Riddle With Holes","Slice","Flying Knee","Backflip","Slice","Terror","Dodge and Roll","PiercingWail+1","Blur"],"special_seed":0,"relics":["Ring of the Snake","Snake Skull","Golden Idol","Shuriken","Boot","Smiling Mask","Pandora\u0027s Box","Kunai","Paper Crane"],"potions_floor_usage":[24],"damage_taken":[{"damage":0.0,"enemies":"2 Louse","floor":1.0,"turns":3.0},{"damage":4.0,"enemies":"Small Slimes","floor":2.0,"turns":4.0},{"damage":2.0,"enemies":"Jaw Worm","floor":4.0,"turns":4.0},{"damage":47.0,"enemies":"Lagavulin","floor":6.0,"turns":9.0},{"damage":10.0,"enemies":"3 Sentries","floor":10.0,"turns":10.0},{"damage":3.0,"enemies":"Blue Slaver","floor":11.0,"turns":4.0},{"damage":9.0,"enemies":"Lagavulin","floor":13.0,"turns":7.0},{"damage":16.0,"enemies":"The Guardian","floor":16.0,"turns":13.0},{"damage":19.0,"enemies":"Shell Parasite","floor":18.0,"turns":4.0},{"damage":2.0,"enemies":"Spheric Guardian","floor":21.0,"turns":3.0},{"damage":3.0,"enemies":"Centurion and Healer","floor":22.0,"turns":5.0},{"damage":15.0,"enemies":"Gremlin Leader","floor":23.0,"turns":4.0},{"damage":16,"enemies":"Shelled Parasite and Fungi","floor":24,"turns":4}],"seed_played":"-1512659414424015110","potions_obtained":[{"floor":0.0,"key":"Fruit Juice"},{"floor":0.0,"key":"Energy Potion"},{"floor":4.0,"key":"Energy Potion"},{"floor":6.0,"key":"FearPotion"},{"floor":13.0,"key":"Energy Potion"},{"floor":18.0,"key":"Ancient Potion"},{"floor":22.0,"key":"GamblersBrew"}],"is_trial":false,"path_per_floor":["M","M","?","M","$","E","?","R","T","E","M","R","E","$","R","B",null,"M","$","?","M","M","E","M"],"character_chosen":"THE_SILENT","items_purchased":["Skewer","Footwork"],"campfire_rested":2,"item_purchase_floors":[5,14],"current_hp_per_floor":[64,60,60,58,58,11,11,30,30,20,17,36,27,27,27,11,51,32,32,32,30,27,12,0],"gold":286,"neow_bonus":"THREE_SMALL_POTIONS","is_prod":false,"is_daily":false,"chose_seed":false,"campfire_upgraded":1,"win_rate":0,"timestamp":1541555183,"path_taken":["M","M","?","M","$","E","?","R","T","E","M","R","E","?","R","BOSS","M","$","?","M","?","E","M"],"build_version":"2018-11-01","purchased_purges":3,"victory":false,"max_hp_per_floor":[71,71,71,71,71,71,64,64,64,64,64,64,64,64,64,64,64,64,64,64,64,64,64,64],"card_choices":[{"not_picked":["Blade Dance","Bane"],"picked":"Cloak And Dagger","floor":1.0},{"not_picked":["Poisoned Stab","Bouncing Flask"],"picked":"Flying Knee","floor":2.0},{"not_picked":["Blade Dance","Concentrate"],"picked":"Crippling Poison","floor":4.0},{"not_picked":["Deadly Poison","Infinite Blades"],"picked":"Well Laid Plans","floor":6.0},{"not_picked":["Catalyst","Deadly Poison","Acrobatics"],"picked":"SKIP","floor":10.0},{"not_picked":["Flechettes","Outmaneuver"],"picked":"Cloak And Dagger","floor":11.0},{"not_picked":["Slice","Storm of Steel"],"picked":"Glass Knife","floor":13.0},{"not_picked":["Grand Finale","Storm of Steel"],"picked":"Envenom","floor":16.0},{"not_picked":["Heel Hook","All Out Attack","Expertise"],"picked":"SKIP","floor":18.0},{"not_picked":["Bane","Dagger Spray"],"picked":"Dodge and Roll","floor":21.0},{"not_picked":["Backflip","Poisoned Stab+1"],"picked":"PiercingWail+1","floor":22.0},{"not_picked":["Poisoned Stab","Flechettes"],"picked":"Blur","floor":23.0}],"player_experience":593813,"relics_obtained":[{"floor":6.0,"key":"Snake Skull"},{"floor":9.0,"key":"Shuriken"},{"floor":10.0,"key":"Boot"},{"floor":13.0,"key":"Smiling Mask"},{"floor":23.0,"key":"Paper Crane"}],"event_choices":[{"damage_healed":0.0,"max_hp_gain":0.0,"max_hp_loss":0.0,"gold_gain":0.0,"event_name":"Living Wall","player_choice":"Grow","floor":3.0,"gold_loss":0.0,"damage_taken":0.0,"cards_upgraded":["Neutralize"]},{"damage_healed":0.0,"max_hp_gain":0.0,"max_hp_loss":7.0,"gold_gain":0.0,"event_name":"Golden Idol","player_choice":"Lose Max HP","floor":7.0,"gold_loss":0.0,"damage_taken":0.0,"relics_obtained":["Golden Idol"]},{"cards_removed":["Quick Slash"],"damage_healed":0.0,"max_hp_gain":0.0,"max_hp_loss":0.0,"gold_gain":0.0,"event_name":"WeMeetAgain","player_choice":"Gave Card","floor":20.0,"gold_loss":0.0,"damage_taken":0.0,"relics_obtained":["Kunai"]}],"is_beta":false,"boss_relics":[{"not_picked":["Runic Dome","Astrolabe"],"picked":"Pandora\u0027s Box"}],"items_purged_floors":[5,14,19],"is_endless":false,"potions_floor_spawned":[4,6,13,18,21,22],"killed_by":"Shelled Parasite and Fungi","ascension_level":20}