{"path_per_floor":["M","?","M","$","?","R","M","?","T","M","E","M","T","M","R","B",null,"M","M"],"character_chosen":"DEFECT","items_purchased":[],"gold_per_floor":[112,112,122,122,122,122,137,137,160,184,257,281,281,300,300,431,431,450,463,463],"floor_reached":20,"campfire_rested":1,"playtime":1746,"current_hp_per_floor":[65,65,64,64,57,57,57,57,57,55,32,29,29,36,56,63,69,31,28,0],"items_purged":[],"gold":463,"score":226,"play_id":"068ec18b-0fdf-44c4-8f8b-63a17d48c1ea","local_time":"20180515012740","is_prod":false,"is_daily":false,"chose_seed":false,"is_ascension_mode":false,"campfire_upgraded":1,"timestamp":1526362060,"path_taken":["M","?","M","$","?","R","M","?","T","?","E","M","?","M","R","BOSS","M","M","?"],"build_version":"2018-05-12v2","seed_source_timestamp":123291737415020,"purchased_purges":0,"victory":false,"master_deck":["Strike_B","Strike_B","Defend_B","Defend_B","Defend_B","Defend_B","Zap","Dualcast","BootSequence","Redo+1","Loop","Coolheaded","Self Repair","Amplify","Defragment"],"max_hp_per_floor":[75,75,75,75,75,75,75,69,69,69,69,69,69,69,69,69,69,69,69,69],"relics":["Black Star","Golden Idol","Bag of Preparation","Bronze Scales","Tiny Chest","Happy Flower","Runic Pyramid"],"card_choices":[{"not_picked":["Barrage","Hologram","Static Discharge"],"picked":"SKIP","floor":1},{"not_picked":["Skim","Axe Kick"],"picked":"Redo","floor":3},{"not_picked":["Capacitor","Ball Lightning"],"picked":"Loop","floor":7},{"not_picked":["Capacitor","Darkness","Turbo"],"picked":"SKIP","floor":10},{"not_picked":["Beam Cell","Doom and Gloom"],"picked":"Coolheaded","floor":11},{"not_picked":["Melter","Capacitor"],"picked":"Self Repair","floor":12},{"not_picked":["Static Discharge","Rip and Tear","Lockon"],"picked":"SKIP","floor":14},{"not_picked":["Nova","Fission"],"picked":"Amplify","floor":16},{"not_picked":["Turbo","Axe Kick","Reinforced Body"],"picked":"SKIP","floor":18},{"not_picked":["Capacitor","Hello World+1"],"picked":"Defragment","floor":19}],"player_experience":253947,"potions_floor_usage":[14,16,16,16,16,20],"damage_taken":[{"damage":10,"enemies":"Jaw Worm","floor":1,"turns":4},{"damage":1,"enemies":"Cultist","floor":3,"turns":5},{"damage":0,"enemies":"2 Louse","floor":7,"turns":2},{"damage":2,"enemies":"Looter","floor":10,"turns":4},{"damage":23,"enemies":"3 Sentries","floor":11,"turns":8},{"damage":3,"enemies":"Large Slime","floor":12,"turns":8},{"damage":0,"enemies":"Gremlin Gang","floor":14,"turns":5},{"damage":0,"enemies":"Slime Boss","floor":16,"turns":9},{"damage":45,"enemies":"Chosen","floor":18,"turns":10},{"damage":10,"enemies":"Spheric Guardian","floor":19,"turns":6},{"damage":33,"enemies":"Chosen and Byrds","floor":20,"turns":6}],"event_choices":[{"event_name":"Transmorgrifier","player_choice":"Transform","floor":2,"damage_taken":0},{"event_name":"Golden Wing","player_choice":"Card Removal","floor":5,"damage_taken":0},{"event_name":"Golden Idol","player_choice":"Lose Max HP","floor":8,"damage_taken":0}],"boss_relics":[{"not_picked":["Snecko Eye","Runic Dome"],"picked":"Runic Pyramid"}],"potions_floor_spawned":[11,14,18],"seed_played":"2624598096012149650","killed_by":"Chosen and Byrds","ascension_level":0,"is_trial":false}