{"gold_per_floor":[118,133,146,160,160,160,186,186,186,186,68,125,143,171,171,271,271,291,291,4,4,76,76,76,76,158,189,201,228,240,258,258,357,357,367,73,73,88,140,140,153,153,153,165,165,21,21,41,41,41],"floor_reached":50,"playtime":1939,"items_purged":[],"score":691,"play_id":"5f0d737f-92cc-459a-9b35-76f1d7d96266","local_time":"20180718012711","is_ascension_mode":true,"campfire_choices":[{"data":"Cleave","floor":6,"key":"SMITH"},{"floor":8,"key":"REST"},{"floor":15,"key":"REST"},{"data":"Infernal Blade","floor":23,"key":"SMITH"},{"data":"RitualDagger","floor":25,"key":"SMITH"},{"floor":32,"key":"REST"},{"floor":40,"key":"REST"},{"floor":42,"key":"REST"},{"floor":47,"key":"DIG"},{"floor":49,"key":"DIG"}],"neow_cost":"NONE","seed_source_timestamp":769163551071365,"circlet_count":0,"master_deck":["Strike_R","Strike_R","Strike_R","Defend_R","Defend_R","Defend_R","Bash","Cleave+1","Rampage","Burning Pact","Infernal Blade+1","Whirlwind","Inflame+1","Pummel","Pummel","Armaments","Fiend Fire","Demon Form+1","Infernal Blade+1","Feel No Pain+1","RitualDagger+1","Blood for Blood+1","Flame Barrier","Dual Wield","Impervious","Disarm","Impervious","Rage","Carnage","Carnage","Heavy Blade+1","True Grit+1","Ghostly Armor","Offering","Discovery","Combust+1","Madness","Madness","Anger","Pommel Strike+1","Flame Barrier+1","Cleave+1","Doubt","Body Slam+1"],"relics":["Burning Blood","Happy Flower","Mango","Frozen Egg 2","Ornamental Fan","Dodecahedron","Empty Cage","HandDrill","Pantograph","Blue Candle","Gambling Chip","Blood Vial","Orrery","Shovel","Ginger","Boot","Nunchaku","Centennial Puzzle"],"potions_floor_usage":[7,14,14,14,31,33,48,50],"damage_taken":[{"damage":1,"enemies":"Cultist","floor":1,"turns":4},{"damage":0,"enemies":"Small Slimes","floor":2,"turns":3},{"damage":15,"enemies":"2 Louse","floor":3,"turns":3},{"damage":11,"enemies":"2 Fungi Beasts","floor":4,"turns":3},{"damage":47,"enemies":"Lagavulin","floor":7,"turns":8},{"damage":22,"enemies":"3 Sentries","floor":12,"turns":4},{"damage":0,"enemies":"Exordium Wildlife","floor":13,"turns":2},{"damage":4,"enemies":"3 Sentries","floor":14,"turns":3},{"damage":65,"enemies":"Hexaghost","floor":16,"turns":9},{"damage":35,"enemies":"2 Thieves","floor":18,"turns":4},{"damage":0,"enemies":"Gremlin Leader","floor":27,"turns":5},{"damage":6,"enemies":"Chosen","floor":28,"turns":4},{"damage":40,"enemies":"Slavers","floor":29,"turns":5},{"damage":40,"enemies":"Centurion and Healer","floor":30,"turns":4},{"damage":6,"enemies":"3 Cultists","floor":31,"turns":4},{"damage":16,"enemies":"Champ","floor":33,"turns":5},{"damage":21,"enemies":"Flame Bruiser 1 Orb","floor":35,"turns":4},{"damage":22,"enemies":"3 Darklings","floor":38,"turns":4},{"damage":41,"floor":39,"turns":5},{"damage":23,"enemies":"Sphere and 2 Shapes","floor":41,"turns":4},{"damage":36,"enemies":"Flame Bruiser 2 Orb","floor":44,"turns":8},{"damage":36,"enemies":"3 Darklings","floor":48,"turns":6},{"damage":103,"enemies":"Awakened One","floor":50,"turns":8}],"seed_played":"-2996363568062785329","potions_obtained":[{"floor":3,"key":"Dexterity Potion"},{"floor":12,"key":"SteroidPotion"},{"floor":12,"key":"Energy Potion"},{"floor":13,"key":"Fire Potion"},{"floor":29,"key":"SpeedPotion"},{"floor":30,"key":"LiquidBronze"},{"floor":44,"key":"BloodPotion"},{"floor":48,"key":"Fire Potion"}],"is_trial":false,"path_per_floor":["M","M","M","M","?","R","E","R","T","?","$","?","M","E","R","B",null,"M","?","$","?","T","R","?","R","T","E","M","E","M","M","R","B",null,"M","$","?","M","?","R","M","R","T","M","?","$","R","M","R"],"character_chosen":"IRONCLAD","items_purchased":["Inflame+1","Pummel","HandDrill","Feel No Pain+1","Offering","Discovery","Combust+1","Boot"],"campfire_rested":5,"item_purchase_floors":[11,11,20,20,36,36,36,46],"current_hp_per_floor":[80,80,71,66,59,59,32,60,60,65,65,49,55,57,86,27,81,52,85,85,85,85,85,79,79,79,85,85,51,19,21,50,67,91,78,78,66,52,36,66,51,81,81,53,102,102,102,82,82,0],"gold":41,"neow_bonus":"RANDOM_COMMON_RELIC","is_prod":false,"is_daily":false,"chose_seed":false,"campfire_upgraded":3,"win_rate":0,"timestamp":1531891631,"path_taken":["M","M","M","M","?","R","E","R","T","?","$","?","M","E","R","BOSS","M","?","$","?","?","R","?","R","T","E","M","E","M","?","R","BOSS","M","$","?","M","?","R","M","R","T","M","?","$","R","?","R","BOSS"],"build_version":"2018-07-16","purchased_purges":0,"victory":false,"max_hp_per_floor":[80,80,80,80,80,80,94,94,94,99,99,99,99,99,99,99,99,99,99,99,99,99,99,99,99,99,99,99,99,99,99,99,99,99,99,99,99,99,102,102,102,102,102,102,102,102,102,102,102,102],"card_choices":[{"not_picked":["Fire Breathing","Intimidate"],"picked":"Cleave","floor":1},{"not_picked":["Carnage","Warcry"],"picked":"Rampage","floor":2},{"not_picked":["Shrug It Off","Sever Soul"],"picked":"Burning Pact","floor":3},{"not_picked":["Clothesline","Warcry"],"picked":"Infernal Blade","floor":4},{"not_picked":["Disarm","Clash"],"picked":"Whirlwind","floor":7},{"not_picked":["Heavy Blade","Anger"],"picked":"Pummel","floor":12},{"not_picked":["Searing Blow","Havoc"],"picked":"Armaments","floor":13},{"not_picked":["Sever Soul","Iron Wave"],"picked":"Fiend Fire","floor":14},{"not_picked":["Brutality+1","Bludgeon"],"picked":"Demon Form+1","floor":16},{"not_picked":["Power Through","Carnage"],"picked":"Infernal Blade+1","floor":18},{"not_picked":["Armaments","Headbutt"],"picked":"Blood for Blood+1","floor":27},{"not_picked":["Cleave","Havoc"],"picked":"Flame Barrier","floor":28},{"not_picked":["Anger","Burning Pact+1"],"picked":"Dual Wield","floor":29},{"not_picked":["Second Wind+1","Hemokinesis"],"picked":"Impervious","floor":30},{"not_picked":["Burning Pact+1","Shrug It Off"],"picked":"Disarm","floor":31},{"not_picked":["Immolate","Feed"],"picked":"Impervious","floor":33},{"not_picked":["Iron Wave","Twin Strike"],"picked":"Rage","floor":34},{"not_picked":["Headbutt","True Grit"],"picked":"Carnage","floor":34},{"not_picked":["Blood for Blood","Headbutt"],"picked":"Carnage","floor":34},{"not_picked":["Anger","Pummel"],"picked":"Heavy Blade+1","floor":34},{"not_picked":["Wild Strike","Fire Breathing+1"],"picked":"True Grit+1","floor":34},{"not_picked":["Pommel Strike","Exhume"],"picked":"Ghostly Armor","floor":35},{"not_picked":["Clash+1","Whirlwind+1"],"picked":"Anger","floor":38},{"not_picked":["Havoc","Sentinel"],"picked":"Pommel Strike+1","floor":39},{"not_picked":["Uppercut+1","Perfected Strike"],"picked":"Flame Barrier+1","floor":41},{"not_picked":["Armaments","Anger+1"],"picked":"Cleave+1","floor":44},{"not_picked":["Evolve+1","Anger"],"picked":"Body Slam+1","floor":48}],"player_experience":448440,"relics_obtained":[{"floor":7,"key":"Mango"},{"floor":9,"key":"Frozen Egg 2"},{"floor":12,"key":"Ornamental Fan"},{"floor":14,"key":"Dodecahedron"},{"floor":22,"key":"Pantograph"},{"floor":26,"key":"Blue Candle"},{"floor":27,"key":"Gambling Chip"},{"floor":29,"key":"Blood Vial"},{"floor":39,"key":"Shovel"},{"floor":43,"key":"Ginger"},{"floor":47,"key":"Nunchaku"},{"floor":49,"key":"Centennial Puzzle"}],"event_choices":[{"event_name":"Golden Wing","player_choice":"Card Removal","floor":5,"damage_taken":0},{"event_name":"Big Fish","player_choice":"Donut","floor":10,"damage_taken":0},{"event_name":"Dead Adventurer","player_choice":"Searched \u00271\u0027 times","floor":12,"damage_taken":0},{"event_name":"The Library","player_choice":"Heal","floor":19,"damage_taken":0},{"event_name":"Beggar","player_choice":"Ignored","floor":21,"damage_taken":0},{"event_name":"Nest","player_choice":"Joined the Cult","floor":24,"damage_taken":0},{"event_name":"Winding Halls","player_choice":"Embrace Madness","floor":37,"damage_taken":0},{"event_name":"Mysterious Sphere","player_choice":"Fight","floor":39,"damage_taken":0},{"event_name":"MindBloom","player_choice":"Heal","floor":45,"damage_taken":0}],"boss_relics":[{"not_picked":["Ectoplasm","Tiny House"],"picked":"Empty Cage"},{"not_picked":["Runic Pyramid","Calling Bell"],"picked":"Orrery"}],"items_purged_floors":[],"is_endless":false,"potions_floor_spawned":[3,12,12,13,29,30,44,48],"killed_by":"Awakened One","ascension_level":5}