{"gold_per_floor":[116,116,116,31,108,134,134,146,146,146,163,188,188,223,223,325,325,338,338,24,44,44,44,63,63,138,138,150,75,93,112,112,112],"floor_reached":33,"playtime":1337,"items_purged":[],"score":327,"play_id":"9c21b5c1-6d25-41f4-9d9c-88e5f121b635","local_time":"20180913064219","is_ascension_mode":true,"campfire_choices":[{"floor":7,"key":"REST"},{"data":"Gash","floor":10,"key":"SMITH"},{"floor":13,"key":"REST"},{"floor":15,"key":"REST"},{"data":"Hyperbeam","floor":23,"key":"SMITH"},{"data":"RitualDagger","floor":25,"key":"SMITH"},{"data":"Defragment","floor":27,"key":"SMITH"},{"floor":32,"key":"REST"}],"neow_cost":"NONE","seed_source_timestamp":528969512560744,"circlet_count":0,"master_deck":["Strike_B","Strike_B","Strike_B","Defend_B","Defend_B","Defend_B","Zap","Dualcast","Hyperbeam+1","Leap","Self Repair","Coolheaded","Cold Snap","Gash+1","Rainbow+1","Doom and Gloom","RitualDagger+1","Defragment+1","Self Repair","Doom and Gloom","Self Repair+1","Hyperbeam"],"relics":["FrozenCore","Oddly Smooth Stone","Shuriken","Singing Bowl","The Courier","Regal Pillow","Gremlin Horn","Pear"],"potions_floor_usage":[6,12,18,21,24,31],"damage_taken":[{"damage":7,"enemies":"Jaw Worm","floor":1,"turns":2},{"damage":26,"enemies":"Gremlin Nob","floor":6,"turns":4},{"damage":0,"enemies":"Small Slimes","floor":8,"turns":2},{"damage":7,"enemies":"2 Louse","floor":11,"turns":3},{"damage":40,"enemies":"Lagavulin","floor":12,"turns":7},{"damage":30,"enemies":"3 Sentries","floor":14,"turns":4},{"damage":43,"enemies":"Slime Boss","floor":16,"turns":10},{"damage":9,"enemies":"Shell Parasite","floor":18,"turns":14},{"damage":0,"enemies":"Spheric Guardian","floor":21,"turns":3},{"damage":17,"enemies":"Cultist and Chosen","floor":24,"turns":8},{"damage":23,"enemies":"3 Cultists","floor":28,"turns":5},{"damage":40,"enemies":"Snecko","floor":30,"turns":6},{"damage":31,"enemies":"Shelled Parasite and Fungi","floor":31,"turns":5},{"damage":85,"enemies":"Collector","floor":33,"turns":7}],"seed_played":"-6728818584189210358","potions_obtained":[{"floor":1,"key":"SkillPotion"},{"floor":11,"key":"AttackPotion"},{"floor":16,"key":"Fruit Juice"},{"floor":18,"key":"AttackPotion"},{"floor":21,"key":"EssenceOfSteel"},{"floor":30,"key":"SteroidPotion"}],"is_trial":false,"path_per_floor":["M","?","?","$","?","E","R","M","T","R","M","E","R","E","R","B",null,"M","?","$","M","?","R","M","R","T","R","M","?","M","M","R"],"character_chosen":"DEFECT","items_purchased":["Self Repair","Coolheaded","Gremlin Horn","Defragment","Self Repair"],"campfire_rested":4,"item_purchase_floors":[4,4,20,20,20],"current_hp_per_floor":[68,65,65,65,65,46,68,68,68,68,70,32,55,34,73,37,81,84,78,78,85,85,85,77,77,87,87,71,71,47,33,78,0],"gold":112,"neow_bonus":"ONE_RANDOM_RARE_CARD","is_prod":false,"is_daily":false,"chose_seed":false,"campfire_upgraded":4,"win_rate":0,"timestamp":1536835339,"path_taken":["M","?","?","$","?","E","R","M","T","R","M","E","R","E","R","BOSS","M","?","$","M","?","R","?","R","T","R","M","?","M","M","R","BOSS"],"build_version":"2018-09-12","purchased_purges":0,"victory":false,"max_hp_per_floor":[75,75,75,75,75,75,75,75,75,75,77,79,79,81,81,81,81,86,86,86,86,86,86,88,88,98,98,98,98,100,100,100,100],"card_choices":[{"not_picked":["Undo","Conserve Battery"],"picked":"Leap","floor":1},{"not_picked":["Hologram","BootSequence"],"picked":"Cold Snap","floor":6},{"not_picked":["Double Energy","Leap"],"picked":"Gash","floor":8},{"not_picked":["Redo","Static Discharge","Hologram"],"picked":"Singing Bowl","floor":11},{"not_picked":["Coolheaded","Lockon","Recycle"],"picked":"Singing Bowl","floor":12},{"not_picked":["Hologram","Ball Lightning","Skim"],"picked":"Singing Bowl","floor":14},{"not_picked":["Machine Learning","Reboot"],"picked":"Rainbow","floor":16},{"not_picked":["Defragment","Beam Cell"],"picked":"Doom and Gloom","floor":18},{"not_picked":["Chill","Coolheaded"],"picked":"Doom and Gloom","floor":21},{"not_picked":["Turbo","Blizzard+1","Chill"],"picked":"Singing Bowl","floor":24},{"not_picked":["Go for the Eyes","Coolheaded"],"picked":"Self Repair+1","floor":28},{"not_picked":["Double Energy","Blizzard","Leap"],"picked":"Singing Bowl","floor":30},{"not_picked":["Barrage","Compile Driver"],"picked":"Hyperbeam","floor":31}],"player_experience":658867,"relics_obtained":[{"floor":6,"key":"Shuriken"},{"floor":9,"key":"Singing Bowl"},{"floor":12,"key":"The Courier"},{"floor":14,"key":"Regal Pillow"},{"floor":26,"key":"Pear"}],"event_choices":[{"event_name":"Scrap Ooze","player_choice":"success","floor":2,"damage_taken":3},{"event_name":"Purifier","player_choice":"One Purge","floor":3,"damage_taken":0},{"event_name":"Golden Wing","player_choice":"Gained Gold","floor":5,"damage_taken":0},{"event_name":"Nest","player_choice":"Joined the Cult","floor":19,"damage_taken":0},{"event_name":"Accursed Blacksmith","player_choice":"Forge","floor":22,"damage_taken":0},{"event_name":"Beggar","player_choice":"Gave Gold","floor":29,"damage_taken":0}],"is_beta":true,"boss_relics":[{"not_picked":["Pandora\u0027s Box","Velvet Choker"],"picked":"FrozenCore"}],"items_purged_floors":[],"is_endless":false,"potions_floor_spawned":[1,11,16,18,21,30],"killed_by":"Collector","ascension_level":3}