{"gold_per_floor":[113,123,54,69,244,244,271,271,271,291,291,326,326,342,342,342],"floor_reached":16,"playtime":1005,"items_purged":[],"score":138,"play_id":"1cb9530b-3b56-49c9-8e03-f6ed507d3741","local_time":"20190407181133","is_ascension_mode":true,"campfire_choices":[{"data":"Body Slam","floor":6,"key":"SMITH"},{"data":"Limit Break","floor":8,"key":"SMITH"},{"data":"Flame Barrier","floor":11,"key":"SMITH"},{"floor":13,"key":"REST"},{"floor":15,"key":"REST"}],"neow_cost":"NONE","seed_source_timestamp":1747704240996300,"circlet_count":0,"master_deck":["Strike_R","Strike_R","Strike_R","Strike_R","Strike_R","Defend_R","Defend_R","Defend_R","Defend_R","Bash","Body Slam+1","Flame Barrier+1","Feel No Pain","Iron Wave","Doubt","Limit Break+1","Cleave","Corruption","Body Slam"],"relics":["Burning Blood","Art of War","Shuriken","Meat on the Bone"],"potions_floor_usage":[4,12,12,16],"damage_taken":[{"damage":4,"enemies":"2 Louse","floor":1,"turns":4},{"damage":5,"enemies":"Small Slimes","floor":2,"turns":3},{"damage":9,"enemies":"Jaw Worm","floor":4,"turns":3},{"damage":34,"enemies":"3 Sentries","floor":7,"turns":14},{"damage":11,"enemies":"Looter","floor":10,"turns":4},{"damage":25,"enemies":"Gremlin Nob","floor":12,"turns":5},{"damage":22,"enemies":"Red Slaver","floor":14,"turns":4},{"damage":81,"enemies":"Hexaghost","floor":16,"turns":9}],"seed_played":"5693364633218901393","potions_obtained":[{"floor":1,"key":"Strength Potion"},{"floor":7,"key":"Explosive Potion"},{"floor":10,"key":"GamblersBrew"},{"floor":14,"key":"SkillPotion"}],"is_trial":false,"path_per_floor":["M","M","$","M","?","R","E","R","T","M","R","E","R","M","R","B"],"character_chosen":"IRONCLAD","items_purchased":["Feel No Pain"],"campfire_rested":2,"item_purchase_floors":[3],"current_hp_per_floor":[88,88,88,85,85,85,57,57,57,52,52,33,59,55,81,0],"gold":342,"neow_bonus":"TEN_PERCENT_HP_BONUS","is_prod":false,"is_daily":false,"chose_seed":false,"campfire_upgraded":3,"win_rate":0,"timestamp":1554675093,"path_taken":["M","M","$","M","?","R","E","R","T","M","R","E","R","M","R","BOSS"],"build_version":"2019-04-04","purchased_purges":0,"victory":false,"max_hp_per_floor":[88,88,88,88,88,88,88,88,88,88,88,88,88,88,88,88],"card_choices":[{"not_picked":["Pummel","Sword Boomerang"],"picked":"Body Slam","floor":1},{"not_picked":["Twin Strike","Havoc"],"picked":"Flame Barrier","floor":2},{"not_picked":["Perfected Strike","Sword Boomerang"],"picked":"Iron Wave","floor":4},{"not_picked":["Anger","Body Slam"],"picked":"Limit Break","floor":7},{"not_picked":["Clothesline","Seeing Red"],"picked":"Cleave","floor":10},{"not_picked":["Rupture","Uppercut"],"picked":"Corruption","floor":12},{"not_picked":["Shrug It Off","Blood for Blood"],"picked":"Body Slam","floor":14}],"player_experience":776450,"relics_obtained":[{"floor":7,"key":"Art of War"},{"floor":9,"key":"Shuriken"},{"floor":12,"key":"Meat on the Bone"}],"event_choices":[{"damage_healed":0,"gold_gain":175,"player_choice":"AGREE","damage_taken":0,"max_hp_gain":0,"max_hp_loss":0,"event_name":"Liars Game","floor":5,"gold_loss":0,"cards_obtained":["Doubt"]}],"is_beta":true,"boss_relics":[],"items_purged_floors":[],"is_endless":false,"potions_floor_spawned":[1,7,10,14],"killed_by":"Hexaghost","ascension_level":5}