{"path_per_floor":["M","?","?","M","?","R","M","$","T","R","$","E","M","M","R","B",null,"M","$","?","M","M"],"character_chosen":"DEFECT","items_purchased":["Lockon","Ball Lightning","Lantern","Ball Lightning"],"gold_per_floor":[112,112,112,127,127,127,139,60,60,60,36,67,87,102,102,199,199,215,21,21,41,59,59],"floor_reached":23,"campfire_rested":1,"playtime":730,"current_hp_per_floor":[69,85,78,78,78,78,70,70,70,70,70,44,37,32,57,17,85,72,72,72,67,42,0],"items_purged":[],"gold":59,"score":191,"play_id":"b54b3365-e992-4634-95de-aab6b91d15e2","local_time":"20180507185916","is_prod":false,"is_daily":false,"chose_seed":false,"is_ascension_mode":false,"campfire_upgraded":2,"timestamp":1525733956,"path_taken":["M","?","?","M","?","R","M","$","T","R","$","E","?","M","R","BOSS","M","$","?","?","M","E"],"build_version":"2018-05-03","seed_source_timestamp":1904483190052716,"purchased_purges":0,"victory":false,"master_deck":["Strike_B","Strike_B","Strike_B","Defend_B","Defend_B","Defend_B","Defend_B","Zap","Dualcast","Streamline+1","Redo","Dramatic Entrance+1","Lockon","Ball Lightning","Heatsinks","Thunder Strike","Thunder Strike","BootSequence","Ball Lightning","Melter+1","Genetic Algorithm"],"max_hp_per_floor":[75,85,85,85,85,85,85,85,85,85,85,85,85,85,85,85,85,85,85,85,85,85,85],"relics":["Cracked Core","Prayer Wheel","Emotion Chip","Eternal Feather","Lantern"],"card_choices":[{"not_picked":["Barrage","Sweeping Beam"],"picked":"Streamline","floor":4},{"not_picked":["Hologram","Hello World"],"picked":"Heatsinks","floor":12},{"not_picked":["Barrage","Go for the Eyes"],"picked":"Thunder Strike","floor":13},{"not_picked":["Hyperbeam","Multi-Cast"],"picked":"Thunder Strike","floor":16},{"not_picked":["Hologram","Stack"],"picked":"BootSequence","floor":18},{"not_picked":["Steam Power","Sweeping Beam"],"picked":"Melter","floor":21},{"not_picked":["Streamline","Leap"],"picked":"Genetic Algorithm","floor":22}],"player_experience":179087,"potions_floor_usage":[12,16,18,22],"damage_taken":[{"damage":6,"enemies":"Small Slimes","floor":1,"turns":4},{"damage":0,"enemies":"Cultist","floor":4,"turns":3},{"damage":8,"enemies":"Jaw Worm","floor":7,"turns":3},{"damage":26,"enemies":"Lagavulin","floor":12,"turns":4},{"damage":7,"enemies":"Blue Slaver","floor":13,"turns":2},{"damage":5,"enemies":"Looter","floor":14,"turns":2},{"damage":40,"enemies":"Hexaghost","floor":16,"turns":8},{"damage":13,"enemies":"2 Thieves","floor":18,"turns":3},{"damage":5,"enemies":"Spheric Guardian","floor":21,"turns":3},{"damage":25,"enemies":"Cultist and Chosen","floor":22,"turns":6},{"damage":44,"enemies":"Slavers","floor":23,"turns":3}],"event_choices":[{"event_name":"Bonfire Elementals","player_choice":"RARE","floor":2,"damage_taken":0},{"event_name":"Golden Wing","player_choice":"Card Removal","floor":3,"damage_taken":0},{"event_name":"Match and Keep!","player_choice":"2 cards matched","floor":5,"damage_taken":0},{"event_name":"Drug Dealer","player_choice":"Ignored","floor":20,"damage_taken":0}],"boss_relics":[{"not_picked":["Black Star","Snecko Eye"],"picked":"Eternal Feather"}],"potions_floor_spawned":[7,14,16,21],"seed_played":"7057683202170050644","killed_by":"Slavers","ascension_level":0,"is_trial":false}