{"path_per_floor":["M","?","$","?","?","R","M","R","T","$","M","M","M","$","R","B",null,"M","?","M"],"character_chosen":"DEFECT","items_purchased":["Doom and Gloom","Turbo","White Noise"],"gold_per_floor":[115,115,14,14,14,14,38,38,38,0,23,43,61,61,61,185,185,204,204,222,222],"floor_reached":21,"campfire_rested":1,"playtime":723,"current_hp_per_floor":[71,76,76,76,76,76,74,74,74,74,68,58,50,50,74,27,80,45,45,22,0],"items_purged":[],"gold":222,"score":169,"play_id":"70312516-10c7-49cf-877a-6743d4c2a471","local_time":"20180429202707","is_prod":false,"is_daily":false,"chose_seed":false,"is_ascension_mode":false,"campfire_upgraded":2,"timestamp":1525048027,"path_taken":["M","?","$","?","?","R","M","R","T","?","M","?","M","$","R","BOSS","M","?","M","M"],"build_version":"2018-04-27v3","seed_source_timestamp":1218568526340708,"purchased_purges":0,"victory":false,"master_deck":["Strike_B","Strike_B","Strike_B","Strike_B","Defend_B","Defend_B","Defend_B","Defend_B","Zap","Dualcast","Gash","Doom and Gloom","Turbo+1","Injury","Tempest+1","White Noise","Impulse","Static Discharge","Sweeping Beam","Rainbow","Doubt","Writhe","Normality","Flux Capacitor","Rainbow","Go for the Eyes"],"max_hp_per_floor":[75,80,80,80,80,80,80,80,80,80,80,80,80,80,80,80,80,80,80,80,80],"relics":["Cracked Core","Golden Idol","Ornamental Fan","Calling Bell","Anchor","Gremlin Horn","Girya"],"card_choices":[{"not_picked":["Go for the Eyes","Coolheaded"],"picked":"Gash","floor":1},{"not_picked":["Leap","Coolheaded"],"picked":"Tempest","floor":7},{"not_picked":["Cold Snap","Coolheaded"],"picked":"Impulse","floor":11},{"not_picked":["Skim","Streamline"],"picked":"Static Discharge","floor":12},{"not_picked":["Stack","Force Field"],"picked":"Sweeping Beam","floor":13},{"not_picked":["Creative AI","Reboot"],"picked":"Rainbow","floor":16},{"not_picked":["Hologram","Blizzard"],"picked":"Flux Capacitor","floor":18},{"not_picked":["Rip and Tear","Turbo"],"picked":"Go for the Eyes","floor":20}],"player_experience":56892,"potions_floor_usage":[12,20],"damage_taken":[{"damage":4,"enemies":"2 Louse","floor":1,"turns":3},{"damage":2,"enemies":"Small Slimes","floor":7,"turns":4},{"damage":6,"enemies":"Jaw Worm","floor":11,"turns":3},{"damage":10,"enemies":"Looter","floor":12,"turns":3},{"damage":8,"enemies":"Lots of Slimes","floor":13,"turns":2},{"damage":47,"enemies":"The Guardian","floor":16,"turns":8},{"damage":35,"enemies":"Shell Parasite","floor":18,"turns":4},{"damage":23,"enemies":"3 Byrds","floor":20,"turns":3},{"damage":27,"enemies":"Snake Plant","floor":21,"turns":3}],"event_choices":[{"event_name":"Big Fish","player_choice":"Donut","floor":2,"damage_taken":0},{"event_name":"Golden Idol","player_choice":"Take Wound","floor":4,"damage_taken":0},{"event_name":"The Cleric","player_choice":"Leave","floor":5,"damage_taken":0},{"event_name":"Duplicator","player_choice":"One dupe","floor":19,"damage_taken":0}],"boss_relics":[{"not_picked":["Sozu","Eternal Feather"],"picked":"Calling Bell"}],"potions_floor_spawned":[1,18],"seed_played":"-1986653556360687421","killed_by":"Snake Plant","ascension_level":0,"is_trial":false}