{"gold_per_floor":[119,119,130,130,147,177,177,191,191,191,191],"floor_reached":11,"playtime":191,"items_purged":[],"score":117,"play_id":"1c747834-7ea8-417b-930a-991760c7e0b7","local_time":"20190127142537","is_ascension_mode":true,"campfire_choices":[{"data":"White Noise","floor":10,"key":"SMITH"}],"neow_cost":"NONE","seed_source_timestamp":589057308369203,"circlet_count":0,"master_deck":["AscendersBane","Strike_B","Strike_B","Strike_B","Strike_B","Defend_B","Defend_B","Defend_B","Zap+1","Dualcast","Gash","Go for the Eyes","Go for the Eyes","White Noise+1"],"relics":["Cracked Core","NeowsBlessing","Strawberry","Lantern"],"potions_floor_usage":[],"damage_taken":[{"damage":0,"enemies":"Jaw Worm","floor":1,"turns":1},{"damage":0,"enemies":"Cultist","floor":3,"turns":1},{"damage":0,"enemies":"Small Slimes","floor":5,"turns":1},{"damage":47,"enemies":"Lagavulin","floor":6,"turns":7},{"damage":9,"enemies":"Looter","floor":8,"turns":3},{"damage":21,"enemies":"Large Slime","floor":11,"turns":3}],"seed_played":"-7387824202468450167","potions_obtained":[{"floor":1,"key":"LiquidBronze"},{"floor":6,"key":"Energy Potion"},{"floor":7,"key":"Explosive Potion"},{"floor":7,"key":"SpeedPotion"}],"is_trial":false,"path_per_floor":["M","?","M","?","M","E","?","M","T","R","M"],"character_chosen":"DEFECT","items_purchased":[],"campfire_rested":0,"item_purchase_floors":[],"current_hp_per_floor":[68,68,68,68,68,28,28,19,19,19,0],"gold":191,"neow_bonus":"THREE_ENEMY_KILL","is_prod":false,"is_daily":false,"chose_seed":false,"campfire_upgraded":1,"win_rate":0,"timestamp":1548595537,"path_taken":["M","?","?","?","?","E","?","?","T","R","M"],"build_version":"2019-01-23","purchased_purges":0,"victory":false,"max_hp_per_floor":[75,75,75,75,75,82,82,82,82,82,82],"card_choices":[{"not_picked":["Glacier","Scrape"],"picked":"Gash","floor":1},{"not_picked":["Genetic Algorithm","Compile Driver","Force Field"],"picked":"SKIP","floor":3},{"not_picked":["Conserve Battery","Ball Lightning"],"picked":"Go for the Eyes","floor":5},{"not_picked":["Undo","Tempest"],"picked":"Go for the Eyes","floor":6},{"not_picked":["Coolheaded","Melter"],"picked":"White Noise","floor":8}],"player_experience":483911,"relics_obtained":[{"floor":6,"key":"Strawberry"},{"floor":9,"key":"Lantern"}],"event_choices":[{"cards_removed":["Defend_B"],"damage_healed":0,"gold_gain":0,"player_choice":"Offered Basic","damage_taken":0,"max_hp_gain":0,"max_hp_loss":0,"event_name":"Bonfire Elementals","floor":2,"gold_loss":0},{"damage_healed":0,"gold_gain":0,"player_choice":"Upgraded","damage_taken":0,"max_hp_gain":0,"max_hp_loss":0,"event_name":"Upgrade Shrine","floor":4,"gold_loss":0,"cards_upgraded":["Zap"]},{"damage_healed":0,"gold_gain":0,"player_choice":"Got Potions","damage_taken":0,"max_hp_gain":0,"max_hp_loss":0,"event_name":"Lab","floor":7,"gold_loss":0}],"is_beta":false,"boss_relics":[],"items_purged_floors":[],"is_endless":false,"potions_floor_spawned":[1,6,8],"killed_by":"Large Slime","ascension_level":12}