{"path_per_floor":["M","M","?","?","$","M","M","R","T","?","M","M","?","M","R","B",null,"M","M","M","?","M","R","?"],"character_chosen":"IRONCLAD","items_purchased":["Blood Vial","Flex"],"gold_per_floor":[219,236,236,236,66,84,99,99,99,274,286,300,300,315,315,411,411,391,404,419,419,430,430,430,430],"floor_reached":25,"campfire_rested":1,"playtime":1050,"current_hp_per_floor":[75,72,72,72,72,79,76,76,76,76,70,61,61,59,59,8,80,71,29,39,39,37,61,61,0],"items_purged":[],"gold":430,"score":223,"play_id":"58603604-4d07-45f1-ab37-49dc843dc0ae","local_time":"20180406112743","is_prod":false,"is_daily":false,"is_ascension_mode":false,"campfire_upgraded":1,"timestamp":1523028463,"path_taken":["M","M","?","?","$","M","M","R","T","?","?","M","?","M","R","BOSS","M","M","M","?","?","R","?","?"],"build_version":"2018-04-05v2","purchased_purges":0,"victory":false,"master_deck":["Defend_R+1","Defend_R+1","Defend_R+1","Bash","Spot Weakness","Flex","Spot Weakness","Flex","Double Tap+1","Seeing Red","Feel No Pain","Fiend Fire","Inflame","Bite","Bite","Bite","Bite","Bite","Shrug It Off+1"],"max_hp_per_floor":[80,80,80,80,80,80,80,80,80,80,80,80,80,80,80,80,80,80,80,80,80,80,80,80,80],"relics":["Burning Blood","Peace Pipe","Lizard Tail"],"card_choices":[{"not_picked":["Havoc","Thunderclap"],"picked":"Spot Weakness","floor":1},{"not_picked":["Sword Boomerang","Twin Strike"],"picked":"Flex","floor":2},{"not_picked":["Twin Strike","Headbutt"],"picked":"Double Tap","floor":6},{"not_picked":["Warcry","Sword Boomerang"],"picked":"Seeing Red","floor":11},{"not_picked":["Clash","Ghostly Armor"],"picked":"Feel No Pain","floor":12},{"not_picked":["Brutality","Demon Form"],"picked":"Fiend Fire","floor":16},{"not_picked":["Searing Blow","Shockwave"],"picked":"Inflame","floor":20},{"not_picked":["Battle Trance","Heavy Blade"],"picked":"Shrug It Off","floor":22}],"player_experience":612837,"potions_floor_usage":[16,16,19,19,20,25],"damage_taken":[{"damage":11,"enemies":"2 Louse","floor":1,"turns":4},{"damage":9,"enemies":"Jaw Worm","floor":2,"turns":4},{"damage":1,"enemies":"Cultist","floor":6,"turns":4},{"damage":10,"enemies":"Looter","floor":7,"turns":2},{"damage":14,"enemies":"2 Fungi Beasts","floor":11,"turns":4},{"damage":17,"enemies":"3 Louse","floor":12,"turns":5},{"damage":10,"enemies":"Looter","floor":14,"turns":3},{"damage":59,"enemies":"The Guardian","floor":16,"turns":11},{"damage":15,"enemies":"2 Thieves","floor":18,"turns":4},{"damage":50,"enemies":"Chosen","floor":19,"turns":8},{"damage":40,"enemies":"Snake Plant","floor":20,"turns":5},{"damage":16,"enemies":"Snecko","floor":22,"turns":5},{"damage":106,"enemies":"Chosen and Byrds","floor":25,"turns":7}],"event_choices":[{"event_name":"The Cleric","player_choice":"Leave","floor":3,"damage_taken":0},{"event_name":"Living Wall","player_choice":"Change","floor":4,"damage_taken":0},{"event_name":"Liars Game","player_choice":"agreed","floor":10,"damage_taken":0},{"event_name":"Fountain of Cleansing","player_choice":"Removed Curse","floor":13,"damage_taken":0},{"event_name":"Vampires","player_choice":"Became a vampire (Vial)","floor":21,"damage_taken":0},{"event_name":"Back to Basics","player_choice":"Simplicity","floor":24,"damage_taken":0}],"boss_relics":[{"not_picked":["Velvet Choker","Philosopher\u0027s Stone"],"picked":"Lizard Tail"}],"potions_floor_spawned":[11,12,14,16,19,22],"seed_played":"8409435709186244850","killed_by":"Chosen and Byrds","ascension_level":0,"is_trial":false}