{"path_per_floor":["M","?","$","?","T","R","$","M","T","M","R","?","R","M","R","B",null,"M","?","?","?"],"character_chosen":"DEFECT","items_purchased":["Reinforced Body"],"gold_per_floor":[119,89,12,12,12,12,12,28,28,47,47,47,47,57,57,160,160,172,172,97,97,97],"floor_reached":22,"campfire_rested":3,"playtime":708,"current_hp_per_floor":[23,23,23,16,16,38,38,37,37,36,58,75,75,46,68,44,75,24,24,24,8,0],"items_purged":[],"gold":97,"score":170,"play_id":"ca9ffa87-fd48-442e-b78f-30a68e8a7e9b","local_time":"20180430041911","is_prod":false,"is_daily":false,"chose_seed":false,"is_ascension_mode":false,"campfire_upgraded":1,"timestamp":1525076351,"path_taken":["M","?","?","?","?","R","?","?","T","M","R","?","R","?","R","BOSS","M","?","?","?","?"],"build_version":"2018-04-27v3","seed_source_timestamp":1246909682518518,"purchased_purges":0,"victory":false,"master_deck":["Strike_B","Strike_B","Strike_B","Strike_B","Defend_B","Defend_B","Defend_B","Zap","Dualcast","Fusion","Beam Cell","Reinforced Body","Genetic Algorithm+1","Doom and Gloom","Capacitor","Creative AI","Buffer","Loop","Sunder","Darkness","Darkness+1"],"max_hp_per_floor":[75,75,75,75,75,75,75,75,75,75,75,75,75,75,75,75,75,75,75,75,75,75],"relics":["Cracked Core","Toolbox","Emotion Chip","Orrery","Nilry\u0027s Codex"],"card_choices":[{"not_picked":["Machine Learning","Thunder Strike"],"picked":"Fusion","floor":0},{"not_picked":["Steam Power","Barrage"],"picked":"Beam Cell","floor":1},{"not_picked":["Barrage","Auto Shields"],"picked":"Genetic Algorithm","floor":8},{"not_picked":["Rip and Tear","Blizzard"],"picked":"Doom and Gloom","floor":10},{"not_picked":["Streamline","Skim"],"picked":"Capacitor","floor":14},{"not_picked":["All For One","Meteor Strike"],"picked":"Creative AI","floor":16},{"not_picked":["Ball Lightning","Beam Cell"],"picked":"Buffer","floor":17},{"not_picked":["Impulse","Go for the Eyes"],"picked":"Loop","floor":17},{"not_picked":["Ball Lightning","Defragment"],"picked":"Sunder","floor":17},{"not_picked":["Leap","Barrage"],"picked":"Darkness","floor":17},{"not_picked":["Coolheaded","Static Discharge"],"picked":"Darkness","floor":18}],"player_experience":76165,"potions_floor_usage":[8,8,10,16,16],"damage_taken":[{"damage":15,"enemies":"Jaw Worm","floor":1,"turns":4},{"damage":1,"enemies":"Cultist","floor":8,"turns":3},{"damage":1,"enemies":"2 Louse","floor":10,"turns":3},{"damage":29,"enemies":"Exordium Thugs","floor":14,"turns":4},{"damage":24,"enemies":"Hexaghost","floor":16,"turns":9},{"damage":51,"enemies":"Shell Parasite","floor":18,"turns":7},{"damage":12,"enemies":"3 Byrds","floor":22,"turns":2}],"event_choices":[{"event_name":"The Woman in Blue","player_choice":"Bought 2 Potions","floor":2,"damage_taken":0},{"event_name":"Golden Wing","player_choice":"Card Removal","floor":4,"damage_taken":0},{"event_name":"Big Fish","player_choice":"Banana","floor":12,"damage_taken":0},{"event_name":"Forgotten Altar","player_choice":"Smashed Altar","floor":19,"damage_taken":0},{"event_name":"Beggar","player_choice":"Gave Gold","floor":20,"damage_taken":0},{"event_name":"Cursed Tome","player_choice":"Obtained Book","floor":21,"damage_taken":0}],"boss_relics":[{"not_picked":["Tiny House","Black Star"],"picked":"Orrery"}],"potions_floor_spawned":[1,8,14],"seed_played":"-6646533561424855812","killed_by":"3 Byrds","ascension_level":0,"is_trial":false}