{"gold_per_floor":[115,115,134,152,102,102,135,135,160,194,210,210,210,210,210,338,338,359,359,374,393,406,406],"floor_reached":23,"playtime":896,"items_purged":[],"score":276,"play_id":"151d0d8d-8ad8-4332-9477-fc42ab415f42","local_time":"20190409212157","is_ascension_mode":true,"campfire_choices":[{"data":"Wild Strike","floor":6,"key":"SMITH"},{"data":"Shockwave","floor":8,"key":"SMITH"},{"floor":15,"key":"REST"}],"neow_cost":"CURSE","seed_source_timestamp":1932018498352900,"circlet_count":0,"master_deck":["Strike_R+1","Strike_R","Strike_R","Strike_R","Strike_R","Defend_R","Defend_R","Defend_R","Defend_R","Bash+1","Thunderclap","Pommel Strike+1","Wild Strike+1","Shockwave+1","Juggernaut","Entrench","Injury","Juggernaut","Writhe","Rage","Headbutt"],"relics":["Burning Blood","Juzu Bracelet","Lantern","Boot","Ornamental Fan","Golden Idol","Cursed Key","Champion Belt"],"potions_floor_usage":[7,16,18,21,22,23],"damage_taken":[{"damage":7,"enemies":"Jaw Worm","floor":1,"turns":3},{"damage":1,"enemies":"Cultist","floor":3,"turns":3},{"damage":8,"enemies":"2 Louse","floor":4,"turns":2},{"damage":28,"enemies":"Gremlin Nob","floor":7,"turns":4},{"damage":22,"enemies":"3 Sentries","floor":10,"turns":7},{"damage":11,"enemies":"Looter","floor":11,"turns":3},{"damage":47,"enemies":"The Guardian","floor":16,"turns":14},{"damage":21,"enemies":"Shell Parasite","floor":18,"turns":6},{"damage":29,"enemies":"Spheric Guardian","floor":20,"turns":4},{"damage":32,"enemies":"Centurion and Healer","floor":21,"turns":6},{"damage":23,"enemies":"Shelled Parasite and Fungi","floor":22,"turns":5},{"damage":20,"enemies":"Slavers","floor":23,"turns":1}],"seed_played":"4567204583744493304","potions_obtained":[{"floor":1,"key":"SmokeBomb"},{"floor":4,"key":"Weak Potion"},{"floor":11,"key":"PowerPotion"},{"floor":16,"key":"Regen Potion"},{"floor":20,"key":"SteroidPotion"},{"floor":21,"key":"Fire Potion"},{"floor":22,"key":"GamblersBrew"}],"is_trial":false,"path_per_floor":["M","?","M","M","?","R","E","R","T","E","M","?","?","?","R","B",null,"M","?","M","M","M","E"],"character_chosen":"IRONCLAD","items_purchased":[],"campfire_rested":1,"item_purchase_floors":[],"current_hp_per_floor":[95,95,96,94,94,94,72,72,72,56,51,51,32,32,60,19,77,77,77,54,28,11,0],"gold":406,"neow_bonus":"TWENTY_PERCENT_HP_BONUS","is_prod":false,"is_daily":false,"chose_seed":false,"campfire_upgraded":2,"win_rate":0,"timestamp":1554859317,"path_taken":["M","?","?","M","?","R","E","R","T","E","M","?","?","?","R","BOSS","M","?","M","M","M","E"],"build_version":"2019-04-04","purchased_purges":0,"victory":false,"max_hp_per_floor":[96,96,96,96,96,96,96,96,96,96,96,96,96,96,96,96,96,96,96,96,96,96,96],"card_choices":[{"not_picked":["Warcry","Flex"],"picked":"Thunderclap","floor":1},{"not_picked":["Ghostly Armor","Combust"],"picked":"Pommel Strike","floor":3},{"not_picked":["Armaments","Havoc"],"picked":"Wild Strike","floor":4},{"not_picked":["Whirlwind","Wild Strike"],"picked":"Shockwave","floor":7},{"not_picked":["Heavy Blade","Clothesline"],"picked":"Juggernaut","floor":10},{"not_picked":["Anger","True Grit"],"picked":"Entrench","floor":11},{"not_picked":["Fiend Fire","Immolate"],"picked":"Juggernaut","floor":16},{"not_picked":["Clash+1","Rupture","Blood for Blood"],"picked":"SKIP","floor":18},{"not_picked":["Heavy Blade","Searing Blow"],"picked":"Rage","floor":20},{"not_picked":["Heavy Blade","Clash","Rupture"],"picked":"SKIP","floor":21},{"not_picked":["Battle Trance","Twin Strike"],"picked":"Headbutt","floor":22}],"player_experience":779070,"relics_obtained":[{"floor":7,"key":"Juzu Bracelet"},{"floor":9,"key":"Lantern"},{"floor":10,"key":"Boot"}],"event_choices":[{"damage_healed":0,"gold_gain":0,"player_choice":"Upgraded","damage_taken":0,"max_hp_gain":0,"max_hp_loss":0,"event_name":"Upgrade Shrine","floor":2,"gold_loss":0,"cards_upgraded":["Bash"]},{"cards_removed":["Normality"],"damage_healed":0,"gold_gain":0,"player_choice":"Card Removal","damage_taken":0,"max_hp_gain":0,"max_hp_loss":0,"event_name":"The Cleric","floor":5,"gold_loss":50},{"damage_healed":0,"gold_gain":0,"player_choice":"Gave Potion","damage_taken":0,"relics_obtained":["Ornamental Fan"],"max_hp_gain":0,"max_hp_loss":0,"event_name":"WeMeetAgain","floor":12,"gold_loss":0},{"damage_healed":0,"gold_gain":0,"player_choice":"Entered Light","damage_taken":19,"max_hp_gain":0,"max_hp_loss":0,"event_name":"Shining Light","floor":13,"gold_loss":0,"cards_upgraded":["Pommel Strike","Strike_R"]},{"damage_healed":0,"gold_gain":0,"player_choice":"Take Wound","damage_taken":0,"relics_obtained":["Golden Idol"],"max_hp_gain":0,"max_hp_loss":0,"event_name":"Golden Idol","floor":14,"gold_loss":0,"cards_obtained":["Injury"]},{"damage_healed":0,"gold_gain":0,"player_choice":"Opened","damage_taken":0,"relics_obtained":["Champion Belt"],"max_hp_gain":0,"max_hp_loss":0,"event_name":"The Mausoleum","floor":19,"gold_loss":0,"cards_obtained":["Writhe"]}],"is_beta":true,"boss_relics":[{"not_picked":["Pandora\u0027s Box","Tiny House"],"picked":"Cursed Key"}],"items_purged_floors":[],"is_endless":false,"potions_floor_spawned":[1,4,11,16,20,21,22],"killed_by":"Slavers","ascension_level":5}