{"gold_per_floor":[111,121,137,9,87,87,105,135,135,153,203,219,219,254,254,350,350,365,382,22,38,54,54,80,5,5,30,30,30],"floor_reached":29,"playtime":1992,"items_purged":["Parasite"],"score":394,"play_id":"91acf5fd-2830-48a3-9567-6ebb5173deb3","local_time":"20190409233516","is_ascension_mode":true,"campfire_choices":[{"data":"Barricade","floor":6,"key":"SMITH"},{"data":"Body Slam","floor":13,"key":"SMITH"},{"data":"Shrug It Off","floor":15,"key":"SMITH"},{"data":"Body Slam","floor":23,"key":"SMITH"},{"floor":28,"key":"REST"}],"neow_cost":"CURSE","seed_source_timestamp":1938921229954800,"circlet_count":0,"master_deck":["Strike_R","Strike_R","Strike_R","Strike_R","Strike_R","Defend_R","Defend_R","Defend_R","Defend_R","Bash","Barricade+1","Iron Wave","Feed","Body Slam+1","Feel No Pain","Iron Wave","Exhume","Power Through","Power Through","Shrug It Off+1","Impervious","Body Slam+1","Entrench","Shrug It Off","Body Slam","Entrench","Body Slam","Feel No Pain+1","Flame Barrier","Shrug It Off+1"],"relics":["Burning Blood","Vajra","Mercury Hourglass","Strawberry","Turnip","Orrery","Gambling Chip","Thread and Needle","Question Card","Self Forming Clay"],"potions_floor_usage":[2,8,12,16,21,24,27],"damage_taken":[{"damage":6,"enemies":"2 Louse","floor":1,"turns":3},{"damage":13,"enemies":"Jaw Worm","floor":2,"turns":4},{"damage":1,"enemies":"Cultist","floor":3,"turns":4},{"damage":16,"enemies":"3 Louse","floor":7,"turns":6},{"damage":23,"enemies":"3 Sentries","floor":8,"turns":13},{"damage":0,"enemies":"Large Slime","floor":10,"turns":5},{"damage":16,"enemies":"Blue Slaver","floor":12,"turns":4},{"damage":10,"enemies":"Lagavulin","floor":14,"turns":8},{"damage":13,"enemies":"Slime Boss","floor":16,"turns":14},{"damage":38,"enemies":"3 Byrds","floor":18,"turns":7},{"damage":12,"enemies":"Spheric Guardian","floor":19,"turns":4},{"damage":0,"enemies":"Centurion and Healer","floor":21,"turns":6},{"damage":26,"enemies":"Chosen and Byrds","floor":22,"turns":8},{"damage":17,"enemies":"Gremlin Leader","floor":24,"turns":9},{"damage":47,"enemies":"Book of Stabbing","floor":27,"turns":8},{"damage":41,"enemies":"Gremlin Leader","floor":29,"turns":11}],"seed_played":"-2025501956713743632","potions_obtained":[{"floor":1,"key":"GamblersBrew"},{"floor":3,"key":"GamblersBrew"},{"floor":10,"key":"Swift Potion"},{"floor":14,"key":"Explosive Potion"},{"floor":16,"key":"GamblersBrew"},{"floor":19,"key":"Regen Potion"},{"floor":24,"key":"BloodPotion"}],"is_trial":false,"path_per_floor":["M","M","M","$","?","R","M","E","T","M","T","M","R","E","R","B",null,"M","M","$","M","M","R","E","$","T","E","R","E"],"character_chosen":"IRONCLAD","items_purchased":["Body Slam","Feel No Pain","Gambling Chip","Body Slam"],"campfire_rested":1,"item_purchase_floors":[4,4,20,20],"current_hp_per_floor":[80,73,78,78,78,78,71,54,54,60,67,57,57,56,56,49,82,53,47,47,71,51,51,40,40,40,8,36,0],"gold":30,"neow_bonus":"THREE_RARE_CARDS","is_prod":false,"is_daily":false,"chose_seed":false,"campfire_upgraded":4,"win_rate":0,"timestamp":1554867316,"path_taken":["M","M","M","$","?","R","M","E","T","M","?","M","R","E","R","BOSS","M","M","$","M","M","R","E","$","T","E","R","E"],"build_version":"2019-04-04","purchased_purges":1,"victory":false,"max_hp_per_floor":[80,80,80,80,80,80,83,83,83,83,90,90,90,93,93,93,93,96,96,96,99,99,99,99,96,96,96,96,96],"card_choices":[{"not_picked":["Fiend Fire","Juggernaut"],"picked":"Barricade","floor":0},{"not_picked":["Havoc","Intimidate","Shockwave"],"picked":"SKIP","floor":1},{"not_picked":["Clash","Warcry"],"picked":"Iron Wave","floor":2},{"not_picked":["Perfected Strike","True Grit"],"picked":"Feed","floor":3},{"not_picked":["Twin Strike","Uppercut"],"picked":"Iron Wave","floor":7},{"not_picked":["Pommel Strike","Heavy Blade"],"picked":"Exhume","floor":8},{"not_picked":["Warcry","Seeing Red"],"picked":"Power Through","floor":10},{"not_picked":["Inflame","Headbutt"],"picked":"Power Through","floor":12},{"not_picked":["Disarm","Blood for Blood"],"picked":"Shrug It Off","floor":14},{"not_picked":["Limit Break","Fiend Fire"],"picked":"Impervious","floor":16},{"not_picked":["Rampage","Metallicize"],"picked":"Body Slam","floor":17},{"not_picked":["Corruption","Ghostly Armor"],"picked":"Entrench","floor":17},{"not_picked":["Anger","Twin Strike"],"picked":"Shrug It Off","floor":17},{"not_picked":["Headbutt","Shockwave"],"picked":"Body Slam","floor":17},{"not_picked":["Sword Boomerang","Wild Strike","Heavy Blade"],"picked":"SKIP","floor":18},{"not_picked":["Second Wind","Double Tap"],"picked":"Entrench","floor":19},{"not_picked":["Perfected Strike","Clothesline"],"picked":"Feel No Pain+1","floor":21},{"not_picked":["Pommel Strike","Perfected Strike","Sword Boomerang"],"picked":"SKIP","floor":22},{"not_picked":["Evolve","Warcry"],"picked":"Flame Barrier","floor":24},{"not_picked":["Body Slam","Anger","Entrench"],"picked":"Shrug It Off+1","floor":27}],"player_experience":779966,"relics_obtained":[{"floor":8,"key":"Vajra"},{"floor":9,"key":"Mercury Hourglass"},{"floor":11,"key":"Strawberry"},{"floor":14,"key":"Turnip"},{"floor":24,"key":"Thread and Needle"},{"floor":26,"key":"Question Card"},{"floor":27,"key":"Self Forming Clay"}],"event_choices":[{"damage_healed":0,"gold_gain":78,"player_choice":"Gained Gold","damage_taken":0,"max_hp_gain":0,"max_hp_loss":0,"event_name":"Golden Wing","floor":5,"gold_loss":0}],"is_beta":true,"boss_relics":[{"not_picked":["White Beast Statue","Velvet Choker"],"picked":"Orrery"}],"items_purged_floors":[25],"is_endless":false,"potions_floor_spawned":[1,3,10,14,16,19,24],"killed_by":"Gremlin Leader","ascension_level":5}