{"gold_per_floor":[114,133,133,151,151,151,183,183,208,241,241,272,291,256,256,256],"floor_reached":16,"playtime":782,"items_purged":[],"score":153,"play_id":"2bd7415c-5d32-4e06-9722-b303d7e1a8cb","local_time":"20190606104814","is_ascension_mode":true,"campfire_choices":[{"floor":6,"key":"RECALL"},{"floor":8,"key":"REST"},{"floor":11,"key":"REST"},{"floor":15,"key":"REST"}],"neow_cost":"NONE","seed_source_timestamp":1357348122574600,"circlet_count":0,"master_deck":["Strike_R","Strike_R","Strike_R","Strike_R","Strike_R","Defend_R","Defend_R","Defend_R","Defend_R","Bash","Fiend Fire","Iron Wave","Flame Barrier","Pain","Sentinel","Limit Break","Iron Wave"],"relics":["Burning Blood","The Courier","WarpedTongs","Darkstone Periapt","Boot","Centennial Puzzle"],"potions_floor_usage":[4,7,13],"damage_taken":[{"damage":1,"enemies":"Cultist","floor":1,"turns":3},{"damage":4,"enemies":"2 Louse","floor":2,"turns":2},{"damage":6,"enemies":"Small Slimes","floor":4,"turns":2},{"damage":47,"enemies":"Gremlin Nob","floor":7,"turns":6},{"damage":38,"enemies":"3 Sentries","floor":10,"turns":10},{"damage":57,"enemies":"Gremlin Nob","floor":12,"turns":6},{"damage":3,"enemies":"Looter","floor":13,"turns":3},{"damage":65,"enemies":"Slime Boss","floor":16,"turns":13}],"seed_played":"-4583325884625113445","potions_obtained":[{"floor":2,"key":"SkillPotion"},{"floor":4,"key":"Regen Potion"},{"floor":12,"key":"Block Potion"}],"is_trial":false,"path_per_floor":["M","M","T","M","?","R","E","R","T","E","R","E","M","?","R","B"],"character_chosen":"IRONCLAD","items_purchased":[],"campfire_rested":3,"item_purchase_floors":[],"current_hp_per_floor":[77,79,79,79,79,79,50,74,74,42,66,15,18,38,62,0],"gold":256,"neow_bonus":"ONE_RANDOM_RARE_CARD","is_prod":false,"is_daily":false,"chose_seed":false,"campfire_upgraded":0,"win_rate":0,"timestamp":1559832494,"path_taken":["M","?","?","M","?","R","E","R","T","E","R","E","?","?","R","BOSS"],"build_version":"2019-06-05","purchased_purges":0,"victory":false,"max_hp_per_floor":[80,80,80,80,80,80,80,80,80,80,80,80,80,80,80,80],"card_choices":[{"not_picked":["Pommel Strike","Headbutt","Battle Trance"],"picked":"SKIP","floor":1},{"not_picked":["Warcry","Pommel Strike"],"picked":"Iron Wave","floor":2},{"not_picked":["Iron Wave","Burning Pact"],"picked":"Flame Barrier","floor":4},{"not_picked":["Twin Strike","Warcry"],"picked":"Sentinel","floor":7},{"not_picked":["Headbutt","Ghostly Armor"],"picked":"Limit Break","floor":10},{"not_picked":["Body Slam","Anger","Clash"],"picked":"SKIP","floor":12},{"not_picked":["Whirlwind","Heavy Blade"],"picked":"Iron Wave","floor":13}],"player_experience":995300,"relics_obtained":[{"floor":3,"key":"The Courier"},{"floor":7,"key":"Darkstone Periapt"},{"floor":10,"key":"Boot"},{"floor":12,"key":"Centennial Puzzle"}],"event_choices":[{"damage_healed":0,"gold_gain":0,"player_choice":"Rummage","damage_taken":0,"relics_obtained":["WarpedTongs"],"max_hp_gain":0,"max_hp_loss":0,"event_name":"Accursed Blacksmith","floor":5,"gold_loss":0,"cards_obtained":["Pain"]},{"damage_healed":20,"gold_gain":0,"player_choice":"Healed","damage_taken":0,"max_hp_gain":0,"max_hp_loss":0,"event_name":"The Cleric","floor":14,"gold_loss":35}],"is_beta":true,"boss_relics":[],"items_purged_floors":[],"is_endless":false,"potions_floor_spawned":[2,4,12],"killed_by":"Slime Boss","ascension_level":6}