{"path_per_floor":["M","?","$","?","M","M","$","M","T","R","M","M","M","M","R","B",null,"M","M","$","M","?","R","?","R","T","?","R","?","R","M","R"],"character_chosen":"DEFECT","items_purchased":["Rebound","Mind Blast","Pantograph"],"gold_per_floor":[112,62,36,111,126,137,38,51,74,74,91,105,119,130,130,231,231,243,259,8,18,0,0,0,0,0,0,0,0,0,12,12,12],"floor_reached":33,"campfire_rested":4,"playtime":954,"current_hp_per_floor":[67,67,67,56,49,43,43,38,38,60,48,48,38,32,54,11,75,68,33,33,21,21,51,37,37,37,37,37,37,37,23,37,0],"items_purged":[],"gold":12,"score":264,"play_id":"4382e296-a3e0-400a-a05e-b9acb7b4601b","local_time":"20180430133202","is_prod":false,"is_daily":false,"chose_seed":false,"is_ascension_mode":false,"campfire_upgraded":3,"timestamp":1525109522,"path_taken":["M","?","$","?","M","M","$","M","T","R","?","M","M","M","R","BOSS","M","M","$","M","?","R","?","R","T","?","R","?","R","M","R","BOSS"],"build_version":"2018-04-27v3","seed_source_timestamp":1279838625264593,"purchased_purges":0,"victory":false,"master_deck":["Strike_B","Strike_B","Strike_B","Defend_B","Defend_B","Defend_B","Defend_B+1","Zap+1","Dualcast","Parasite","Amplify","Barrage","Rebound","Static Discharge","Rebound","Mind Blast","Chaos","Barrage","Hologram","Chaos+1","Biased Cognition","Storm+1","Static Discharge","Nova","Ghostly+1","Ghostly","Ghostly","Ghostly","Ghostly","Auto Shields+1","Rebound"],"max_hp_per_floor":[75,75,75,75,75,75,75,75,75,75,75,75,75,75,75,75,75,75,75,75,75,75,75,37,37,37,37,37,37,37,37,37,37],"relics":["Cracked Core","War Paint","Eternal Feather","Pantograph","Symbiotic Virus"],"card_choices":[{"not_picked":["Seek","Fission"],"picked":"Amplify","floor":0},{"not_picked":["Conserve Battery","Doom and Gloom"],"picked":"Barrage","floor":1},{"not_picked":["Capacitor","Sweeping Beam"],"picked":"Static Discharge","floor":5},{"not_picked":["Capacitor","Steam Power"],"picked":"Rebound","floor":6},{"not_picked":["Chill","Cold Snap"],"picked":"Chaos","floor":11},{"not_picked":["Turbo","Glacier"],"picked":"Barrage","floor":12},{"not_picked":["Conserve Battery","Go for the Eyes"],"picked":"Hologram","floor":13},{"not_picked":["Scrape","Turbo"],"picked":"Chaos","floor":14},{"not_picked":["Meteor Strike","Reboot"],"picked":"Biased Cognition","floor":16},{"not_picked":["Sweeping Beam","Cold Snap"],"picked":"Storm","floor":18},{"not_picked":["Hologram","Impulse"],"picked":"Static Discharge","floor":19},{"not_picked":["Heatsinks","Aggregate"],"picked":"Nova","floor":21},{"not_picked":["Stack","Turbo"],"picked":"Rebound","floor":31}],"player_experience":92575,"potions_floor_usage":[6,12,16,31],"damage_taken":[{"damage":8,"enemies":"Small Slimes","floor":1,"turns":4},{"damage":7,"enemies":"2 Louse","floor":5,"turns":3},{"damage":6,"enemies":"Jaw Worm","floor":6,"turns":2},{"damage":5,"enemies":"Looter","floor":8,"turns":3},{"damage":12,"enemies":"Exordium Thugs","floor":11,"turns":4},{"damage":0,"enemies":"2 Fungi Beasts","floor":12,"turns":2},{"damage":10,"enemies":"Looter","floor":13,"turns":2},{"damage":6,"enemies":"3 Louse","floor":14,"turns":3},{"damage":43,"enemies":"Hexaghost","floor":16,"turns":9},{"damage":7,"enemies":"Spheric Guardian","floor":18,"turns":3},{"damage":35,"enemies":"Shell Parasite","floor":19,"turns":3},{"damage":12,"enemies":"Snecko","floor":21,"turns":4},{"damage":14,"enemies":"Snake Plant","floor":31,"turns":5},{"damage":59,"enemies":"Collector","floor":33,"turns":6}],"event_choices":[{"event_name":"The Cleric","player_choice":"Card Removal","floor":2,"damage_taken":0},{"event_name":"World of Goop","player_choice":"Gather Gold","floor":4,"damage_taken":0},{"event_name":"Masked Bandits","player_choice":"Paid Bandits 18 gold","floor":22,"damage_taken":0},{"event_name":"Ghosts","player_choice":"Became a Ghost","floor":24,"damage_taken":0},{"event_name":"The Library","player_choice":"Read","floor":27,"damage_taken":0},{"event_name":"Drug Dealer","player_choice":"Ignored","floor":29,"damage_taken":0}],"boss_relics":[{"not_picked":["White Beast Statue","Velvet Choker"],"picked":"Eternal Feather"}],"potions_floor_spawned":[5,11,14,21],"seed_played":"-1178635524238656836","killed_by":"Collector","ascension_level":0,"is_trial":false}