{"path_per_floor":["M","?","?","M","M","E","R","?","T","M","?","M","M","$","R","B",null,"M","?","M","M","?","E","M","R","T","?","M","$","R","M","R"],"character_chosen":"IRONCLAD","items_purchased":["Feed","Mind Blast","Flex","Lantern","Juzu Bracelet"],"gold_per_floor":[15,15,15,35,49,376,376,551,551,563,563,583,593,145,145,244,274,292,292,302,314,237,266,278,278,304,304,322,175,175,186,186,186],"floor_reached":33,"campfire_rested":2,"playtime":1899,"current_hp_per_floor":[96,96,77,83,89,65,93,93,93,96,96,96,96,96,96,75,101,104,104,105,90,90,68,74,74,74,54,48,48,48,32,49,0],"items_purged":[],"gold":186,"score":294,"play_id":"268e2066-e0d7-4a98-871c-d750168cbb88","local_time":"20180507221328","is_prod":false,"is_daily":false,"chose_seed":false,"is_ascension_mode":false,"campfire_upgraded":3,"timestamp":1525745608,"path_taken":["M","?","?","?","M","E","R","?","T","M","?","?","M","$","R","BOSS","M","?","?","M","?","E","M","R","T","?","M","$","R","M","R","BOSS"],"build_version":"2018-05-03","seed_source_timestamp":1914960218286821,"purchased_purges":0,"victory":false,"master_deck":["Strike_R","Strike_R","Strike_R+1","Strike_R","Strike_R+1","Defend_R","Defend_R","Defend_R","Defend_R","Bash","Flame Barrier","Rage","Clash","Iron Wave","Cleave","Feed+1","Mind Blast","Flex+1","Bludgeon+1","Anger","Combust","Dual Wield","Rage+1","J.A.X.","Rupture","Ghostly","Ghostly","Ghostly","Ghostly","Ghostly","Feed+1","Dropkick"],"max_hp_per_floor":[96,96,96,96,96,96,96,96,96,96,96,96,96,96,96,96,101,105,105,105,105,105,105,109,109,109,54,58,58,58,58,58,58],"relics":["Burning Blood","Old Coin","Thread and Needle","Lantern","Tiny House","Happy Flower","Pen Nib","Juzu Bracelet"],"card_choices":[{"not_picked":["Thunderclap","Bloodletting"],"picked":"Flame Barrier","floor":4},{"not_picked":["Perfected Strike","Brutality"],"picked":"Rage","floor":6},{"not_picked":["Perfected Strike","Headbutt"],"picked":"Clash","floor":10},{"not_picked":["Evolve","Sword Boomerang"],"picked":"Iron Wave","floor":12},{"not_picked":["Sword Boomerang","Wild Strike"],"picked":"Cleave","floor":13},{"not_picked":["Offering","Double Tap"],"picked":"Bludgeon","floor":16},{"not_picked":["Body Slam","Headbutt"],"picked":"Anger","floor":17},{"not_picked":["Sword Boomerang","Uppercut"],"picked":"Combust","floor":18},{"not_picked":["Headbutt","Intimidate"],"picked":"Rage","floor":21},{"not_picked":["Twin Strike","Clash"],"picked":"Rupture","floor":23},{"not_picked":["Armaments","Sever Soul"],"picked":"Feed","floor":28},{"not_picked":["Uppercut","Blood for Blood"],"picked":"Dropkick","floor":31}],"player_experience":187110,"potions_floor_usage":[5,13,18,23,23,24,33],"damage_taken":[{"damage":5,"enemies":"Jaw Worm","floor":1,"turns":5},{"damage":0,"enemies":"Small Slimes","floor":4,"turns":2},{"damage":0,"enemies":"2 Louse","floor":5,"turns":1},{"damage":30,"enemies":"3 Sentries","floor":6,"turns":10},{"damage":0,"enemies":"Red Slaver","floor":10,"turns":3},{"damage":0,"enemies":"Exordium Thugs","floor":12,"turns":5},{"damage":0,"enemies":"Large Slime","floor":13,"turns":6},{"damage":27,"enemies":"Slime Boss","floor":16,"turns":11},{"damage":7,"enemies":"Shell Parasite","floor":18,"turns":4},{"damage":5,"enemies":"Chosen","floor":20,"turns":4},{"damage":21,"enemies":"Sentry and Sphere","floor":21,"turns":5},{"damage":28,"enemies":"Slavers","floor":23,"turns":6},{"damage":4,"enemies":"3 Cultists","floor":24,"turns":6},{"damage":16,"enemies":"Centurion and Healer","floor":28,"turns":7},{"damage":22,"enemies":"Snecko","floor":31,"turns":7},{"damage":65,"enemies":"Champ","floor":33,"turns":10}],"event_choices":[{"event_name":"The Cleric","player_choice":"Leave","floor":2,"damage_taken":0},{"event_name":"Shining Light","player_choice":"Entered Light","floor":3,"damage_taken":0},{"event_name":"Liars Game","player_choice":"agreed","floor":8,"damage_taken":0},{"event_name":"Living Wall","player_choice":"Forget","floor":11,"damage_taken":0},{"event_name":"The Library","player_choice":"Read","floor":19,"damage_taken":0},{"event_name":"Drug Dealer","player_choice":"Got JAXXED","floor":22,"damage_taken":0},{"event_name":"Ghosts","player_choice":"Became a Ghost","floor":27,"damage_taken":0}],"boss_relics":[{"not_picked":["Velvet Choker","Mark of Pain"],"picked":"Tiny House"}],"potions_floor_spawned":[4,12,16,18,21,31],"seed_played":"-1204399679044437515","killed_by":"Champ","ascension_level":0,"is_trial":false}