{"path_per_floor":["M","?","M","M","M","R","M","?","T","R","?","$","?","M","R","B",null,"M","?","M","?","?","R","M","R","T","$","M","?","R","$","R"],"character_chosen":"DEFECT","items_purchased":["Reprieve","Capacitor","Coolheaded","Capacitor","Sunder"],"gold_per_floor":[14,14,32,48,71,71,92,92,92,92,92,8,8,22,22,145,145,119,119,138,138,53,53,73,73,99,23,48,48,48,14,14,14],"floor_reached":33,"campfire_rested":2,"playtime":3072,"current_hp_per_floor":[74,56,55,47,47,69,67,67,67,67,67,67,67,43,65,40,75,54,37,30,30,30,37,28,37,37,37,21,21,33,33,37,0],"items_purged":[],"gold":14,"score":260,"play_id":"83d64cc2-6274-42ac-a69d-5cd38c70f710","local_time":"20180501162314","is_prod":false,"is_daily":false,"chose_seed":false,"is_ascension_mode":false,"campfire_upgraded":5,"timestamp":1525206194,"path_taken":["M","?","M","M","?","R","M","?","T","R","?","$","?","M","R","BOSS","M","?","?","?","?","R","M","R","T","$","M","?","R","$","R","BOSS"],"build_version":"2018-04-30","seed_source_timestamp":1374327091055218,"purchased_purges":0,"victory":false,"master_deck":["Strike_B+1","Strike_B+1","Strike_B+1","Defend_B+1","Defend_B+1","Defend_B+1","Defend_B+1","Zap","Dualcast","Rebound","FTL+1","Go for the Eyes","Cold Snap","Blaster+1","Nova+1","Reprieve","Capacitor","Stack","Creative AI+1","Reboot","Lockon","Ghostly+1","Ghostly+1","Ghostly","Ghostly","Ghostly","Chaos+1","Cold Snap","Impulse","Coolheaded","Capacitor","Leap+1","Sunder"],"max_hp_per_floor":[75,75,75,75,75,75,75,75,75,75,75,75,75,75,75,75,75,75,37,37,37,37,37,37,37,37,37,37,37,37,37,37,37],"relics":["Cracked Core","Gambling Chip","Golden Idol","Dream Catcher","Eternal Feather","Bag of Preparation","Ancient Tea Set"],"card_choices":[{"not_picked":["Leap","Stack"],"picked":"Rebound","floor":1},{"not_picked":["Sweeping Beam","Impulse"],"picked":"FTL","floor":3},{"not_picked":["Barrage","Turbo"],"picked":"Go for the Eyes","floor":4},{"not_picked":["Flux Capacitor","Go for the Eyes"],"picked":"Cold Snap","floor":5},{"not_picked":["Capacitor","Auto Shields"],"picked":"Blaster","floor":7},{"not_picked":["Go for the Eyes","Barrage"],"picked":"Stack","floor":14},{"not_picked":["Go for the Eyes","Melter"],"picked":"Creative AI","floor":15},{"not_picked":["Multi-Cast","Fusion"],"picked":"Reboot","floor":16},{"not_picked":["Impulse","Reinforced Body"],"picked":"Lockon","floor":18},{"not_picked":["Beam Cell","Reprieve"],"picked":"Chaos","floor":20},{"not_picked":["Rebound","Leap"],"picked":"Impulse","floor":24},{"not_picked":["Skim","Impulse"],"picked":"Leap","floor":28}],"player_experience":102615,"potions_floor_usage":[7,18,18,24,33],"damage_taken":[{"damage":1,"enemies":"Cultist","floor":1,"turns":3},{"damage":1,"enemies":"2 Louse","floor":3,"turns":2},{"damage":8,"enemies":"Jaw Worm","floor":4,"turns":3},{"damage":0,"enemies":"3 Louse","floor":5,"turns":3},{"damage":2,"enemies":"Red Slaver","floor":7,"turns":3},{"damage":24,"enemies":"Large Slime","floor":14,"turns":5},{"damage":25,"enemies":"Slime Boss","floor":16,"turns":9},{"damage":33,"enemies":"2 Thieves","floor":18,"turns":5},{"damage":7,"enemies":"3 Byrds","floor":20,"turns":9},{"damage":9,"enemies":"Snake Plant","floor":24,"turns":6},{"damage":16,"enemies":"Snecko","floor":28,"turns":7},{"damage":42,"enemies":"Automaton","floor":33,"turns":6}],"event_choices":[{"event_name":"Golden Idol","player_choice":"Take Damage","floor":2,"damage_taken":0},{"event_name":"Upgrade Shrine","player_choice":"Upgraded","floor":8,"damage_taken":0},{"event_name":"Transmorgrifier","player_choice":"Transform","floor":11,"damage_taken":0},{"event_name":"Living Wall","player_choice":"Grow","floor":13,"damage_taken":0},{"event_name":"Ghosts","player_choice":"Became a Ghost","floor":19,"damage_taken":0},{"event_name":"The Library","player_choice":"Read","floor":21,"damage_taken":0},{"event_name":"Addict","player_choice":"Obtained Relic","floor":22,"damage_taken":0},{"event_name":"Back to Basics","player_choice":"Simplicity","floor":29,"damage_taken":0}],"boss_relics":[{"not_picked":["Sozu","Runic Dome"],"picked":"Eternal Feather"}],"potions_floor_spawned":[4,5,16,18,28],"seed_played":"2790097866565756050","killed_by":"Automaton","ascension_level":0,"is_trial":false}