{"path_per_floor":["M","M","?","?","M","E","M","R","T","?","?","$","M","M","R","B",null,"M","M","M","M","M","R","M","M","T","R","E","$","R","M","R","B",null,"M","M","M","M","M","?","R","T","T","M","M","$","M","?","R","B"],"character_chosen":"THE_SILENT","items_purchased":["Mercury Hourglass","Bag of Marbles","Deflect","Heel Hook","Swift Strike","Panacea","Dead Branch","Caltrops"],"gold_per_floor":[114,129,129,204,219,249,264,264,264,264,439,39,58,77,77,202,202,221,240,259,278,297,297,316,335,335,335,373,180,180,199,199,324,324,343,362,381,400,419,419,419,419,469,488,507,29,48,381,381,381],"floor_reached":51,"campfire_rested":3,"playtime":2392,"current_hp_per_floor":[69,64,64,53,53,21,19,65,65,65,65,65,65,65,65,61,65,65,57,36,22,22,62,62,44,44,44,46,46,46,44,59,19,59,58,58,57,57,48,59,59,61,63,62,52,52,54,54,63,31],"items_purged":[],"gold":381,"score":779,"play_id":"fef29ea4-9692-4c48-969b-7c26c6bb30fa","local_time":"20180319080901","daily_mods":["Diverse","Night Terrors","Vintage"],"is_prod":false,"is_daily":true,"is_ascension_mode":false,"campfire_upgraded":2,"timestamp":1521461341,"path_taken":["M","?","?","?","M","E","M","R","T","?","?","$","?","M","R","BOSS","M","M","M","M","M","R","M","M","T","R","E","$","R","M","R","BOSS","M","M","M","M","M","?","R","?","T","?","M","?","M","?","R","BOSS"],"build_version":"2018-03-15v3","purchased_purges":0,"victory":true,"master_deck":["Defend_G","Defend_G","Defend_G","Defend_G","Defend_G+1","Strike_G","Strike_G","Strike_G","Strike_G+1","Strike_G","Survivor+1","Neutralize","Uppercut+1","Corruption+1","Predator+1","Injury","Doubt","Wraith Form+1","Doubt","PiercingWail+1","Deflect","Heel Hook+1","Swift Strike+1","Riddle With Holes+1","Night Terror+1","Pain","Panacea+1","Caltrops+1"],"max_hp_per_floor":[70,70,70,70,70,70,70,65,65,65,65,65,65,65,65,65,65,65,65,65,65,65,62,62,62,62,62,64,64,64,64,59,59,59,59,59,59,59,59,59,59,61,63,63,63,63,63,63,63,63],"relics":["Ring of the Snake","Du-Vu Doll","Bottled Flame","Art of War","Girya","Ancient Tea Set","Gambling Chip","Mercury Hourglass","Bag of Marbles","Molten Egg 2","Singing Bowl","Kunai","Cursed Key","Letter Opener","Bronze Scales","Mummified Hand","Whetstone","Dream Catcher","Anchor","Prayer Wheel","Tingsha","Centennial Puzzle","Toxic Egg 2","Frozen Egg 2","Eternal Feather","Shuriken","Omamori","Orichalcum","Smiling Mask","Pantograph","Frozen Eye","Blood Vial","Pen Nib","War Paint","Dead Branch","Torii"],"card_choices":[{"not_picked":["Bane","Underhanded Strike"],"picked":"Predator"},{"not_picked":["Unload","Venomology"],"picked":"Wraith Form"},{"not_picked":["Deadly Poison","Deflect"],"picked":"PiercingWail"},{"not_picked":["Underhanded Strike","Eviscerate"],"picked":"Riddle With Holes"},{"not_picked":["Grand Finale","Venomology"],"picked":"Night Terror"}],"player_experience":465887,"potions_floor_usage":[16,18,21,22,22,37,45,47,50],"damage_taken":[{"damage":1,"enemies":"Cultist","floor":1,"turns":4},{"damage":5,"enemies":"Small Slimes","floor":2,"turns":3},{"damage":0,"enemies":"Jaw Worm","floor":5,"turns":4},{"damage":32,"enemies":"Gremlin Nob","floor":6,"turns":6},{"damage":2,"enemies":"Looter","floor":7,"turns":3},{"damage":0,"enemies":"3 Louse","floor":13,"turns":1},{"damage":0,"enemies":"2 Fungi Beasts","floor":14,"turns":2},{"damage":4,"enemies":"Slime Boss","floor":16,"turns":5},{"damage":0,"enemies":"Spheric Guardian","floor":18,"turns":3},{"damage":8,"enemies":"Shell Parasite","floor":19,"turns":3},{"damage":21,"enemies":"Centurion and Healer","floor":20,"turns":3},{"damage":14,"enemies":"Sentry and Sphere","floor":21,"turns":4},{"damage":0,"enemies":"Snecko","floor":22,"turns":3},{"damage":0,"enemies":"Snake Plant","floor":24,"turns":2},{"damage":18,"enemies":"Centurion and Healer","floor":25,"turns":5},{"damage":0,"enemies":"Slavers","floor":28,"turns":3},{"damage":2,"enemies":"Cultist and Chosen","floor":31,"turns":3},{"damage":40,"enemies":"Champ","floor":33,"turns":7},{"damage":1,"enemies":"Orb Walker","floor":35,"turns":2},{"damage":0,"enemies":"3 Darklings","floor":36,"turns":2},{"damage":1,"enemies":"4 Shapes","floor":37,"turns":3},{"damage":0,"enemies":"Sphere and 2 Shapes","floor":38,"turns":3},{"damage":9,"enemies":"3 Darklings","floor":39,"turns":4},{"damage":1,"enemies":"4 Shapes","floor":44,"turns":2},{"damage":20,"enemies":"Maw","floor":45,"turns":6},{"damage":0,"enemies":"3 Darklings","floor":47,"turns":2},{"damage":38,"enemies":"Time Eater","floor":50,"turns":7}],"event_choices":[{"event_name":"Upgrade Shrine","player_choice":"Upgraded","floor":3,"damage_taken":0},{"event_name":"World of Goop","player_choice":"Gather Gold","floor":4,"damage_taken":0},{"event_name":"Golden Idol","player_choice":"Take Wound","floor":10,"damage_taken":0},{"event_name":"Liars Game","player_choice":"agreed","floor":11,"damage_taken":0},{"event_name":"Winding Halls","player_choice":"Writhe","floor":40,"damage_taken":0},{"event_name":"The Moai Head","player_choice":"Gave Idol","floor":48,"damage_taken":0}],"boss_relics":[{"not_picked":["Tiny House","Snecko Eye"],"picked":"Cursed Key"},{"not_picked":["Astrolabe","Orrery"],"picked":"Eternal Feather"}],"potions_floor_spawned":[14,16,19,20,21,33,36,39,45],"seed_played":"4569236457908174948","ascension_level":0,"is_trial":false}