{"path_per_floor":["M","M","M","M","?","R","?","R","T","?","E","M","R","M","R"],"character_chosen":"IRONCLAD","items_purchased":[],"gold_per_floor":[112,128,145,156,156,156,121,121,147,147,187,208,208,231,231,231],"floor_reached":16,"campfire_rested":2,"playtime":672,"current_hp_per_floor":[45,45,49,53,29,57,81,81,81,81,45,41,69,61,61,0],"items_purged":[],"gold":231,"score":127,"play_id":"5838d713-83cf-4c60-b61c-3ae829454531","local_time":"20180503064053","is_prod":false,"is_daily":false,"chose_seed":false,"is_ascension_mode":false,"campfire_upgraded":2,"timestamp":1525344053,"path_taken":["M","M","M","M","?","R","?","R","T","?","E","M","R","M","R","BOSS"],"build_version":"2018-05-02","seed_source_timestamp":1514652938363884,"purchased_purges":0,"victory":false,"master_deck":["Strike_R","Strike_R","Strike_R","Strike_R","Strike_R","Defend_R","Defend_R","Defend_R","Defend_R","Bash","Twin Strike","Disarm","Body Slam+1","Body Slam","Decay","Body Slam","Seeing Red","Infernal Blade+1"],"max_hp_per_floor":[96,96,96,96,96,96,96,96,96,96,96,96,96,96,96,96],"relics":["Burning Blood","Golden Idol","Ancient Tea Set","Happy Flower"],"card_choices":[{"not_picked":["Iron Wave","Burning Pact"],"picked":"Twin Strike","floor":1},{"not_picked":["Heavy Blade","Armaments"],"picked":"Disarm","floor":2},{"not_picked":["Second Wind","Clash"],"picked":"Body Slam","floor":3},{"not_picked":["Hemokinesis","Rage"],"picked":"Body Slam","floor":4},{"not_picked":["Uppercut","Warcry"],"picked":"Body Slam","floor":11},{"not_picked":["Rupture","Disarm"],"picked":"Seeing Red","floor":12},{"not_picked":["Cleave","Carnage"],"picked":"Infernal Blade","floor":14}],"player_experience":133916,"potions_floor_usage":[3,4,11,16],"damage_taken":[{"damage":9,"enemies":"Small Slimes","floor":1,"turns":6},{"damage":6,"enemies":"2 Louse","floor":2,"turns":2},{"damage":8,"enemies":"Jaw Worm","floor":3,"turns":3},{"damage":2,"enemies":"Blue Slaver","floor":4,"turns":4},{"damage":42,"enemies":"Lagavulin","floor":11,"turns":9},{"damage":10,"enemies":"3 Louse","floor":12,"turns":6},{"damage":14,"enemies":"Large Slime","floor":14,"turns":7},{"damage":65,"enemies":"Slime Boss","floor":16,"turns":8}],"event_choices":[{"event_name":"Golden Idol","player_choice":"Take Damage","floor":5,"damage_taken":0},{"event_name":"The Cleric","player_choice":"Healed","floor":7,"damage_taken":0},{"event_name":"Wheel of Change","player_choice":"Curse","floor":10,"damage_taken":0}],"boss_relics":[],"potions_floor_spawned":[2,3,4,14],"seed_played":"7702444156352133688","killed_by":"Slime Boss","ascension_level":0,"is_trial":false}