{"gold_per_floor":[117,134,134,152,122,122,152,5,28,28,0,0,0,17,17,122,122,136,116,126,37,37,37,65,77,89,101,113,125],"floor_reached":29,"playtime":2692,"items_purged":[],"score":249,"play_id":"da0a20dd-0dab-467e-8059-6556e9dc90f9","local_time":"20190706131025","is_ascension_mode":true,"campfire_choices":[{"data":"Infernal Blade","floor":6,"key":"SMITH"},{"floor":13,"key":"REST"},{"floor":15,"key":"REST"},{"data":"Reaper","floor":23,"key":"SMITH"},{"data":"Reaper","floor":25,"key":"SMITH"},{"floor":27,"key":"REST"}],"neow_cost":"TEN_PERCENT_HP_LOSS","seed_source_timestamp":872117732458664,"circlet_count":0,"master_deck":["Strike_R+1","Strike_R","Strike_R","Strike_R+1","Strike_R","Defend_R","Defend_R","Defend_R","Defend_R+1","Bash+1","Reaper+1","Feel No Pain","Corruption+1","Dropkick","Infernal Blade+1","Dual Wield","Feel No Pain","Reaper+1","Clothesline","Second Wind","Finesse","Burning Pact"],"relics":["Burning Blood","Whetstone","Juzu Bracelet","Anchor","Self Forming Clay","Black Star","MawBank","Bag of Marbles","Potion Belt"],"potions_floor_usage":[7,16,16,20,24,24],"damage_taken":[{"damage":14,"enemies":"Small Slimes","floor":1,"turns":5},{"damage":8,"enemies":"Cultist","floor":2,"turns":5},{"damage":6,"enemies":"Jaw Worm","floor":4,"turns":4},{"damage":0,"enemies":"Looter","floor":5,"turns":4},{"damage":47,"enemies":"Lagavulin","floor":7,"turns":7},{"damage":5,"enemies":"3 Louse","floor":14,"turns":3},{"damage":49,"enemies":"The Guardian","floor":16,"turns":13},{"damage":12,"enemies":"Shell Parasite","floor":18,"turns":8},{"damage":14,"enemies":"Chosen","floor":20,"turns":6},{"damage":44,"enemies":"Slavers","floor":24,"turns":7},{"damage":38,"enemies":"Colosseum Slavers","floor":28,"turns":8},{"damage":62,"enemies":"Gremlin Leader","floor":29,"turns":4}],"seed_played":"4889240181622725250","potions_obtained":[{"floor":1,"key":"AttackPotion"},{"floor":2,"key":"AttackPotion"},{"floor":7,"key":"Fire Potion"},{"floor":16,"key":"Poison Potion"},{"floor":18,"key":"EssenceOfSteel"},{"floor":19,"key":"Ancient Potion"}],"is_trial":false,"path_per_floor":["M","M","?","M","M","R","E","$","T","?","?","?","R","M","R","B",null,"M","?","M","$","?","R","E","R","T","R","?","E"],"character_chosen":"IRONCLAD","items_purchased":["Juzu Bracelet","Finesse"],"campfire_rested":3,"item_purchase_floors":[8,21],"current_hp_per_floor":[64,66,66,66,72,72,31,31,31,17,17,10,31,41,62,23,72,72,72,64,64,51,51,32,32,32,55,34,0],"gold":125,"neow_bonus":"THREE_RARE_CARDS","is_prod":false,"is_daily":false,"chose_seed":false,"campfire_upgraded":3,"win_rate":0,"timestamp":1562433025,"path_taken":["M","M","?","M","?","R","E","$","T","?","?","?","R","M","R","BOSS","M","?","M","$","?","R","E","R","T","R","?","E"],"build_version":"2019-07-05","purchased_purges":0,"victory":false,"max_hp_per_floor":[72,72,72,72,72,72,72,72,72,72,72,72,72,72,72,72,72,72,72,72,72,77,77,77,77,77,77,77,77],"card_choices":[{"not_picked":["Berserk","Feed"],"picked":"Reaper","floor":0},{"not_picked":["Power Through","Rage"],"picked":"Feel No Pain","floor":1},{"not_picked":["Dual Wield","Reckless Charge"],"picked":"Corruption","floor":2},{"not_picked":["Fire Breathing","Sword Boomerang"],"picked":"Dropkick","floor":4},{"not_picked":["Power Through","Inflame"],"picked":"Infernal Blade","floor":5},{"not_picked":["Pommel Strike","Thunderclap"],"picked":"Dual Wield","floor":7},{"not_picked":["Dual Wield","Heavy Blade"],"picked":"Feel No Pain","floor":14},{"not_picked":["Barricade","Juggernaut"],"picked":"Reaper","floor":16},{"not_picked":["Hemokinesis","Iron Wave"],"picked":"Clothesline","floor":18},{"not_picked":["Shrug It Off","Twin Strike+1"],"picked":"Second Wind","floor":20},{"not_picked":["Hemokinesis","Rupture+1"],"picked":"Burning Pact","floor":24}],"player_experience":60251,"relics_obtained":[{"floor":7,"key":"Whetstone"},{"floor":9,"key":"Anchor"},{"floor":24,"key":"MawBank"},{"floor":24,"key":"Bag of Marbles"},{"floor":26,"key":"Potion Belt"}],"event_choices":[{"damage_healed":0,"gold_gain":0,"player_choice":"Upgraded","damage_taken":0,"max_hp_gain":0,"max_hp_loss":0,"event_name":"Upgrade Shrine","floor":3,"gold_loss":0,"cards_upgraded":["Corruption"]},{"damage_healed":0,"gold_gain":0,"player_choice":"Entered Light","damage_taken":14,"max_hp_gain":0,"max_hp_loss":0,"event_name":"Shining Light","floor":10,"gold_loss":0,"cards_upgraded":["Defend_R","Strike_R"]},{"damage_healed":0,"gold_gain":0,"player_choice":"Left Gold","damage_taken":0,"max_hp_gain":0,"max_hp_loss":0,"event_name":"World of Goop","floor":11,"gold_loss":28},{"damage_healed":0,"gold_gain":0,"player_choice":"Success","damage_taken":7,"relics_obtained":["Self Forming Clay"],"max_hp_gain":0,"max_hp_loss":0,"event_name":"Scrap Ooze","floor":12,"gold_loss":0},{"damage_healed":0,"gold_gain":0,"player_choice":"Bought 1 Potion","damage_taken":0,"max_hp_gain":0,"max_hp_loss":0,"event_name":"The Woman in Blue","floor":19,"gold_loss":0},{"damage_healed":0,"gold_gain":0,"player_choice":"Shed Blood","damage_taken":18,"max_hp_gain":5,"max_hp_loss":0,"event_name":"Forgotten Altar","floor":22,"gold_loss":0},{"damage_healed":0,"gold_gain":0,"player_choice":"Fight","damage_taken":0,"max_hp_gain":0,"max_hp_loss":0,"event_name":"Colosseum","floor":28,"gold_loss":0},{"damage_healed":0,"gold_gain":0,"player_choice":"Fled From Nobs","damage_taken":0,"max_hp_gain":0,"max_hp_loss":0,"event_name":"Colosseum","floor":28,"gold_loss":0}],"is_beta":false,"boss_relics":[{"not_picked":["Lizard Tail","Coffee Dripper"],"picked":"Black Star"}],"items_purged_floors":[],"is_endless":false,"potions_floor_spawned":[1,2,7,16,18,28],"killed_by":"Gremlin Leader","ascension_level":1}