{"path_per_floor":["M","?","$","?","?","R","M","R","T","M","M","R","M","$","R","B",null,"M","M","?","?","M","R","M"],"character_chosen":"DEFECT","items_purchased":["Swift Strike","Strawberry","Bronze Scales","BootSequence"],"gold_per_floor":[109,109,15,15,15,15,30,30,330,346,356,356,366,1,1,99,99,118,132,132,55,67,67,84,84],"floor_reached":25,"campfire_rested":2,"playtime":934,"current_hp_per_floor":[75,75,75,75,75,75,74,74,74,74,58,58,55,62,82,49,82,63,43,43,43,26,43,16,0],"items_purged":[],"gold":84,"score":218,"play_id":"0f7ed4ef-d171-4367-a0c2-37a053e88d7f","local_time":"20180514002659","is_prod":false,"is_daily":false,"chose_seed":false,"is_ascension_mode":false,"campfire_upgraded":3,"timestamp":1526272019,"path_taken":["M","?","$","?","?","R","M","R","T","M","M","R","M","?","R","BOSS","M","M","?","?","?","R","M","M"],"build_version":"2018-05-12v2","seed_source_timestamp":34091084105731,"purchased_purges":0,"victory":false,"master_deck":["Defend_B","Defend_B","Defend_B","Defend_B","Zap+1","Dualcast","Beam Cell+1","Swift Strike+1","Regret","Rebound","Rebound+1","BootSequence","Thunder Strike","Rebound+1","Streamline","Bite","Bite","Bite","Bite","Bite","J.A.X.","BootSequence","Fusion"],"max_hp_per_floor":[75,75,75,75,75,75,75,75,75,75,75,75,75,82,82,82,82,82,82,57,57,57,57,57,57],"relics":["Cracked Core","Ornamental Fan","Old Coin","Strawberry","Bronze Scales","Nuclear Battery"],"card_choices":[{"not_picked":["Hologram","Ball Lightning"],"picked":"Beam Cell","floor":1},{"not_picked":["Stack","Impulse","Capacitor"],"picked":"SKIP","floor":7},{"not_picked":["Impulse","Turbo"],"picked":"Rebound","floor":10},{"not_picked":["Hologram","Cold Snap"],"picked":"Rebound","floor":11},{"not_picked":["Hologram","Leap","Turbo"],"picked":"SKIP","floor":13},{"not_picked":["Machine Learning","Fusion"],"picked":"Thunder Strike","floor":16},{"not_picked":["Conserve Battery","Turbo"],"picked":"Rebound+1","floor":18},{"not_picked":["Skim","Turbo"],"picked":"Streamline","floor":19},{"not_picked":["Double Energy","Lockon"],"picked":"BootSequence","floor":22},{"not_picked":["Coolheaded+1","Gash"],"picked":"Fusion","floor":24}],"player_experience":235173,"potions_floor_usage":[11,22],"damage_taken":[{"damage":0,"enemies":"Cultist","floor":1,"turns":4},{"damage":1,"enemies":"Small Slimes","floor":7,"turns":3},{"damage":0,"enemies":"2 Louse","floor":10,"turns":2},{"damage":16,"enemies":"Exordium Thugs","floor":11,"turns":3},{"damage":3,"enemies":"Exordium Wildlife","floor":13,"turns":3},{"damage":33,"enemies":"Slime Boss","floor":16,"turns":10},{"damage":19,"enemies":"Spheric Guardian","floor":18,"turns":4},{"damage":20,"enemies":"Shell Parasite","floor":19,"turns":4},{"damage":25,"enemies":"Snake Plant","floor":22,"turns":4},{"damage":39,"enemies":"Slaver and Parasite","floor":24,"turns":5},{"damage":23,"enemies":"Sentry and Sphere","floor":25,"turns":3}],"event_choices":[{"event_name":"Living Wall","player_choice":"Grow","floor":2,"damage_taken":0},{"event_name":"Bonfire Elementals","player_choice":"BASIC","floor":4,"damage_taken":0},{"event_name":"Big Fish","player_choice":"Box","floor":5,"damage_taken":0},{"event_name":"Vampires","player_choice":"Became a vampire","floor":20,"damage_taken":0},{"event_name":"Drug Dealer","player_choice":"Got JAXXED","floor":21,"damage_taken":0}],"boss_relics":[{"not_picked":["Lizard Tail","Philosopher\u0027s Stone"],"picked":"Nuclear Battery"}],"potions_floor_spawned":[7,16,19],"seed_played":"-4849660957956576058","killed_by":"Sentry and Sphere","ascension_level":0,"is_trial":false}