{"gold_per_floor":[116,116,266,266,291,291,216,216,216,216,216,216,237,276,276,276],"floor_reached":16,"playtime":364,"items_purged":[],"score":192,"play_id":"12c049cf-ce10-411b-aeb3-eb699544b7b5","local_time":"20190429225830","is_ascension_mode":true,"campfire_choices":[{"data":"Sunder","floor":6,"key":"SMITH"},{"data":"Zap","floor":8,"key":"SMITH"},{"data":"Auto Shields","floor":11,"key":"SMITH"},{"data":"Reinforced Body","floor":15,"key":"SMITH"}],"neow_cost":"NONE","seed_source_timestamp":1393652849850232,"circlet_count":0,"master_deck":["AscendersBane","Strike_B","Strike_B","Strike_B","Defend_B","Defend_B","Defend_B","Defend_B","Zap+1","Dualcast","Sunder+1","Auto Shields+1","Reinforced Body+1","Leap"],"relics":["White Beast Statue","Golden Idol","Anchor","Gremlin Horn","GremlinMask","Vajra"],"potions_floor_usage":[14,16,16],"damage_taken":[{"damage":6,"enemies":"Jaw Worm","floor":1,"turns":6},{"damage":9,"enemies":"Small Slimes","floor":5,"turns":3},{"damage":0,"enemies":"Cultist","floor":13,"turns":3},{"damage":10,"enemies":"3 Sentries","floor":14,"turns":7},{"damage":26,"enemies":"Slime Boss","floor":16,"turns":8}],"seed_played":"-7145779663392893443","potions_obtained":[{"floor":1,"key":"Dexterity Potion"},{"floor":5,"key":"LiquidBronze"},{"floor":13,"key":"Regen Potion"},{"floor":14,"key":"Block Potion"}],"is_trial":false,"path_per_floor":["M","?","?","?","M","R","?","R","T","T","R","?","M","E","R","B"],"character_chosen":"DEFECT","items_purchased":[],"campfire_rested":0,"item_purchase_floors":[],"current_hp_per_floor":[58,34,34,27,18,18,18,18,18,18,18,18,18,23,23,0],"gold":276,"neow_bonus":"BOSS_RELIC","is_prod":false,"is_daily":false,"chose_seed":false,"campfire_upgraded":4,"win_rate":0,"timestamp":1556571510,"path_taken":["M","?","?","?","?","R","?","R","T","?","R","?","?","E","R","BOSS"],"build_version":"2019-01-23","purchased_purges":0,"victory":false,"max_hp_per_floor":[71,71,71,71,71,71,71,71,71,71,71,71,71,71,71,71],"card_choices":[{"not_picked":["Coolheaded","Streamline"],"picked":"Sunder","floor":1},{"not_picked":["Loop","Rebound"],"picked":"Auto Shields","floor":5},{"not_picked":["Sunder","Storm"],"picked":"Reinforced Body","floor":13},{"not_picked":["Coolheaded","Redo"],"picked":"Leap","floor":14}],"player_experience":548247,"relics_obtained":[{"floor":9,"key":"Anchor"},{"floor":10,"key":"Gremlin Horn"},{"floor":14,"key":"Vajra"}],"event_choices":[{"damage_healed":0,"gold_gain":0,"player_choice":"Take Damage","damage_taken":24,"relics_obtained":["Golden Idol"],"max_hp_gain":0,"max_hp_loss":0,"event_name":"Golden Idol","floor":2,"gold_loss":0},{"damage_healed":0,"gold_gain":150,"player_choice":"AGREE","damage_taken":0,"max_hp_gain":0,"max_hp_loss":0,"event_name":"Liars Game","floor":3,"gold_loss":0,"cards_obtained":["Doubt"]},{"cards_removed":["Doubt"],"damage_healed":0,"gold_gain":0,"player_choice":"Card Removal","damage_taken":7,"max_hp_gain":0,"max_hp_loss":0,"event_name":"Golden Wing","floor":4,"gold_loss":0},{"cards_removed":["Strike_B"],"damage_healed":0,"gold_gain":0,"player_choice":"Card Removal","damage_taken":0,"max_hp_gain":0,"max_hp_loss":0,"event_name":"The Cleric","floor":7,"gold_loss":75},{"damage_healed":0,"gold_gain":0,"player_choice":"Trade","damage_taken":0,"relics_obtained":["GremlinMask"],"max_hp_gain":0,"max_hp_loss":0,"event_name":"FaceTrader","floor":12,"gold_loss":0}],"is_beta":false,"boss_relics":[],"items_purged_floors":[],"is_endless":false,"potions_floor_spawned":[1,5,13,14],"killed_by":"Slime Boss","ascension_level":20}