{"gold_per_floor":[112,112,62,62,78,112,112,137,137,137,156,176,176,193,193,290,340,353,368,79,98,45,45,56,56,56,96,122,134,146],"floor_reached":30,"playtime":962,"items_purged":[],"score":337,"play_id":"e0d3adfb-5c38-4373-8d81-36561b2ba6f4","local_time":"20190530022702","is_ascension_mode":true,"campfire_choices":[{"floor":7,"key":"REST"},{"floor":10,"key":"REST"},{"floor":13,"key":"REST"},{"floor":15,"key":"REST"},{"floor":23,"key":"REST"},{"floor":25,"key":"REST"}],"neow_cost":"NONE","seed_source_timestamp":722350930089200,"circlet_count":0,"master_deck":["Strike_B","Strike_B+1","Defend_B","Defend_B","Defend_B","Defend_B","Zap+1","Dualcast","Chaos","Reboot","Chaos","Meteor Strike","Scrape","Beam Cell","Beam Cell","White Noise","Electrodynamics","Double Energy","Compile Driver+1","Redo+1","Beam Cell+1","Gash","Go for the Eyes","Sunder","Scrape","Ghostly","Ghostly","Ghostly","Ghostly","Ghostly"],"relics":["Cracked Core","Sundial","Potion Belt","Mercury Hourglass","Art of War","Tiny House","Gambling Chip","MawBank","Torii"],"potions_floor_usage":[5,6,14,16,19,21,27],"damage_taken":[{"damage":7,"enemies":"Small Slimes","floor":1,"turns":2},{"damage":0,"enemies":"2 Louse","floor":5,"turns":2},{"damage":12,"enemies":"3 Sentries","floor":6,"turns":8},{"damage":46,"enemies":"Gremlin Nob","floor":8,"turns":4},{"damage":5,"enemies":"Jaw Worm","floor":11,"turns":2},{"damage":10,"enemies":"Gremlin Gang","floor":12,"turns":2},{"damage":0,"enemies":"Looter","floor":14,"turns":1},{"damage":50,"enemies":"The Guardian","floor":16,"turns":9},{"damage":19,"enemies":"Chosen","floor":18,"turns":4},{"damage":4,"enemies":"Spheric Guardian","floor":19,"turns":4},{"damage":13,"enemies":"Snake Plant","floor":21,"turns":2},{"damage":18,"enemies":"Snecko","floor":24,"turns":3},{"damage":33,"enemies":"Book of Stabbing","floor":27,"turns":4},{"damage":30,"enemies":"Centurion and Healer","floor":28,"turns":3},{"damage":30,"enemies":"Gremlin Leader","floor":30,"turns":5}],"seed_played":"-5008706957605103101","potions_obtained":[{"floor":1,"key":"Block Potion"},{"floor":5,"key":"Poison Potion"},{"floor":12,"key":"AttackPotion"},{"floor":14,"key":"Block Potion"},{"floor":17,"key":"Weak Potion"},{"floor":18,"key":"Block Potion"},{"floor":19,"key":"FairyPotion"},{"floor":24,"key":"Fire Potion"}],"is_trial":false,"path_per_floor":["M","?","?","?","M","E","R","E","T","R","M","M","R","M","R","B",null,"M","M","$","M","$","R","M","R","T","E","M","?","E"],"character_chosen":"DEFECT","items_purchased":["Gambling Chip","Gash"],"campfire_rested":6,"item_purchase_floors":[20,22],"current_hp_per_floor":[68,61,61,61,61,49,71,25,25,47,42,32,54,54,75,25,80,61,57,57,44,44,68,50,74,74,41,11,11,0],"gold":146,"neow_bonus":"UPGRADE_CARD","is_prod":false,"is_daily":false,"chose_seed":false,"campfire_upgraded":0,"win_rate":0,"timestamp":1559197622,"path_taken":["M","?","?","?","M","E","R","E","T","R","?","M","R","M","R","BOSS","M","?","$","M","$","R","M","R","T","E","M","?","E"],"build_version":"2019-05-28","purchased_purges":0,"victory":false,"max_hp_per_floor":[75,75,75,75,75,75,75,75,75,75,75,75,75,75,75,75,80,80,80,80,80,80,80,80,80,80,80,80,40,40],"card_choices":[{"not_picked":["Auto Shields","Heatsinks"],"picked":"Chaos","floor":1},{"not_picked":["Turbo","Lockon"],"picked":"Chaos","floor":5},{"not_picked":["Sunder","Barrage"],"picked":"Meteor Strike","floor":6},{"not_picked":["Barrage","Reinforced Body"],"picked":"Scrape","floor":8},{"not_picked":["Barrage","Undo"],"picked":"Beam Cell","floor":11},{"not_picked":["Conserve Battery","Leap"],"picked":"Beam Cell","floor":12},{"not_picked":["Consume","Rebound"],"picked":"White Noise","floor":14},{"not_picked":["Seek","Meteor Strike"],"picked":"Electrodynamics","floor":16},{"not_picked":["Genetic Algorithm","Coolheaded"],"picked":"Double Energy","floor":17},{"not_picked":["Cold Snap+1","Melter"],"picked":"Compile Driver+1","floor":18},{"not_picked":["Chill","Tempest"],"picked":"Redo+1","floor":19},{"not_picked":["Self Repair","Coolheaded"],"picked":"Beam Cell+1","floor":21},{"not_picked":["Coolheaded+1","Leap+1"],"picked":"Go for the Eyes","floor":24},{"not_picked":["Doom and Gloom","Ball Lightning+1"],"picked":"Sunder","floor":27},{"not_picked":["BootSequence","Blizzard"],"picked":"Scrape","floor":28}],"player_experience":918276,"relics_obtained":[{"floor":6,"key":"Potion Belt"},{"floor":8,"key":"Mercury Hourglass"},{"floor":9,"key":"Art of War"},{"floor":26,"key":"MawBank"},{"floor":27,"key":"Torii"}],"event_choices":[{"damage_healed":0,"gold_gain":0,"player_choice":"Success","damage_taken":7,"relics_obtained":["Sundial"],"max_hp_gain":0,"max_hp_loss":0,"event_name":"Scrap Ooze","floor":2,"gold_loss":0},{"cards_removed":["Strike_B"],"damage_healed":0,"gold_gain":0,"player_choice":"Card Removal","damage_taken":0,"max_hp_gain":0,"max_hp_loss":0,"event_name":"The Cleric","floor":3,"gold_loss":50},{"damage_healed":0,"gold_gain":0,"cards_transformed":["Strike_B"],"player_choice":"Change","damage_taken":0,"max_hp_gain":0,"max_hp_loss":0,"event_name":"Living Wall","floor":4,"gold_loss":0,"cards_obtained":["Reboot"]},{"damage_healed":0,"gold_gain":0,"player_choice":"Became a Ghost","damage_taken":0,"max_hp_gain":0,"max_hp_loss":40,"event_name":"Ghosts","floor":29,"gold_loss":0,"cards_obtained":["Ghostly","Ghostly","Ghostly","Ghostly","Ghostly"]}],"is_beta":true,"boss_relics":[{"not_picked":["Sozu","Empty Cage"],"picked":"Tiny House"}],"items_purged_floors":[],"is_endless":false,"potions_floor_spawned":[1,5,12,14,18,19,24],"killed_by":"Gremlin Leader","ascension_level":4}