{"gold_per_floor":[18,18,31,31,31,64,76,76,76,103,103,113,113,113,113,239,239,257,55,68,68,68,68,104,118,118,73,108,128,58,58,58,58],"floor_reached":33,"playtime":1425,"items_purged":[],"score":395,"play_id":"414b5ea2-3537-47b0-8921-46fcba362a7a","local_time":"20190404053107","is_ascension_mode":true,"campfire_choices":[{"data":"Offering","floor":8,"key":"SMITH"},{"floor":11,"key":"REST"},{"data":"Rupture","floor":15,"key":"SMITH"},{"data":"RitualDagger","floor":23,"key":"SMITH"},{"floor":32,"key":"REST"}],"neow_cost":"NO_GOLD","seed_source_timestamp":1442491988132800,"circlet_count":0,"master_deck":["Strike_R","Strike_R","Strike_R","Strike_R","Strike_R","Defend_R","Defend_R","Defend_R","Defend_R","Bash","Offering+1","Rampage+1","Clothesline","True Grit","Thunderclap","Rupture+1","Carnage","Double Tap","Iron Wave+1","Offering+1","Feel No Pain","RitualDagger+1","Body Slam+1","True Grit","Dark Embrace","True Grit+1","Flame Barrier"],"relics":["Burning Blood","Incense Burner","Vajra","Self Forming Clay","Omamori","Golden Idol","Strawberry","Runic Pyramid","DollysMirror","Blue Candle","Question Card","Bag of Preparation","Potion Belt"],"potions_floor_usage":[6,16,20,24,24,28,29],"damage_taken":[{"damage":10,"enemies":"Small Slimes","floor":1,"turns":3},{"damage":8,"enemies":"Jaw Worm","floor":3,"turns":2},{"damage":12,"enemies":"Gremlin Nob","floor":6,"turns":3},{"damage":6,"enemies":"2 Louse","floor":7,"turns":2},{"damage":21,"enemies":"Lagavulin","floor":10,"turns":5},{"damage":9,"enemies":"Looter","floor":12,"turns":2},{"damage":28,"enemies":"The Guardian","floor":16,"turns":11},{"damage":2,"enemies":"Spheric Guardian","floor":18,"turns":3},{"damage":17,"enemies":"3 Byrds","floor":20,"turns":3},{"damage":25,"enemies":"Slavers","floor":24,"turns":6},{"damage":20,"enemies":"Centurion and Healer","floor":25,"turns":3},{"damage":12,"enemies":"Gremlin Leader","floor":28,"turns":6},{"damage":18,"enemies":"Chosen and Byrds","floor":29,"turns":7},{"damage":47,"enemies":"Collector","floor":33,"turns":7}],"seed_played":"-6276640050664363242","potions_obtained":[{"floor":3,"key":"FearPotion"},{"floor":12,"key":"Regen Potion"},{"floor":16,"key":"Ancient Potion"},{"floor":18,"key":"AttackPotion"},{"floor":20,"key":"Weak Potion"},{"floor":25,"key":"SkillPotion"},{"floor":28,"key":"Dexterity Potion"}],"is_trial":false,"path_per_floor":["M","?","M","?","$","E","M","R","T","E","R","M","?","?","R","B",null,"M","$","M","?","?","R","E","M","T","$","E","M","$","?","R","B"],"character_chosen":"IRONCLAD","items_purchased":["DollysMirror","True Grit","Flame Barrier"],"campfire_rested":2,"item_purchase_floors":[19,27,30],"current_hp_per_floor":[76,76,74,67,67,61,61,61,61,46,70,67,67,74,74,67,82,86,86,75,69,69,69,50,36,36,36,30,18,18,18,44,0],"gold":58,"neow_bonus":"THREE_RARE_CARDS","is_prod":false,"is_daily":false,"chose_seed":false,"campfire_upgraded":3,"win_rate":0,"timestamp":1554370267,"path_taken":["M","?","M","?","$","E","M","R","T","E","R","M","?","?","R","BOSS","M","$","M","?","?","R","E","M","T","?","E","M","$","?","R","BOSS"],"build_version":"2019-03-15","purchased_purges":0,"victory":false,"max_hp_per_floor":[80,80,80,80,80,80,80,80,80,80,80,80,80,87,87,87,87,87,87,87,87,87,87,87,87,87,87,87,87,87,87,87,87],"card_choices":[{"not_picked":["Double Tap","Reaper"],"picked":"Offering","floor":0},{"not_picked":["Anger","Power Through"],"picked":"Rampage","floor":1},{"not_picked":["Sword Boomerang","Twin Strike"],"picked":"Clothesline","floor":3},{"not_picked":["Power Through","Anger"],"picked":"True Grit","floor":6},{"not_picked":["Reckless Charge","Uppercut"],"picked":"Thunderclap","floor":7},{"not_picked":["Fiend Fire","Fire Breathing"],"picked":"Rupture","floor":10},{"not_picked":["Body Slam","Headbutt"],"picked":"Carnage","floor":12},{"not_picked":["Feed","Bludgeon"],"picked":"Double Tap","floor":16},{"not_picked":["Havoc+1","Clothesline+1"],"picked":"Iron Wave+1","floor":18},{"not_picked":["Warcry","Battle Trance"],"picked":"Feel No Pain","floor":20},{"not_picked":["Rage","Sentinel"],"picked":"Body Slam+1","floor":24},{"not_picked":["Flex","Perfected Strike+1","Sword Boomerang"],"picked":"SKIP","floor":25},{"not_picked":["Spot Weakness","Thunderclap","Warcry"],"picked":"Dark Embrace","floor":28},{"not_picked":["Metallicize+1","Intimidate","Shockwave+1"],"picked":"True Grit+1","floor":29}],"player_experience":758809,"relics_obtained":[{"floor":6,"key":"Vajra"},{"floor":9,"key":"Self Forming Clay"},{"floor":10,"key":"Omamori"},{"floor":24,"key":"Blue Candle"},{"floor":26,"key":"Question Card"},{"floor":28,"key":"Bag of Preparation"}],"event_choices":[{"damage_healed":0,"gold_gain":0,"player_choice":"Grow","damage_taken":0,"max_hp_gain":0,"max_hp_loss":0,"event_name":"Living Wall","floor":2,"gold_loss":0,"cards_upgraded":["Rampage"]},{"damage_healed":0,"gold_gain":0,"player_choice":"Success","damage_taken":7,"relics_obtained":["Incense Burner"],"max_hp_gain":0,"max_hp_loss":0,"event_name":"Scrap Ooze","floor":4,"gold_loss":0},{"damage_healed":0,"gold_gain":0,"player_choice":"Take Wound","damage_taken":0,"relics_obtained":["Golden Idol"],"max_hp_gain":0,"max_hp_loss":0,"event_name":"Golden Idol","floor":13,"gold_loss":0,"cards_obtained":["Injury"]},{"damage_healed":0,"gold_gain":0,"player_choice":"Searched \u00271\u0027 times","damage_taken":0,"relics_obtained":["Strawberry"],"max_hp_gain":0,"max_hp_loss":0,"event_name":"Dead Adventurer","floor":14,"gold_loss":0},{"damage_healed":0,"gold_gain":0,"player_choice":"Joined the Cult","damage_taken":6,"max_hp_gain":0,"max_hp_loss":0,"event_name":"Nest","floor":21,"gold_loss":0,"cards_obtained":["RitualDagger"]},{"damage_healed":0,"gold_gain":0,"player_choice":"Ignored","damage_taken":0,"max_hp_gain":0,"max_hp_loss":0,"event_name":"Beggar","floor":22,"gold_loss":0},{"damage_healed":0,"gold_gain":0,"player_choice":"Stole Relic","damage_taken":0,"relics_obtained":["Potion Belt"],"max_hp_gain":0,"max_hp_loss":0,"event_name":"Addict","floor":31,"gold_loss":0,"cards_obtained":["Shame"]}],"is_beta":true,"boss_relics":[{"not_picked":["Philosopher\u0027s Stone","Pandora\u0027s Box"],"picked":"Runic Pyramid"}],"items_purged_floors":[],"is_endless":false,"potions_floor_spawned":[3,12,16,18,20,25,28],"killed_by":"Collector","ascension_level":5}