{"gold_per_floor":[116,131,16,33,33,33,49,49,349,91,116,129,16,54,54,175,175,194,46,62,62,62,101,101,121,121,121,157,169,196,208,220,357,369,396,77,410,410,423,423,423],"floor_reached":41,"playtime":1596,"items_purged":[],"score":547,"play_id":"7b781212-58ec-459b-8c6f-e0f6b7e2c8f0","local_time":"20180914040047","is_ascension_mode":true,"campfire_choices":[{"data":"Sunder","floor":6,"key":"SMITH"},{"data":"Trip","floor":8,"key":"SMITH"},{"data":"Core Surge","floor":15,"key":"SMITH"},{"data":"Rip and Tear","floor":24,"key":"SMITH"},{"floor":27,"key":"REST"},{"floor":32,"key":"REST"},{"data":"Heatsinks","floor":40,"key":"SMITH"}],"neow_cost":"","seed_source_timestamp":605417175631539,"circlet_count":0,"master_deck":["Strike_B","Strike_B","Strike_B","Defend_B+1","Defend_B","Defend_B","Defend_B+1","Zap","Dualcast","Doom and Gloom","Gash+1","Trip+1","Sunder+1","Injury","Gash","Sunder+1","Gash","Sunder","Defragment","Core Surge+1","Core Surge","BootSequence","Static Discharge","Core Surge+1","Rip and Tear+1","Leap+1","Loop","Writhe","Consume","Pain","Creative AI","BootSequence+1","Heatsinks+1","Fusion+1"],"relics":["FrozenCore","Old Coin","Pear","Ginger","Whetstone","Orichalcum","War Paint","MawBank","Meat on the Bone","WarpedTongs","Nuclear Battery","Bottled Tornado"],"potions_floor_usage":[11,11,16,23,25,28,33],"damage_taken":[{"damage":5,"enemies":"Cultist","floor":1,"turns":4},{"damage":7,"enemies":"Small Slimes","floor":2,"turns":2},{"damage":0,"enemies":"2 Louse","floor":4,"turns":2},{"damage":0,"enemies":"Large Slime","floor":7,"turns":4},{"damage":0,"enemies":"Gremlin Gang","floor":11,"turns":3},{"damage":19,"enemies":"Exordium Wildlife","floor":12,"turns":2},{"damage":0,"enemies":"Gremlin Nob","floor":14,"turns":2},{"damage":51,"enemies":"The Guardian","floor":16,"turns":10},{"damage":18,"enemies":"Spheric Guardian","floor":18,"turns":4},{"damage":0,"enemies":"Chosen","floor":20,"turns":4},{"damage":14,"enemies":"Slavers","floor":23,"turns":4},{"damage":4,"enemies":"Sentry and Sphere","floor":25,"turns":4},{"damage":32,"enemies":"Gremlin Leader","floor":28,"turns":7},{"damage":17,"enemies":"Centurion and Healer","floor":30,"turns":7},{"damage":60,"enemies":"Collector","floor":33,"turns":8},{"damage":32,"enemies":"Orb Walker","floor":35,"turns":5},{"damage":10,"enemies":"3 Darklings","floor":39,"turns":8},{"damage":78,"enemies":"Giant Head","floor":41,"turns":7}],"seed_played":"-7034186617258786854","potions_obtained":[{"floor":2,"key":"Block Potion"},{"floor":7,"key":"PowerPotion"},{"floor":14,"key":"PowerPotion"},{"floor":20,"key":"FearPotion"},{"floor":23,"key":"Ancient Potion"},{"floor":25,"key":"Poison Potion"},{"floor":30,"key":"AttackPotion"}],"is_trial":false,"path_per_floor":["M","M","$","M","?","R","M","R","T","$","M","M","$","E","R","B",null,"M","$","M","?","?","E","R","M","T","R","E","?","M","?","R","B",null,"M","$","?","?","M","R"],"character_chosen":"DEFECT","items_purchased":["Gash","Trip","Pear","Sunder","Defragment","Whetstone","Bottled Tornado","Heatsinks"],"campfire_rested":2,"item_purchase_floors":[3,3,10,13,13,19,36,36],"current_hp_per_floor":[70,63,63,63,63,63,63,63,63,73,73,54,54,54,54,3,85,67,67,67,67,67,53,53,49,49,74,42,42,37,37,62,14,85,53,53,53,85,75,75,0],"gold":423,"neow_bonus":"","is_prod":false,"is_daily":false,"chose_seed":false,"campfire_upgraded":5,"win_rate":0,"timestamp":1536912047,"path_taken":["M","M","$","?","?","R","M","R","T","$","M","M","$","E","R","BOSS","M","$","?","?","?","E","R","?","T","R","E","?","M","?","R","BOSS","M","?","?","?","M","R","E"],"build_version":"2018-09-12","purchased_purges":0,"victory":false,"max_hp_per_floor":[75,75,75,75,75,75,75,75,75,85,85,85,85,85,85,85,85,85,85,85,85,85,85,85,85,85,85,85,85,85,85,85,85,85,85,85,85,85,85,85,85],"card_choices":[{"not_picked":["Stack","Scrape","Compile Driver"],"picked":"SKIP","floor":1},{"not_picked":["Storm","White Noise"],"picked":"Doom and Gloom","floor":2},{"not_picked":["Chaos","Stack"],"picked":"Sunder","floor":4},{"not_picked":["Sweeping Beam","Conserve Battery"],"picked":"Gash","floor":7},{"not_picked":["Scrape","Ball Lightning"],"picked":"Sunder","floor":11},{"not_picked":["Hologram","Stack"],"picked":"Gash","floor":12},{"not_picked":["Genetic Algorithm","Hologram"],"picked":"Core Surge","floor":14},{"not_picked":["Reboot","Thunder Strike"],"picked":"Core Surge","floor":16},{"not_picked":["Capacitor","Gash"],"picked":"BootSequence","floor":18},{"not_picked":["Reprogram+1","Go for the Eyes"],"picked":"Static Discharge","floor":20},{"not_picked":["FTL","Heatsinks"],"picked":"Rip and Tear","floor":23},{"not_picked":["Rip and Tear","Go for the Eyes"],"picked":"Leap+1","floor":25},{"not_picked":["Darkness","Fusion"],"picked":"Loop","floor":28},{"not_picked":["Conserve Battery","Hologram"],"picked":"Consume","floor":30},{"not_picked":["Multi-Cast","Buffer"],"picked":"Creative AI","floor":33},{"not_picked":["Scrape","Stack+1"],"picked":"BootSequence+1","floor":35},{"not_picked":["Darkness","Capacitor"],"picked":"Fusion+1","floor":39}],"player_experience":664869,"relics_obtained":[{"floor":9,"key":"Old Coin"},{"floor":14,"key":"Ginger"},{"floor":23,"key":"Orichalcum"},{"floor":26,"key":"War Paint"},{"floor":28,"key":"MawBank"}],"event_choices":[{"event_name":"Golden Idol","player_choice":"Take Wound","floor":5,"damage_taken":0},{"event_name":"Duplicator","player_choice":"One dupe","floor":21,"damage_taken":0},{"event_name":"Purifier","player_choice":"One Purge","floor":22,"damage_taken":0},{"event_name":"The Mausoleum","player_choice":"Yes","floor":29,"damage_taken":0},{"event_name":"Accursed Blacksmith","player_choice":"Rummage","floor":31,"damage_taken":0},{"event_name":"The Moai Head","player_choice":"Gave Idol","floor":37,"damage_taken":0},{"event_name":"Wheel of Change","player_choice":"Full Heal","floor":38,"damage_taken":0}],"is_beta":true,"boss_relics":[{"not_picked":["Pandora\u0027s Box","Black Star"],"picked":"FrozenCore"},{"not_picked":["White Beast Statue","Runic Dome"],"picked":"Nuclear Battery"}],"items_purged_floors":[],"is_endless":false,"potions_floor_spawned":[2,7,14,20,23,25,30],"killed_by":"Giant Head","ascension_level":3}