{"gold_per_floor":[113,124,35,210,210,210,210,210,285,325,325,360,374,417,417,546,546,559,104,122,122,122,122],"floor_reached":23,"playtime":875,"items_purged":[],"score":312,"play_id":"3fb175fb-bdaf-4b8e-8118-70cf7f5a5dc5","local_time":"20190706031620","is_ascension_mode":true,"campfire_choices":[{"floor":6,"key":"REST"},{"data":"Trip","floor":8,"key":"SMITH"},{"floor":11,"key":"REST"},{"floor":15,"key":"REST"}],"neow_cost":"PERCENT_DAMAGE","seed_source_timestamp":182061787020900,"circlet_count":0,"master_deck":["Strike_R","Strike_R","Strike_R","Defend_R","Defend_R","Defend_R","Defend_R","Bash","Demon Form+1","Shrug It Off","Dropkick","Trip+1","Doubt","Injury","Heavy Blade","Armaments+1","Mayhem","Thunderclap","Warcry"],"relics":["Burning Blood","Golden Idol","Paper Frog","Mango","Singing Bowl","Lantern","Black Star","Charon\u0027s Ashes","Nilry\u0027s Codex"],"potions_floor_usage":[10,12,14,18],"damage_taken":[{"damage":9,"enemies":"Jaw Worm","floor":1,"turns":4},{"damage":10,"enemies":"Small Slimes","floor":2,"turns":4},{"damage":50,"enemies":"Lagavulin","floor":10,"turns":6},{"damage":10,"enemies":"Gremlin Nob","floor":12,"turns":3},{"damage":10,"enemies":"2 Louse","floor":13,"turns":2},{"damage":7,"enemies":"Lagavulin","floor":14,"turns":4},{"damage":28,"enemies":"The Guardian","floor":16,"turns":6},{"damage":16,"enemies":"Chosen","floor":18,"turns":4},{"damage":24,"enemies":"Shell Parasite","floor":20,"turns":7},{"damage":59,"enemies":"Slavers","floor":23,"turns":3}],"seed_played":"-3434383226762919881","potions_obtained":[{"floor":1,"key":"Swift Potion"},{"floor":10,"key":"Swift Potion"},{"floor":13,"key":"Energy Potion"},{"floor":16,"key":"PowerPotion"}],"is_trial":false,"path_per_floor":["M","M","$","?","?","R","?","R","T","E","R","E","M","E","R","B",null,"M","$","M","?","?","E"],"character_chosen":"IRONCLAD","items_purchased":["Trip","Charon\u0027s Ashes","Mayhem"],"campfire_rested":3,"item_purchase_floors":[3,19,19],"current_hp_per_floor":[48,44,44,44,44,68,68,68,68,38,66,64,62,63,93,73,95,85,85,69,53,53,0],"gold":122,"neow_bonus":"THREE_RARE_CARDS","is_prod":false,"is_daily":false,"chose_seed":false,"campfire_upgraded":1,"win_rate":0,"timestamp":1562397380,"path_taken":["M","M","$","?","?","R","?","R","T","E","R","E","M","E","R","BOSS","M","$","M","?","?","E"],"build_version":"2019-07-03","purchased_purges":0,"victory":false,"max_hp_per_floor":[80,80,80,80,80,80,80,80,80,94,94,96,98,100,100,102,102,102,102,104,104,104,104],"card_choices":[{"not_picked":["Dark Embrace","Berserk"],"picked":"Demon Form","floor":0},{"not_picked":["Shockwave","Thunderclap"],"picked":"Shrug It Off","floor":1},{"not_picked":["Power Through","Iron Wave"],"picked":"Dropkick","floor":2},{"not_picked":["Second Wind","Flex"],"picked":"Heavy Blade","floor":10},{"not_picked":["Heavy Blade","Wild Strike","Havoc"],"picked":"Singing Bowl","floor":12},{"not_picked":["Infernal Blade","Heavy Blade","Thunderclap"],"picked":"Singing Bowl","floor":13},{"not_picked":["Combust","Burning Pact","Searing Blow"],"picked":"Singing Bowl","floor":14},{"not_picked":["Dark Embrace","Brutality","Juggernaut"],"picked":"Singing Bowl","floor":16},{"not_picked":["Warcry","Intimidate+1"],"picked":"Armaments+1","floor":18},{"not_picked":["Clothesline","Cleave","Flex"],"picked":"Singing Bowl","floor":20}],"player_experience":1199755,"relics_obtained":[{"floor":9,"key":"Paper Frog"},{"floor":10,"key":"Mango"},{"floor":12,"key":"Singing Bowl"},{"floor":14,"key":"Lantern"},{"floor":21,"key":"Nilry\u0027s Codex"}],"event_choices":[{"damage_healed":0,"gold_gain":175,"player_choice":"AGREE","damage_taken":0,"max_hp_gain":0,"max_hp_loss":0,"event_name":"Liars Game","floor":4,"gold_loss":0,"cards_obtained":["Doubt"]},{"damage_healed":0,"gold_gain":0,"player_choice":"Grow","damage_taken":0,"max_hp_gain":0,"max_hp_loss":0,"event_name":"Living Wall","floor":5,"gold_loss":0,"cards_upgraded":["Demon Form"]},{"damage_healed":0,"gold_gain":0,"player_choice":"Take Wound","damage_taken":0,"relics_obtained":["Golden Idol"],"max_hp_gain":0,"max_hp_loss":0,"event_name":"Golden Idol","floor":7,"gold_loss":0,"cards_obtained":["Injury"]},{"damage_healed":0,"gold_gain":0,"player_choice":"Obtained Book","damage_taken":16,"max_hp_gain":0,"max_hp_loss":0,"event_name":"Cursed Tome","floor":21,"gold_loss":0},{"damage_healed":0,"gold_gain":0,"cards_transformed":["Strike_R","Strike_R"],"player_choice":"Became Test Subject","damage_taken":0,"max_hp_gain":0,"max_hp_loss":0,"event_name":"Drug Dealer","floor":22,"gold_loss":0,"cards_obtained":["Thunderclap","Warcry"]}],"is_beta":true,"boss_relics":[{"not_picked":["Runic Dome","Philosopher\u0027s Stone"],"picked":"Black Star"}],"items_purged_floors":[],"is_endless":false,"potions_floor_spawned":[1,10,13,16],"killed_by":"Slavers","ascension_level":8}