{"path_per_floor":["M","?","M","M","M","R","?","R","T","R","M","M","$","M","R","B",null],"character_chosen":"DEFECT","items_purchased":["Cold Snap"],"gold_per_floor":[116,116,131,146,165,165,165,165,165,165,182,193,141,152,152,251,251,251],"floor_reached":18,"campfire_rested":2,"playtime":844,"current_hp_per_floor":[73,73,67,67,59,59,41,63,63,63,62,49,49,49,71,37,75,0],"items_purged":[],"gold":251,"score":154,"play_id":"a7155a12-3bf8-475a-8f7c-c8b21f3b0e48","local_time":"20180515014201","is_prod":false,"is_daily":false,"chose_seed":false,"is_ascension_mode":false,"campfire_upgraded":2,"timestamp":1526362921,"path_taken":["M","?","?","M","M","R","?","R","T","R","?","?","$","M","R","BOSS","M"],"build_version":"2018-05-12v2","seed_source_timestamp":125084987025934,"purchased_purges":0,"victory":false,"master_deck":["Zap+1","Dualcast","Defragment+1","Cold Snap+1","Capacitor","Beam Cell","Redo","Cold Snap","Melter","Melter","BootSequence","Beam Cell","Sweeping Beam","Genetic Algorithm","Steam","Streamline","Skim"],"max_hp_per_floor":[75,75,75,75,75,75,75,75,75,75,75,75,75,75,75,75,75,75],"relics":["Runic Dome","Shuriken","Lantern","Pandora\u0027s Box"],"card_choices":[{"not_picked":["Go for the Eyes","Rebound"],"picked":"Defragment","floor":1},{"not_picked":["Barrage","Stack"],"picked":"Cold Snap","floor":3},{"not_picked":["Sweeping Beam","Thunder Strike","Beam Cell"],"picked":"SKIP","floor":4},{"not_picked":["Turbo","Tempest"],"picked":"Capacitor","floor":5},{"not_picked":["Leap","Axe Kick"],"picked":"Beam Cell","floor":11},{"not_picked":["Rebound","Genetic Algorithm"],"picked":"Redo","floor":12},{"not_picked":["Auto Shields","Leap"],"picked":"Melter","floor":14}],"player_experience":255693,"potions_floor_usage":[12,14],"damage_taken":[{"damage":2,"enemies":"Small Slimes","floor":1,"turns":3},{"damage":6,"enemies":"Jaw Worm","floor":3,"turns":4},{"damage":0,"enemies":"Cultist","floor":4,"turns":4},{"damage":8,"enemies":"Looter","floor":5,"turns":3},{"damage":1,"enemies":"Exordium Wildlife","floor":11,"turns":4},{"damage":13,"enemies":"Red Slaver","floor":12,"turns":2},{"damage":0,"enemies":"Lots of Slimes","floor":14,"turns":3},{"damage":34,"enemies":"Slime Boss","floor":16,"turns":8},{"damage":86,"enemies":"Shell Parasite","floor":18,"turns":7}],"event_choices":[{"event_name":"Living Wall","player_choice":"Grow","floor":2,"damage_taken":0},{"event_name":"Scrap Ooze","player_choice":"success","floor":7,"damage_taken":18}],"boss_relics":[{"not_picked":["Snecko Eye","Velvet Choker"],"picked":"Pandora\u0027s Box"}],"potions_floor_spawned":[11,12,14],"seed_played":"-8337658621394158175","killed_by":"Shell Parasite","ascension_level":0,"is_trial":false}