{"gold_per_floor":[113,128,128,0,14,14,43,43,70,70,58,93,93,107,107,236,236,260,274,274,51,51,84,84,104,131,131,8,44,44,62,62,191,191,214,214,235,254,254],"floor_reached":39,"playtime":2839,"items_purged":[],"score":711,"play_id":"c260f2ab-7c0c-428e-914c-6065eaa1bc31","local_time":"20190605071832","is_ascension_mode":true,"campfire_choices":[{"data":"Barricade","floor":6,"key":"SMITH"},{"data":"Iron Wave","floor":8,"key":"SMITH"},{"floor":13,"key":"REST"},{"floor":15,"key":"REST"},{"data":"Rupture","floor":24,"key":"SMITH"},{"data":"Offering","floor":30,"key":"SMITH"},{"floor":32,"key":"REST"}],"neow_cost":"NONE","seed_source_timestamp":1256304096654500,"circlet_count":0,"master_deck":["Strike_R","Strike_R","Strike_R","Strike_R","Strike_R","Defend_R","Defend_R","Defend_R","Defend_R","Bash","Barricade+1","Armaments","Thunderclap","Corruption","Deep Breath","Armaments","Iron Wave+1","Injury","Evolve","Exhume","Sever Soul","Entrench","Headbutt","Demon Form","Second Wind","Fire Breathing","True Grit","Power Through","Headbutt","Body Slam+1","Flex","Infernal Blade","Dramatic Entrance","Reaper","Bandage Up","Shame","Rupture+1","Offering+1","Feel No Pain","Second Wind","Shockwave","Pommel Strike+1","Juggernaut","Exhume","Flame Barrier+1","Barricade+1","Iron Wave","Iron Wave+1"],"relics":["Burning Blood","Lantern","Pear","Dream Catcher","Golden Idol","Dead Branch","Orrery","The Courier","Oddly Smooth Stone","Regal Pillow","Anchor","Ornamental Fan","Snecko Eye"],"potions_floor_usage":[5,7,14,18,31,38,39],"damage_taken":[{"damage":8,"enemies":"Jaw Worm","floor":1,"turns":4},{"damage":8,"enemies":"2 Louse","floor":2,"turns":5},{"damage":12,"enemies":"Small Slimes","floor":5,"turns":7},{"damage":0,"enemies":"Lagavulin","floor":7,"turns":11},{"damage":17,"enemies":"Exordium Thugs","floor":11,"turns":6},{"damage":40,"enemies":"Gremlin Nob","floor":12,"turns":5},{"damage":26,"enemies":"Large Slime","floor":14,"turns":5},{"damage":3,"enemies":"The Guardian","floor":16,"turns":4},{"damage":14,"enemies":"Shell Parasite","floor":18,"turns":7},{"damage":6,"enemies":"3 Byrds","floor":19,"turns":4},{"damage":22,"enemies":"Book of Stabbing","floor":23,"turns":4},{"damage":16,"enemies":"Centurion and Healer","floor":25,"turns":9},{"damage":31,"enemies":"Gremlin Leader","floor":29,"turns":6},{"damage":6,"enemies":"Snecko","floor":31,"turns":3},{"damage":42,"enemies":"Automaton","floor":33,"turns":11},{"damage":21,"enemies":"3 Shapes","floor":35,"turns":5},{"damage":61,"enemies":"3 Darklings","floor":37,"turns":10},{"damage":19,"enemies":"Spire Growth","floor":38,"turns":3},{"damage":50,"enemies":"Transient","floor":39,"turns":3}],"seed_played":"2992976018410843227","potions_obtained":[{"floor":2,"key":"Swift Potion"},{"floor":5,"key":"Strength Potion"},{"floor":12,"key":"Fruit Juice"},{"floor":16,"key":"Weak Potion"},{"floor":29,"key":"GamblersBrew"},{"floor":37,"key":"Energy Potion"},{"floor":38,"key":"EssenceOfSteel"}],"is_trial":false,"path_per_floor":["M","M","?","$","M","R","E","R","T","?","M","E","R","M","R","B",null,"M","M","?","$","?","E","R","M","T","T","$","E","R","M","R","B",null,"M","?","M","M","M"],"character_chosen":"IRONCLAD","items_purchased":["Corruption","Deep Breath","Reaper","Bandage Up","Feel No Pain","Second Wind"],"campfire_rested":3,"item_purchase_floors":[4,4,21,21,28,28],"current_hp_per_floor":[78,76,64,64,58,58,74,74,74,74,63,29,56,41,69,72,89,81,81,81,81,81,69,69,63,63,63,63,58,58,58,95,69,89,80,80,25,12,0],"gold":254,"neow_bonus":"ONE_RANDOM_RARE_CARD","is_prod":false,"is_daily":false,"chose_seed":false,"campfire_upgraded":4,"win_rate":0,"timestamp":1559733512,"path_taken":["M","M","?","$","M","R","E","R","T","?","M","E","R","M","R","BOSS","M","M","?","?","?","E","R","M","T","?","$","E","R","M","R","BOSS","M","?","M","M","?"],"build_version":"2019-06-02","purchased_purges":0,"victory":false,"max_hp_per_floor":[80,80,80,80,80,80,90,90,90,90,90,90,90,95,95,95,95,95,95,95,95,95,95,95,95,95,95,95,95,95,95,95,95,95,95,95,95,95,95],"card_choices":[{"not_picked":["Warcry","Sentinel"],"picked":"Armaments","floor":1},{"not_picked":["Clothesline","Dropkick"],"picked":"Thunderclap","floor":2},{"not_picked":["Uppercut","Twin Strike"],"picked":"Armaments","floor":5},{"not_picked":["Battle Trance","Thunderclap"],"picked":"Iron Wave","floor":7},{"not_picked":["Twin Strike","Perfected Strike"],"picked":"Evolve","floor":11},{"not_picked":["Infernal Blade","Thunderclap"],"picked":"Exhume","floor":12},{"not_picked":["Battle Trance","Armaments"],"picked":"Sever Soul","floor":13},{"not_picked":["Dual Wield","True Grit"],"picked":"Entrench","floor":14},{"not_picked":["Anger","Sword Boomerang"],"picked":"Headbutt","floor":15},{"not_picked":["Bludgeon","Barricade"],"picked":"Demon Form","floor":16},{"not_picked":["Infernal Blade","Armaments"],"picked":"Second Wind","floor":17},{"not_picked":["Shockwave","Searing Blow"],"picked":"Fire Breathing","floor":17},{"not_picked":["Battle Trance","Twin Strike"],"picked":"True Grit","floor":17},{"not_picked":["Cleave","Headbutt"],"picked":"Power Through","floor":17},{"not_picked":["Twin Strike","Cleave"],"picked":"Headbutt","floor":17},{"not_picked":["Anger","Clash+1"],"picked":"Body Slam+1","floor":18},{"not_picked":["Pommel Strike","Inflame"],"picked":"Flex","floor":19},{"not_picked":["True Grit+1","Flex"],"picked":"Rupture","floor":23},{"not_picked":["Spot Weakness","Uppercut"],"picked":"Offering","floor":25},{"not_picked":["Perfected Strike","Heavy Blade"],"picked":"Shockwave","floor":29},{"not_picked":["Thunderclap","Clothesline+1"],"picked":"Pommel Strike+1","floor":31},{"not_picked":["Anger","Seeing Red+1"],"picked":"Juggernaut","floor":32},{"not_picked":["Bludgeon","Berserk"],"picked":"Exhume","floor":33},{"not_picked":["Carnage","Hemokinesis+1"],"picked":"Flame Barrier+1","floor":35},{"not_picked":["Whirlwind+1","Clash"],"picked":"Iron Wave","floor":37},{"not_picked":["Perfected Strike","Twin Strike"],"picked":"Iron Wave+1","floor":38}],"player_experience":968901,"relics_obtained":[{"floor":7,"key":"Pear"},{"floor":9,"key":"Dream Catcher"},{"floor":12,"key":"Dead Branch"},{"floor":23,"key":"Oddly Smooth Stone"},{"floor":26,"key":"Regal Pillow"},{"floor":27,"key":"Anchor"},{"floor":29,"key":"Ornamental Fan"}],"event_choices":[{"damage_healed":0,"gold_gain":0,"player_choice":"Success","damage_taken":12,"relics_obtained":["Lantern"],"max_hp_gain":0,"max_hp_loss":0,"event_name":"Scrap Ooze","floor":3,"gold_loss":0},{"damage_healed":0,"gold_gain":0,"player_choice":"Take Wound","damage_taken":0,"relics_obtained":["Golden Idol"],"max_hp_gain":0,"max_hp_loss":0,"event_name":"Golden Idol","floor":10,"gold_loss":0,"cards_obtained":["Injury"]},{"damage_healed":0,"gold_gain":0,"player_choice":"2 cards matched","damage_taken":0,"max_hp_gain":0,"max_hp_loss":0,"event_name":"Match and Keep!","floor":20,"gold_loss":0,"cards_obtained":["Infernal Blade","Dramatic Entrance"]},{"damage_healed":0,"gold_gain":0,"player_choice":"Stole Relic","damage_taken":0,"relics_obtained":["The Courier"],"max_hp_gain":0,"max_hp_loss":0,"event_name":"Addict","floor":22,"gold_loss":0,"cards_obtained":["Shame"]},{"damage_healed":0,"gold_gain":0,"player_choice":"Copied","damage_taken":0,"max_hp_gain":0,"max_hp_loss":0,"event_name":"Duplicator","floor":36,"gold_loss":0,"cards_obtained":["Barricade"]}],"is_beta":true,"boss_relics":[{"not_picked":["Velvet Choker","Philosopher\u0027s Stone"],"picked":"Orrery"},{"not_picked":["Coffee Dripper","White Beast Statue"],"picked":"Snecko Eye"}],"items_purged_floors":[],"is_endless":false,"potions_floor_spawned":[2,5,12,16,29,37,38],"killed_by":"Transient","ascension_level":5}