{"gold_per_floor":[109,120,139,153,169,169,200,200,245,245,200,220,230,262,262,363,363,382,382,382,322,337,337,350,375,445,445,36,52,62,73,73,178,178,193,207,12,22,22,22],"floor_reached":40,"playtime":4277,"items_purged":["Decay"],"score":422,"play_id":"f9ee6154-7f25-4fe5-9c4e-d7843fb6721f","local_time":"20190705030006","is_ascension_mode":false,"campfire_choices":[{"data":"White Noise","floor":6,"key":"SMITH"},{"data":"Loop","floor":8,"key":"SMITH"},{"data":"Zap","floor":10,"key":"SMITH"},{"floor":15,"key":"REST"},{"data":"Hologram","floor":23,"key":"SMITH"},{"floor":27,"key":"REST"},{"data":"Electrodynamics","floor":32,"key":"SMITH"}],"neow_cost":"NONE","seed_source_timestamp":747519277571660,"circlet_count":0,"master_deck":["Strike_B+1","Strike_B+1","Defend_B+1","Defend_B+1","Zap+1","Dualcast","Hello World","Cold Snap","Conserve Battery","Coolheaded","White Noise+1","Loop+1","Cold Snap","Gash","Conserve Battery","Self Repair","Electrodynamics+1","Gash+1","Chill","Darkness","Hologram+1","Blizzard+1","Self Repair","FTL","Hologram","Go for the Eyes","Cold Snap","Defragment+1","Ball Lightning+1","Rainbow","Parasite","Go for the Eyes","Compile Driver+1","Doom and Gloom+1"],"relics":["Cracked Core","Whetstone","Matryoshka","Oddly Smooth Stone","Vajra","Ancient Tea Set","Empty Cage","Nilry\u0027s Codex","War Paint","Orichalcum","Shuriken","Dodecahedron","Mummified Hand","Calling Bell","Smiling Mask","Darkstone Periapt","Thread and Needle","Lantern"],"potions_floor_usage":[14,16,16,25,25],"damage_taken":[{"damage":0,"enemies":"Cultist","floor":1,"turns":3},{"damage":7,"enemies":"Small Slimes","floor":2,"turns":3},{"damage":1,"enemies":"Jaw Worm","floor":3,"turns":4},{"damage":0,"enemies":"Blue Slaver","floor":4,"turns":5},{"damage":0,"enemies":"Red Slaver","floor":5,"turns":4},{"damage":18,"enemies":"3 Sentries","floor":7,"turns":7},{"damage":4,"enemies":"Looter","floor":12,"turns":3},{"damage":12,"enemies":"Lots of Slimes","floor":13,"turns":4},{"damage":2,"enemies":"Gremlin Nob","floor":14,"turns":4},{"damage":16,"enemies":"The Guardian","floor":16,"turns":12},{"damage":0,"enemies":"Chosen","floor":18,"turns":6},{"damage":7,"enemies":"3 Byrds","floor":22,"turns":5},{"damage":8,"enemies":"Snake Plant","floor":24,"turns":4},{"damage":37,"enemies":"Slavers","floor":25,"turns":6},{"damage":2,"enemies":"Centurion and Healer","floor":29,"turns":5},{"damage":10,"enemies":"Snecko","floor":30,"turns":7},{"damage":0,"enemies":"Sentry and Sphere","floor":31,"turns":5},{"damage":12,"enemies":"Collector","floor":33,"turns":8},{"damage":5,"enemies":"3 Darklings","floor":35,"turns":5},{"damage":5,"enemies":"Orb Walker","floor":36,"turns":4},{"damage":52,"enemies":"Jaw Worm Horde","floor":38,"turns":5},{"damage":59,"enemies":"Nemesis","floor":40,"turns":9}],"seed_played":"6395965188448745796","potions_obtained":[{"floor":1,"key":"PowerPotion"},{"floor":5,"key":"Dexterity Potion"},{"floor":13,"key":"Block Potion"},{"floor":16,"key":"Fire Potion"},{"floor":18,"key":"Regen Potion"},{"floor":25,"key":"SkillPotion"},{"floor":29,"key":"Strength Potion"},{"floor":30,"key":"Energy Potion"}],"is_trial":false,"path_per_floor":["M","M","M","M","M","R","E","R","T","R","$","M","M","E","R","B",null,"M","?","T","?","M","R","M","E","T","R","$","M","M","M","R","B",null,"M","M","$","M","?","E"],"character_chosen":"DEFECT","items_purchased":["Cold Snap","FTL","Mummified Hand","Hologram","Go for the Eyes","Lantern"],"campfire_rested":2,"item_purchase_floors":[11,28,28,28,28,37],"current_hp_per_floor":[75,68,67,67,67,67,49,49,49,49,49,45,33,31,53,44,75,75,59,59,59,59,59,51,36,36,58,58,70,67,75,75,70,75,75,75,75,37,37,0],"gold":22,"neow_bonus":"RANDOM_COMMON_RELIC","is_prod":false,"is_daily":false,"chose_seed":false,"campfire_upgraded":5,"win_rate":0.0,"timestamp":1562310006,"path_taken":["M","M","?","M","M","R","E","R","T","R","$","M","M","E","R","BOSS","M","?","?","?","M","R","M","E","T","R","$","M","M","?","R","BOSS","M","M","$","M","?","E"],"build_version":"2019-07-01","purchased_purges":1,"victory":false,"max_hp_per_floor":[75,75,75,75,75,75,75,75,75,75,75,75,75,75,75,75,75,75,75,75,75,75,75,75,75,75,75,75,75,75,75,75,75,75,75,75,75,75,75,75],"card_choices":[{"not_picked":["Doom and Gloom","Gash"],"picked":"Hello World","floor":1},{"not_picked":["Streamline","Force Field"],"picked":"Cold Snap","floor":2},{"not_picked":["Beam Cell","Heatsinks"],"picked":"Conserve Battery","floor":3},{"not_picked":["Thunder Strike","Gash"],"picked":"Coolheaded","floor":4},{"not_picked":["Chaos","Ball Lightning"],"picked":"White Noise","floor":5},{"not_picked":["Steam Power","Thunder Strike"],"picked":"Loop","floor":7},{"not_picked":["Sweeping Beam","Consume"],"picked":"Gash","floor":12},{"not_picked":["Beam Cell","Auto Shields"],"picked":"Conserve Battery","floor":13},{"not_picked":["Leap","Loop"],"picked":"Self Repair","floor":14},{"not_picked":["Machine Learning","Creative AI"],"picked":"Electrodynamics","floor":16},{"not_picked":["Conserve Battery","Hologram"],"picked":"Gash+1","floor":18},{"not_picked":["Steam","BootSequence"],"picked":"Hologram","floor":22},{"not_picked":["Turbo","Rebound+1"],"picked":"Blizzard+1","floor":24},{"not_picked":["Turbo","BootSequence+1"],"picked":"Self Repair","floor":25},{"not_picked":["Stack","Beam Cell"],"picked":"Cold Snap","floor":29},{"not_picked":["Gash","Fusion"],"picked":"Defragment+1","floor":30},{"not_picked":["Leap","Steam"],"picked":"Ball Lightning+1","floor":31},{"not_picked":["Amplify","Seek"],"picked":"Rainbow","floor":33},{"not_picked":["Scrape","Tempest+1"],"picked":"Go for the Eyes","floor":35},{"not_picked":["Reprogram","Redo"],"picked":"Compile Driver+1","floor":36},{"not_picked":["Melter+1","Compile Driver"],"picked":"Doom and Gloom+1","floor":38}],"player_experience":47610,"relics_obtained":[{"floor":7,"key":"Matryoshka"},{"floor":9,"key":"Oddly Smooth Stone"},{"floor":9,"key":"Vajra"},{"floor":14,"key":"Ancient Tea Set"},{"floor":19,"key":"Nilry\u0027s Codex"},{"floor":20,"key":"War Paint"},{"floor":20,"key":"Orichalcum"},{"floor":25,"key":"Shuriken"},{"floor":26,"key":"Dodecahedron"},{"floor":34,"key":"Smiling Mask"},{"floor":34,"key":"Darkstone Periapt"},{"floor":34,"key":"Thread and Needle"}],"event_choices":[{"damage_healed":0,"gold_gain":0,"player_choice":"Obtained Book","damage_taken":16,"max_hp_gain":0,"max_hp_loss":0,"event_name":"Cursed Tome","floor":19,"gold_loss":0},{"damage_healed":0,"gold_gain":0,"cards_transformed":["Strike_B","Defend_B"],"player_choice":"Transformed Cards","damage_taken":0,"max_hp_gain":0,"max_hp_loss":0,"event_name":"Designer","floor":21,"gold_loss":60,"cards_obtained":["Chill","Darkness"]},{"cards_removed":["Doubt"],"damage_healed":0,"gold_gain":0,"player_choice":"Purged","damage_taken":0,"max_hp_gain":0,"max_hp_loss":0,"event_name":"Purifier","floor":39,"gold_loss":0}],"is_beta":false,"boss_relics":[{"not_picked":["Runic Dome","Coffee Dripper"],"picked":"Empty Cage"},{"not_picked":["Runic Pyramid","Inserter"],"picked":"Calling Bell"}],"items_purged_floors":[37],"is_endless":false,"potions_floor_spawned":[1,5,13,16,18,25,29,30,35,36],"killed_by":"Nemesis","ascension_level":0}