{"gold_per_floor":[115,74,74,249,57,57,101,120,171,186,261,281,306,306,306,306],"floor_reached":16,"playtime":552,"items_purged":[],"score":150,"play_id":"0cf5a19b-3c89-4f07-9f8e-533ea8785da1","local_time":"20180724044212","daily_mods":["Draft"],"is_ascension_mode":false,"campfire_choices":[{"data":"Bloodletting","floor":6,"key":"SMITH"},{"floor":15,"key":"REST"}],"neow_cost":"","seed_source_timestamp":0,"circlet_count":0,"master_deck":["Iron Wave","Bloodletting","Dual Wield","Cleave","Feel No Pain","Bloodletting+1","Rupture","Seeing Red","Infernal Blade","Whirlwind","Iron Wave","Dual Wield","Rupture","Power Through","Body Slam","Fire Breathing","Corruption","Injury","Doubt","Ghostly Armor","True Grit","Impervious","Dual Wield","Thunderclap"],"relics":["Burning Blood","Golden Idol","HandDrill","Blood Vial","Pen Nib"],"potions_floor_usage":[7,12,13],"damage_taken":[{"damage":6,"enemies":"Cultist","floor":1,"turns":3},{"damage":35,"enemies":"Gremlin Nob","floor":7,"turns":5},{"damage":15,"enemies":"2 Louse","floor":8,"turns":4},{"damage":11,"enemies":"Small Slimes","floor":10,"turns":6},{"damage":0,"enemies":"Gremlin Gang","floor":12,"turns":1},{"damage":10,"enemies":"2 Fungi Beasts","floor":13,"turns":3},{"damage":64,"enemies":"Hexaghost","floor":16,"turns":9}],"seed_played":"-275047264353896433","potions_obtained":[{"floor":1,"key":"LiquidBronze"},{"floor":8,"key":"SteroidPotion"},{"floor":10,"key":"Weak Potion"}],"is_trial":true,"path_per_floor":["M","$","?","?","$","R","E","M","T","M","?","M","M","?","R"],"character_chosen":"IRONCLAD","items_purchased":["Corruption","HandDrill"],"campfire_rested":1,"item_purchase_floors":[2,5],"current_hp_per_floor":[80,80,80,80,80,80,51,44,44,41,30,38,36,36,60,0],"gold":306,"neow_bonus":"","is_prod":false,"is_daily":false,"chose_seed":false,"campfire_upgraded":1,"win_rate":0,"timestamp":1532421732,"path_taken":["M","?","?","?","$","R","E","M","T","?","?","M","M","?","R","BOSS"],"build_version":"2018-07-23","purchased_purges":0,"victory":false,"max_hp_per_floor":[80,80,80,80,80,80,80,80,80,80,80,80,80,80,80,80],"card_choices":[{"not_picked":["Searing Blow","Shrug It Off"],"picked":"Iron Wave","floor":0},{"not_picked":["Thunderclap","Sentinel"],"picked":"Bloodletting","floor":0},{"not_picked":["Ghostly Armor","Sword Boomerang"],"picked":"Dual Wield","floor":0},{"not_picked":["Rage","Perfected Strike"],"picked":"Cleave","floor":0},{"not_picked":["Twin Strike","Disarm"],"picked":"Feel No Pain","floor":0},{"not_picked":["Wild Strike","Pommel Strike"],"picked":"Bloodletting","floor":0},{"not_picked":["Wild Strike","Pommel Strike"],"picked":"Rupture","floor":0},{"not_picked":["Anger","Iron Wave"],"picked":"Seeing Red","floor":0},{"not_picked":["Burning Pact","Twin Strike"],"picked":"Infernal Blade","floor":0},{"not_picked":["Cleave","Flex"],"picked":"Whirlwind","floor":0},{"not_picked":["Cleave","Second Wind"],"picked":"Iron Wave","floor":0},{"not_picked":["Second Wind","Perfected Strike"],"picked":"Dual Wield","floor":0},{"not_picked":["Sword Boomerang","Flex"],"picked":"Rupture","floor":0},{"not_picked":["Armaments","Body Slam"],"picked":"Power Through","floor":0},{"not_picked":["Twin Strike","True Grit"],"picked":"Body Slam","floor":0},{"not_picked":["Flex","Clash"],"picked":"Fire Breathing","floor":1},{"not_picked":["Rampage","Sword Boomerang"],"picked":"Ghostly Armor","floor":7},{"not_picked":["Clothesline","Thunderclap"],"picked":"True Grit","floor":8},{"not_picked":["Flame Barrier","Clothesline"],"picked":"Impervious","floor":10},{"not_picked":["True Grit","Twin Strike"],"picked":"Dual Wield","floor":12},{"not_picked":["Perfected Strike","Shrug It Off"],"picked":"Fire Breathing","floor":13}],"player_experience":489517,"relics_obtained":[{"floor":7,"key":"Blood Vial"},{"floor":9,"key":"Pen Nib"}],"event_choices":[{"event_name":"Golden Idol","player_choice":"Take Wound","floor":3,"damage_taken":0},{"event_name":"Liars Game","player_choice":"agreed","floor":4,"damage_taken":0},{"event_name":"World of Goop","player_choice":"Gather Gold","floor":11,"damage_taken":0},{"event_name":"Living Wall","player_choice":"Change","floor":14,"damage_taken":0}],"is_beta":true,"boss_relics":[],"items_purged_floors":[],"is_endless":true,"potions_floor_spawned":[1,8,10],"killed_by":"Hexaghost","ascension_level":0}