{"gold_per_floor":[114,114,1,12,12,47,47,73,73,73,73,73,88,16,16,120,120,140,140,55,74,74,74,108,108,108,108,108,127,127,139,139,139],"floor_reached":33,"playtime":973,"items_purged":[],"score":368,"play_id":"8fe4a6f0-5d56-4da5-a3f2-ddb7f2bd4a8f","local_time":"20190617025514","is_ascension_mode":true,"campfire_choices":[{"floor":7,"key":"RECALL"},{"floor":10,"key":"REST"},{"floor":12,"key":"REST"},{"data":"Defragment","floor":15,"key":"SMITH"},{"floor":23,"key":"REST"},{"floor":25,"key":"REST"},{"data":"Core Surge","floor":27,"key":"SMITH"},{"floor":32,"key":"REST"}],"neow_cost":"NONE","seed_source_timestamp":203631241314000,"circlet_count":0,"master_deck":["Strike_B","Defend_B","Defend_B","Zap","Dualcast","Defragment","Static Discharge","Fusion","Capacitor","BootSequence","Conserve Battery","Gash","Defragment+1","Core Surge+1","Barrage","Leap","Biased Cognition","Sunder","Loop","Leap+1","Writhe","Chaos","Conserve Battery+1"],"relics":["Cracked Core","NeowsBlessing","Ice Cream","Mercury Hourglass","Torii","Cursed Key","Vajra","Centennial Puzzle","Juzu Bracelet","Orichalcum"],"potions_floor_usage":[8,8,8,16,24],"damage_taken":[{"damage":0,"enemies":"Small Slimes","floor":1,"turns":1},{"damage":0,"enemies":"Cultist","floor":4,"turns":1},{"damage":0,"enemies":"Lagavulin","floor":6,"turns":1},{"damage":39,"enemies":"3 Sentries","floor":8,"turns":9},{"damage":0,"enemies":"Jaw Worm","floor":13,"turns":2},{"damage":4,"enemies":"The Guardian","floor":16,"turns":8},{"damage":16,"enemies":"3 Byrds","floor":18,"turns":4},{"damage":19,"enemies":"Spheric Guardian","floor":21,"turns":4},{"damage":23,"enemies":"Book of Stabbing","floor":24,"turns":4},{"damage":7,"enemies":"Centurion and Healer","floor":29,"turns":7},{"damage":24,"enemies":"Shelled Parasite and Fungi","floor":31,"turns":5},{"damage":62,"enemies":"Automaton","floor":33,"turns":6}],"seed_played":"817589254676933590","potions_obtained":[{"floor":1,"key":"Fire Potion"},{"floor":4,"key":"SpeedPotion"},{"floor":6,"key":"AttackPotion"},{"floor":13,"key":"Fire Potion"},{"floor":18,"key":"SpeedPotion"}],"is_trial":false,"path_per_floor":["M","?","$","M","$","E","R","E","T","R","?","R","M","$","R","B",null,"M","?","?","M","?","R","E","R","T","R","?","M","?","M","R","B"],"character_chosen":"DEFECT","items_purchased":["Static Discharge","Fusion","Defragment"],"campfire_rested":5,"item_purchase_floors":[3,3,14],"current_hp_per_floor":[75,75,75,75,75,75,75,36,36,58,51,73,73,73,73,69,74,58,58,58,39,39,61,38,60,60,60,60,53,53,29,51,0],"gold":139,"neow_bonus":"THREE_ENEMY_KILL","is_prod":false,"is_daily":false,"chose_seed":false,"campfire_upgraded":2,"win_rate":0,"timestamp":1560754514,"path_taken":["M","?","$","?","$","E","R","E","T","R","?","R","M","$","R","BOSS","M","?","?","M","?","R","E","R","T","R","?","M","?","M","R","BOSS"],"build_version":"2019-06-13","purchased_purges":0,"victory":false,"max_hp_per_floor":[75,75,75,75,75,75,75,75,75,75,75,75,75,75,75,75,75,75,75,75,75,75,75,75,75,75,75,75,75,75,75,75,75],"card_choices":[{"not_picked":["Beam Cell","Sweeping Beam"],"picked":"Defragment","floor":1},{"not_picked":["Reprogram","Reinforced Body"],"picked":"Capacitor","floor":4},{"not_picked":["FTL","Leap"],"picked":"BootSequence","floor":6},{"not_picked":["Beam Cell","Lockon"],"picked":"Conserve Battery","floor":8},{"not_picked":["Sunder","Ball Lightning"],"picked":"Gash","floor":13},{"not_picked":["Hyperbeam","Thunder Strike"],"picked":"Core Surge","floor":16},{"not_picked":["Coolheaded","Ball Lightning+1"],"picked":"Barrage","floor":18},{"not_picked":["Ball Lightning","Cold Snap+1"],"picked":"Sunder","floor":21},{"not_picked":["Seek","Undo+1"],"picked":"Leap+1","floor":24},{"not_picked":["Coolheaded+1","Sweeping Beam"],"picked":"Chaos","floor":29},{"not_picked":["Rip and Tear","Redo"],"picked":"Conserve Battery+1","floor":31}],"player_experience":1063396,"relics_obtained":[{"floor":6,"key":"Ice Cream"},{"floor":8,"key":"Mercury Hourglass"},{"floor":9,"key":"Torii"},{"floor":24,"key":"Centennial Puzzle"},{"floor":26,"key":"Juzu Bracelet"}],"event_choices":[{"cards_removed":["Strike_B"],"damage_healed":0,"gold_gain":0,"player_choice":"Offered Basic","damage_taken":0,"max_hp_gain":0,"max_hp_loss":0,"event_name":"Bonfire Elementals","floor":2,"gold_loss":0},{"cards_removed":["Defend_B"],"damage_healed":0,"gold_gain":0,"player_choice":"Card Removal","damage_taken":7,"max_hp_gain":0,"max_hp_loss":0,"event_name":"Golden Wing","floor":11,"gold_loss":0},{"damage_healed":0,"gold_gain":0,"cards_transformed":["Strike_B","Defend_B"],"player_choice":"Became Test Subject","damage_taken":0,"max_hp_gain":0,"max_hp_loss":0,"event_name":"Drug Dealer","floor":19,"gold_loss":0,"cards_obtained":["Leap","Biased Cognition"]},{"damage_healed":0,"gold_gain":0,"player_choice":"Obtained Relic","damage_taken":0,"relics_obtained":["Vajra"],"max_hp_gain":0,"max_hp_loss":0,"event_name":"Addict","floor":20,"gold_loss":85},{"damage_healed":0,"gold_gain":0,"cards_transformed":["Strike_B"],"player_choice":"Transformed","damage_taken":0,"max_hp_gain":0,"max_hp_loss":0,"event_name":"Transmorgrifier","floor":22,"gold_loss":0,"cards_obtained":["Loop"]},{"damage_healed":0,"gold_gain":0,"player_choice":"Opened","damage_taken":0,"relics_obtained":["Orichalcum"],"max_hp_gain":0,"max_hp_loss":0,"event_name":"The Mausoleum","floor":28,"gold_loss":0,"cards_obtained":["Writhe"]},{"cards_removed":["Normality"],"damage_healed":0,"gold_gain":0,"player_choice":"Elegance","damage_taken":0,"max_hp_gain":0,"max_hp_loss":0,"event_name":"Back to Basics","floor":30,"gold_loss":0}],"is_beta":true,"boss_relics":[{"not_picked":["Busted Crown","Runic Pyramid"],"picked":"Cursed Key"}],"items_purged_floors":[],"is_endless":false,"potions_floor_spawned":[1,4,6,13,18],"killed_by":"Automaton","ascension_level":5}