{"gold_per_floor":[109,126,126,126,139,139,171,171,171,171,184,210,84,125,125,223,223,243,268,169,184,184],"floor_reached":22,"playtime":1024,"items_purged":["Strike_R"],"score":388,"play_id":"d5270fa8-af6b-445c-b7c7-df16f336d406","local_time":"20190529191546","is_ascension_mode":true,"campfire_choices":[{"data":"Pommel Strike","floor":6.0,"key":"SMITH"},{"data":"True Grit","floor":8.0,"key":"SMITH"},{"data":"Clothesline","floor":15.0,"key":"SMITH"}],"neow_cost":"NONE","seed_source_timestamp":1268057677900349,"circlet_count":0,"master_deck":["AscendersBane","Bash","Pommel Strike+1","Battle Trance","True Grit+1","Anger","Clothesline+1","Ghostly Armor","Reaper","Double Tap","Limit Break","Fiend Fire","Ghostly Armor","Armaments","Evolve","Sentinel","Shrug It Off","Limit Break","Disarm","Shrug It Off"],"special_seed":0,"relics":["Burning Blood","Dodecahedron","The Courier","Golden Idol","Odd Mushroom","Mango","Pandora\u0027s Box"],"potions_floor_usage":[16,16,21],"damage_taken":[{"damage":8.0,"enemies":"2 Louse","floor":1.0,"turns":3.0},{"damage":5.0,"enemies":"Small Slimes","floor":2.0,"turns":3.0},{"damage":7.0,"enemies":"Jaw Worm","floor":5.0,"turns":3.0},{"damage":30.0,"enemies":"3 Sentries","floor":7.0,"turns":7.0},{"damage":3.0,"enemies":"3 Louse","floor":11.0,"turns":5.0},{"damage":8.0,"enemies":"The Mushroom Lair","floor":12.0,"turns":4.0},{"damage":42.0,"enemies":"Gremlin Nob","floor":14.0,"turns":5.0},{"damage":36,"enemies":"Hexaghost","floor":16,"turns":11},{"damage":2,"enemies":"Chosen","floor":18,"turns":4},{"damage":27,"enemies":"3 Byrds","floor":19,"turns":7},{"damage":52,"enemies":"Centurion and Healer","floor":21,"turns":14},{"damage":33,"enemies":"Snake Plant","floor":22,"turns":5}],"seed_played":"2457522260042737240","potions_obtained":[{"floor":1.0,"key":"Explosive Potion"},{"floor":2.0,"key":"Fire Potion"},{"floor":7.0,"key":"FearPotion"},{"floor":12.0,"key":"LiquidBronze"},{"floor":16,"key":"Swift Potion"},{"floor":19,"key":"Regen Potion"}],"is_trial":false,"path_per_floor":["M","M","?","?","M","R","E","R","T","?","M","?","$","E","R","B",null,"M","M","$","M","M"],"character_chosen":"IRONCLAD","items_purchased":["Reaper","Disarm","Shrug It Off"],"campfire_rested":0,"item_purchase_floors":[13,20,20],"current_hp_per_floor":[73,74,79,72,71,71,47,47,47,47,50,48,48,32,32,8,72,79,58,58,33,0],"gold":184,"neow_bonus":"TEN_PERCENT_HP_BONUS","is_prod":false,"is_daily":false,"chose_seed":false,"campfire_upgraded":3,"win_rate":0,"timestamp":1559182546,"path_taken":["M","M","?","?","M","R","E","R","T","?","M","?","$","E","R","BOSS","M","M","$","M","M"],"build_version":"2019-01-23","purchased_purges":1,"victory":false,"max_hp_per_floor":[82,82,87,87,87,87,87,87,87,79,79,79,79,93,93,93,93,93,93,93,93,93],"card_choices":[{"not_picked":["Entrench","Armaments"],"picked":"Pommel Strike","floor":1.0},{"not_picked":["Havoc","Wild Strike"],"picked":"Battle Trance","floor":2.0},{"not_picked":["Ghostly Armor","Sentinel"],"picked":"True Grit","floor":5.0},{"not_picked":["Iron Wave","Juggernaut"],"picked":"Anger","floor":7.0},{"not_picked":["Havoc","Sentinel"],"picked":"Clothesline","floor":11.0},{"not_picked":["Corruption","Anger"],"picked":"Ghostly Armor","floor":12.0},{"not_picked":["Carnage","Iron Wave"],"picked":"Double Tap","floor":14.0},{"not_picked":["Brutality","Offering"],"picked":"Limit Break","floor":16},{"not_picked":["Body Slam","Anger","Iron Wave"],"picked":"SKIP","floor":18},{"not_picked":["Ghostly Armor","Power Through","Blood for Blood"],"picked":"SKIP","floor":19},{"not_picked":["Perfected Strike","Bloodletting","Infernal Blade"],"picked":"SKIP","floor":21}],"player_experience":747382,"relics_obtained":[{"floor":7.0,"key":"Dodecahedron"},{"floor":9.0,"key":"The Courier"},{"floor":12.0,"key":"Odd Mushroom"},{"floor":14.0,"key":"Mango"}],"event_choices":[{"damage_healed":0.0,"max_hp_gain":5.0,"max_hp_loss":0.0,"gold_gain":0.0,"event_name":"Big Fish","player_choice":"Donut","floor":3.0,"gold_loss":0.0,"damage_taken":0.0},{"cards_removed":["Strike_R"],"damage_healed":0.0,"max_hp_gain":0.0,"max_hp_loss":0.0,"gold_gain":0.0,"event_name":"Golden Wing","player_choice":"Card Removal","floor":4.0,"gold_loss":0.0,"damage_taken":7.0},{"damage_healed":0.0,"max_hp_gain":0.0,"max_hp_loss":8.0,"gold_gain":0.0,"event_name":"Golden Idol","player_choice":"Lose Max HP","floor":10.0,"gold_loss":0.0,"damage_taken":0.0,"relics_obtained":["Golden Idol"]},{"damage_healed":0.0,"max_hp_gain":0.0,"max_hp_loss":0.0,"gold_gain":0.0,"event_name":"Mushrooms","player_choice":"Fought Mushrooms","floor":12.0,"gold_loss":0.0,"damage_taken":0.0}],"is_beta":false,"boss_relics":[{"not_picked":["Eternal Feather","Runic Cube"],"picked":"Pandora\u0027s Box"}],"items_purged_floors":[13],"is_endless":false,"potions_floor_spawned":[1,2,7,12,16,19],"killed_by":"Snake Plant","ascension_level":20}