{"gold_per_floor":[113,124,144,156,156,189,189,206,206,234,234],"floor_reached":11,"playtime":431,"items_purged":[],"score":170,"play_id":"8b878892-85d0-4041-9c97-873dea666e51","local_time":"20190529201159","is_ascension_mode":true,"campfire_choices":[{"floor":7,"key":"REST"}],"neow_cost":"NONE","seed_source_timestamp":1272034591092502,"circlet_count":0,"master_deck":["AscendersBane","Defend_G","Defend_G","Defend_G","Defend_G","Defend_G","Strike_G","Strike_G","Strike_G","Strike_G","Strike_G","Survivor","Neutralize","Quick Slash","Dagger Spray+1","Bouncing Flask","Flying Knee","Deflect","Wraith Form v2"],"special_seed":0,"relics":["Ring of the Snake","Smiling Mask","Snake Skull","The Courier","Blue Candle"],"potions_floor_usage":[6,10],"damage_taken":[{"damage":2.0,"enemies":"Cultist","floor":1.0,"turns":5.0},{"damage":0.0,"enemies":"2 Louse","floor":2.0,"turns":4.0},{"damage":3.0,"enemies":"Jaw Worm","floor":3.0,"turns":4.0},{"damage":23.0,"enemies":"Large Slime","floor":4.0,"turns":8.0},{"damage":24,"enemies":"Gremlin Nob","floor":6,"turns":4},{"damage":5,"enemies":"Red Slaver","floor":8,"turns":4},{"damage":12,"enemies":"Lagavulin","floor":10,"turns":5},{"damage":11,"enemies":"Gremlin Gang","floor":11,"turns":2}],"seed_played":"-514484995132954185","potions_obtained":[{"floor":2.0,"key":"GhostInAJar"},{"floor":3.0,"key":"Block Potion"},{"floor":6,"key":"PowerPotion"}],"is_trial":false,"path_per_floor":["M","M","M","M","?","E","R","M","T","E","M"],"character_chosen":"THE_SILENT","items_purchased":[],"campfire_rested":1,"item_purchase_floors":[],"current_hp_per_floor":[57,57,54,31,31,7,26,21,21,9,0],"gold":234,"neow_bonus":"RANDOM_COMMON_RELIC","is_prod":false,"is_daily":false,"chose_seed":false,"campfire_upgraded":0,"win_rate":0,"timestamp":1559185919,"path_taken":["M","M","M","M","?","E","R","M","T","E","M"],"build_version":"2019-01-23","purchased_purges":0,"victory":false,"max_hp_per_floor":[66,66,66,66,66,66,66,66,66,66,66],"card_choices":[{"not_picked":["PiercingWail","Blade Dance"],"picked":"Quick Slash","floor":1.0},{"not_picked":["Eviscerate","Accuracy"],"picked":"Dagger Spray","floor":2.0},{"not_picked":["Choke","Cloak And Dagger"],"picked":"Bouncing Flask","floor":3.0},{"not_picked":["Cloak And Dagger","Prepared"],"picked":"Flying Knee","floor":4.0},{"not_picked":["Bane","Flechettes","Outmaneuver"],"picked":"SKIP","floor":6},{"not_picked":["Quick Slash","Slice"],"picked":"Deflect","floor":8},{"not_picked":["Poisoned Stab","Deflect"],"picked":"Wraith Form v2","floor":10}],"player_experience":749288,"relics_obtained":[{"floor":6,"key":"Snake Skull"},{"floor":9,"key":"The Courier"},{"floor":10,"key":"Blue Candle"}],"event_choices":[{"damage_healed":0.0,"max_hp_gain":0.0,"max_hp_loss":0.0,"gold_gain":0.0,"event_name":"Living Wall","player_choice":"Grow","floor":5.0,"gold_loss":0.0,"damage_taken":0.0,"cards_upgraded":["Dagger Spray"]}],"is_beta":false,"boss_relics":[],"items_purged_floors":[],"is_endless":false,"potions_floor_spawned":[2,3,4,6],"killed_by":"Gremlin Gang","ascension_level":20}