{"gold_per_floor":[114,47,62,27,77,77,38,38,38,53,68,83,11,41,41,41],"floor_reached":16,"playtime":455,"items_purged":[],"score":225,"play_id":"3f2c1dab-579e-4e43-92d5-ae9e267f514f","local_time":"20180703005051","daily_mods":["Specialized","Lethality","Hoarder"],"is_ascension_mode":false,"campfire_choices":[{"data":"Strike_G","floor":15,"key":"SMITH"}],"neow_cost":"","seed_source_timestamp":89678157983207,"circlet_count":0,"master_deck":["Defend_G","Defend_G","Defend_G","Defend_G","Defend_G","Strike_G","Strike_G","Strike_G","Strike_G+1","Survivor","Neutralize+1","Phantasmal Killer","Phantasmal Killer","Phantasmal Killer","Phantasmal Killer","Phantasmal Killer","Phantasmal Killer","Phantasmal Killer","Phantasmal Killer","Phantasmal Killer","Phantasmal Killer","Phantasmal Killer","Phantasmal Killer","Phantasmal Killer","Phantasmal Killer","Phantasmal Killer","Slice","Slice+1","Slice","Blade Dance","Blade Dance","Blade Dance","Escape Plan","Escape Plan","Escape Plan","Accuracy","Accuracy","Accuracy","Quick Slash","Quick Slash","Quick Slash","Acrobatics","Acrobatics","Acrobatics","Calculated Gamble","Calculated Gamble","Calculated Gamble","Accuracy","Accuracy","Accuracy","Dagger Spray","Dagger Spray","Dagger Spray"],"special_seed":17715,"relics":["Ring of the Snake","Whetstone","Paper Crane","Snake Skull"],"potions_floor_usage":[11,14,16],"damage_taken":[{"damage":8,"enemies":"Small Slimes","floor":1,"turns":4},{"damage":0,"enemies":"Cultist","floor":3,"turns":2},{"damage":10,"enemies":"Jaw Worm","floor":10,"turns":5},{"damage":0,"enemies":"Large Slime","floor":11,"turns":3},{"damage":0,"enemies":"2 Fungi Beasts","floor":12,"turns":2},{"damage":0,"enemies":"Lagavulin","floor":14,"turns":3},{"damage":69,"enemies":"The Guardian","floor":16,"turns":8}],"seed_played":"-5295216616361332357","potions_obtained":[{"floor":3,"key":"Poison Potion"},{"floor":11,"key":"Strength Potion"},{"floor":12,"key":"SkillPotion"}],"is_trial":false,"path_per_floor":["M","$","M","?","T","?","$","?","T","M","M","M","$","E","R"],"character_chosen":"THE_SILENT","items_purchased":["Blade Dance","Accuracy","Accuracy"],"campfire_rested":0,"item_purchase_floors":[2,7,13],"current_hp_per_floor":[62,62,62,70,70,75,75,75,75,65,65,65,65,65,65,0],"gold":41,"neow_bonus":"","is_prod":false,"is_daily":true,"chose_seed":false,"campfire_upgraded":1,"win_rate":0,"timestamp":1530593451,"path_taken":["M","$","M","?","?","?","?","?","T","M","M","?","$","E","R","BOSS"],"build_version":"2018-06-29","purchased_purges":0,"victory":false,"max_hp_per_floor":[70,70,70,70,70,75,75,75,75,75,75,75,75,75,75,75],"card_choices":[{"not_picked":["Endless Agony","Backflip"],"picked":"Slice","floor":1},{"not_picked":["Catalyst","Prepared"],"picked":"Escape Plan","floor":3},{"not_picked":["Deadly Poison","Dagger Throw"],"picked":"Acrobatics","floor":10},{"not_picked":["Backflip","Masterful Stab"],"picked":"Calculated Gamble","floor":11},{"not_picked":["Dodge and Roll","Bouncing Flask","Backflip"],"picked":"SKIP","floor":12},{"not_picked":["Catalyst","Quick Slash"],"picked":"Dagger Spray","floor":14}],"player_experience":371479,"relics_obtained":[{"floor":5,"key":"Whetstone"},{"floor":9,"key":"Paper Crane"},{"floor":14,"key":"Snake Skull"}],"event_choices":[{"event_name":"The Cleric","player_choice":"Healed","floor":4,"damage_taken":0},{"event_name":"Big Fish","player_choice":"Donut","floor":6,"damage_taken":0},{"event_name":"Living Wall","player_choice":"Change","floor":8,"damage_taken":0}],"boss_relics":[],"items_purged_floors":[],"is_endless":false,"potions_floor_spawned":[3,11,12],"killed_by":"The Guardian","ascension_level":0}