{"gold_per_floor":[118,138,150,169,188,215,215,250,276,289,318,331,29,46,46,143,143,163,163,181,181,181,181,198,223,223,240,251,261,261,13,13,109,109,125,0,18,38,38,51,51,78,78,113,133,147,172,191,191,191,191,191,47,77,77],"floor_reached":56,"playtime":2477,"items_purged":["Strike_R","Writhe","Strike_R"],"score":1389,"play_id":"d1302951-0ef2-442e-a1ca-37e225398bf2","local_time":"20181225212904","is_ascension_mode":true,"campfire_choices":[{"data":"Bash","floor":7.0,"key":"SMITH"},{"data":"Limit Break","floor":15.0,"key":"SMITH"},{"data":"Fiend Fire","floor":23,"key":"SMITH"},{"floor":32,"key":"RECALL"},{"data":"Shockwave","floor":41,"key":"SMITH"},{"data":"Battle Trance","floor":49,"key":"SMITH"},{"data":"Spot Weakness","floor":52,"key":"SMITH"}],"neow_cost":"NONE","seed_source_timestamp":489588495250056,"circlet_count":0,"master_deck":["Strike_R","Defend_R","Defend_R","Defend_R","Defend_R","Bash+1","Metallicize","Pummel","Shrug It Off","Anger","Headbutt","Spot Weakness+1","Pommel Strike","Limit Break+1","Battle Trance+1","Shrug It Off","Fiend Fire+1","Spot Weakness","Clothesline+1","Shockwave+1","Metallicize+1","Reaper","Offering","Pummel+1","Flame Barrier+1","Shrug It Off+1"],"special_seed":0,"relics":["Burning Blood","Centennial Puzzle","Boot","Strawberry","Anchor","Oddly Smooth Stone","Velvet Choker","MutagenicStrength","Bag of Preparation","Gremlin Horn","Happy Flower","Bronze Scales","Runic Cube","Meat on the Bone","Bag of Marbles","Art of War","Vajra","Bottled Tornado"],"potions_floor_usage":[25,55,55,55],"damage_taken":[{"damage":4.0,"enemies":"2 Louse","floor":1.0,"turns":4.0},{"damage":9.0,"enemies":"Jaw Worm","floor":2.0,"turns":5.0},{"damage":3.0,"enemies":"Cultist","floor":3.0,"turns":4.0},{"damage":5.0,"enemies":"2 Fungi Beasts","floor":4.0,"turns":5.0},{"damage":23.0,"enemies":"Exordium Wildlife","floor":5.0,"turns":6.0},{"damage":14.0,"enemies":"3 Sentries","floor":6.0,"turns":6.0},{"damage":19.0,"enemies":"Gremlin Nob","floor":8.0,"turns":4.0},{"damage":3.0,"enemies":"Large Slime","floor":10.0,"turns":3.0},{"damage":12.0,"enemies":"3 Sentries","floor":11.0,"turns":6.0},{"damage":0.0,"enemies":"2 Fungi Beasts","floor":12.0,"turns":2.0},{"damage":0.0,"enemies":"Exordium Wildlife","floor":14.0,"turns":3.0},{"damage":0.0,"enemies":"The Guardian","floor":16.0,"turns":7.0},{"damage":7,"enemies":"2 Thieves","floor":18,"turns":3},{"damage":17,"enemies":"Spheric Guardian","floor":20,"turns":4},{"damage":0,"enemies":"Snake Plant","floor":24,"turns":3},{"damage":8,"enemies":"Gremlin Leader","floor":25,"turns":5},{"damage":6,"enemies":"Centurion and Healer","floor":27,"turns":5},{"damage":3,"enemies":"Sentry and Sphere","floor":28,"turns":5},{"damage":0,"enemies":"Snake Plant","floor":29,"turns":3},{"damage":4,"enemies":"Champ","floor":33,"turns":6},{"damage":20,"enemies":"3 Shapes","floor":35,"turns":2},{"damage":0,"enemies":"Orb Walker","floor":37,"turns":3},{"damage":0,"enemies":"4 Shapes","floor":38,"turns":7},{"damage":12,"enemies":"Writhing Mass","floor":40,"turns":5},{"damage":18,"enemies":"Nemesis","floor":42,"turns":5},{"damage":6,"enemies":"Reptomancer","floor":44,"turns":3},{"damage":11,"enemies":"Transient","floor":45,"turns":5},{"damage":18,"enemies":"3 Darklings","floor":46,"turns":8},{"damage":10,"enemies":"Maw","floor":48,"turns":5},{"damage":34,"enemies":"Time Eater","floor":50,"turns":9},{"damage":15,"enemies":"Shield and Spear","floor":54,"turns":4},{"damage":90,"enemies":"The Heart","floor":55,"turns":7}],"seed_played":"-8133025120742999037","potions_obtained":[{"floor":2.0,"key":"SpeedPotion"},{"floor":4.0,"key":"Poison Potion"},{"floor":5.0,"key":"AttackPotion"},{"floor":11.0,"key":"PowerPotion"},{"floor":14.0,"key":"PowerPotion"},{"floor":24,"key":"AttackPotion"},{"floor":25,"key":"SteroidPotion"}],"is_trial":false,"path_per_floor":["M","M","M","M","M","E","R","E","T","M","E","M","$","M","R","B","B",null,"M","?","M","?","?","R","M","E","T","M","M","M","?","$","R","B",null,"M","$","M","M","?","M","R","E","T","E","M","M","T","M","R","B",null,"R","$","E","B",null],"character_chosen":"IRONCLAD","items_purchased":["Oddly Smooth Stone","Battle Trance","Bronze Scales","Vajra"],"campfire_rested":0,"item_purchase_floors":[13,13,31,53],"current_hp_per_floor":[80,77,80,80,63,55,55,42,49,52,46,52,52,58,58,64,87,86,86,75,75,75,75,81,79,79,87,87,87,87,87,87,87,87,87,87,87,87,82,85,85,83,83,83,87,81,81,84,84,71,87,87,87,84,21],"gold":77,"neow_bonus":"TRANSFORM_CARD","is_prod":false,"is_daily":false,"chose_seed":false,"campfire_upgraded":6,"win_rate":0,"timestamp":1545798544,"path_taken":["M","M","M","M","M","E","R","E","T","M","E","M","$","M","R","BOSS","BOSS","M","?","M","?","?","R","M","E","T","M","M","M","?","$","R","BOSS","M","$","?","M","?","M","R","E","T","E","M","M","?","M","R","BOSS","R","$","E","BOSS"],"build_version":"2018-12-20","purchased_purges":3,"victory":true,"max_hp_per_floor":[80,80,80,80,80,80,80,80,87,87,87,87,87,87,87,87,87,87,87,87,87,87,87,87,87,87,87,87,87,87,87,87,87,87,87,87,87,87,87,87,87,87,87,87,87,87,87,87,87,87,87,87,87,87,87],"card_choices":[{"not_picked":["Clothesline","Flex"],"picked":"Pummel","floor":1.0},{"not_picked":["Havoc","Dropkick"],"picked":"Shrug It Off","floor":2.0},{"not_picked":["Corruption","Blood for Blood"],"picked":"Anger","floor":3.0},{"not_picked":["Sever Soul","Rupture","Rage"],"picked":"SKIP","floor":4.0},{"not_picked":["Rampage","Armaments"],"picked":"Headbutt","floor":5.0},{"not_picked":["Fire Breathing","Twin Strike"],"picked":"Spot Weakness","floor":6.0},{"not_picked":["Spot Weakness","Perfected Strike"],"picked":"Pommel Strike","floor":8.0},{"not_picked":["Feel No Pain","Rupture","Hemokinesis"],"picked":"SKIP","floor":10.0},{"not_picked":["Rage","Carnage"],"picked":"Limit Break","floor":11.0},{"not_picked":["Heavy Blade","Rampage","Headbutt"],"picked":"SKIP","floor":12.0},{"not_picked":["Reckless Charge","Sword Boomerang"],"picked":"Shrug It Off","floor":14.0},{"not_picked":["Exhume","Limit Break"],"picked":"Fiend Fire","floor":16},{"not_picked":["Heavy Blade+1","Thunderclap"],"picked":"Spot Weakness","floor":18},{"not_picked":["Thunderclap+1","Battle Trance"],"picked":"Clothesline+1","floor":20},{"not_picked":["Second Wind","Cleave"],"picked":"Metallicize+1","floor":24},{"not_picked":["Spot Weakness","Impervious"],"picked":"Reaper","floor":25},{"not_picked":["Twin Strike","Flex+1","Entrench+1"],"picked":"SKIP","floor":27},{"not_picked":["Rupture","Body Slam","Warcry"],"picked":"SKIP","floor":28},{"not_picked":["Dual Wield+1","Body Slam","Armaments"],"picked":"SKIP","floor":29},{"not_picked":["Impervious","Barricade"],"picked":"Offering","floor":33},{"not_picked":["Headbutt+1","Clothesline+1","Rampage"],"picked":"SKIP","floor":35},{"not_picked":["Wild Strike","Clash+1"],"picked":"Pummel+1","floor":37},{"not_picked":["Armaments","Clash","Perfected Strike+1"],"picked":"SKIP","floor":38},{"not_picked":["Rupture","Evolve","Wild Strike+1"],"picked":"SKIP","floor":40},{"not_picked":["Barricade","Iron Wave","Searing Blow"],"picked":"SKIP","floor":42},{"not_picked":["Offering","Searing Blow+1"],"picked":"Flame Barrier+1","floor":44},{"not_picked":["Entrench","Body Slam","Headbutt+1"],"picked":"SKIP","floor":45},{"not_picked":["Uppercut+1","Havoc+1","Anger+1"],"picked":"SKIP","floor":46},{"not_picked":["Heavy Blade","Pommel Strike+1"],"picked":"Shrug It Off+1","floor":48},{"not_picked":["Havoc","Reaper","Cleave"],"picked":"SKIP","floor":54}],"player_experience":670813,"relics_obtained":[{"floor":6.0,"key":"Centennial Puzzle"},{"floor":8.0,"key":"Boot"},{"floor":9.0,"key":"Strawberry"},{"floor":11.0,"key":"Anchor"},{"floor":25,"key":"Gremlin Horn"},{"floor":26,"key":"Happy Flower"},{"floor":42,"key":"Meat on the Bone"},{"floor":44,"key":"Bag of Marbles"},{"floor":47,"key":"Art of War"},{"floor":54,"key":"Bottled Tornado"}],"event_choices":[{"damage_healed":0,"gold_gain":0,"player_choice":"Inject Mutagens","damage_taken":0,"relics_obtained":["MutagenicStrength"],"max_hp_gain":0,"max_hp_loss":0,"event_name":"Drug Dealer","floor":19,"gold_loss":0},{"damage_healed":0,"gold_gain":0,"player_choice":"Opened","damage_taken":0,"relics_obtained":["Bag of Preparation"],"max_hp_gain":0,"max_hp_loss":0,"event_name":"The Mausoleum","floor":21,"gold_loss":0,"cards_obtained":["Writhe"]},{"damage_healed":0,"gold_gain":0,"player_choice":"Read","damage_taken":0,"max_hp_gain":0,"max_hp_loss":0,"event_name":"The Library","floor":22,"gold_loss":0,"cards_obtained":["Shockwave"]},{"cards_removed":["Strike_R"],"damage_healed":0,"gold_gain":0,"player_choice":"Offered Basic","damage_taken":0,"max_hp_gain":0,"max_hp_loss":0,"event_name":"Bonfire Elementals","floor":30,"gold_loss":0},{"damage_healed":0,"gold_gain":0,"player_choice":"Memory 2","damage_taken":5,"max_hp_gain":0,"max_hp_loss":0,"event_name":"SensoryStone","floor":39,"gold_loss":0}],"is_beta":false,"boss_relics":[{"not_picked":["Orrery","Empty Cage"],"picked":"Velvet Choker"},{"not_picked":["Lizard Tail","Busted Crown"],"picked":"Runic Cube"}],"items_purged_floors":[13,31,36],"is_endless":false,"potions_floor_spawned":[2,4,5,11,14,24,25,28,29,35,38,40,44,46,48,54],"ascension_level":1}