{"path_per_floor":["M","M","?","M","M","R","E","R","T","?","R","?","E","$","R","B",null,"M","M","$","M","$","E","M","R","T","M","R","M","M","T","R","B",null,"M","M","T","?","M","$","M","E","T","M","?","E","M","M","R","B"],"character_chosen":"THE_SILENT","items_purchased":["Infinite Blades","Mummified Hand","Blue Candle","Dramatic Entrance","Noxious Fumes","Infinite Blades","Dream Catcher","Ancient Tea Set"],"gold_per_floor":[114,129,204,219,234,234,264,264,339,514,514,514,544,9,9,109,109,124,139,39,54,19,49,64,64,64,79,79,94,139,139,139,239,239,254,269,294,294,309,8,23,53,78,93,93,123,138,153,153,153],"floor_reached":51,"campfire_rested":3,"playtime":2653,"current_hp_per_floor":[70,61,50,50,50,70,70,70,70,70,70,65,60,60,60,60,77,77,75,75,71,71,71,73,73,73,58,58,50,50,50,77,63,77,77,57,57,47,53,53,48,35,37,68,68,64,66,51,95,1],"items_purged":[],"gold":153,"score":1041,"play_id":"c127f9b9-eec6-44dd-9e57-6e82bc96d7fa","local_time":"20180422213233","daily_mods":["Draft","Vintage","Hoarder"],"is_prod":false,"is_daily":true,"chose_seed":false,"is_ascension_mode":false,"campfire_upgraded":5,"timestamp":1524447153,"path_taken":["M","M","?","M","M","R","E","R","T","?","R","?","E","$","R","BOSS","M","M","$","M","$","E","M","R","T","M","R","M","M","?","R","BOSS","M","M","?","?","M","$","M","E","T","M","?","E","M","M","R","BOSS"],"build_version":"2018-04-19","seed_source_timestamp":0,"purchased_purges":0,"victory":true,"master_deck":["Prepared","Prepared+1","Prepared","Acrobatics+1","Acrobatics+1","Acrobatics","Outmaneuver","Outmaneuver","Outmaneuver","Blade Dance","Blade Dance","Blade Dance","Flechettes+1","Flechettes","Flechettes+1","Backflip+1","Backflip","Backflip","Accuracy","Accuracy","Accuracy","Doubt","Doubt","Doubt","Deadly Poison","Deadly Poison","Deadly Poison","Infinite Blades+1","Infinite Blades","Infinite Blades","Venomology","Venomology+1","Venomology+1","Dramatic Entrance","Dramatic Entrance","Dramatic Entrance","Noxious Fumes","Noxious Fumes","Noxious Fumes","Blur","Blur","Blur","A Thousand Cuts","A Thousand Cuts","A Thousand Cuts","Underhanded Strike","Underhanded Strike","Panacea","Panacea","Panacea","Bandage Up","Bandage Up","Bandage Up","Bandage Up","Bandage Up","Bandage Up","Infinite Blades","Infinite Blades","Infinite Blades","Envenom","Envenom","Envenom","PiercingWail+1","PiercingWail+1","PiercingWail+1"],"max_hp_per_floor":[70,70,70,70,70,70,70,70,70,70,70,77,77,77,77,77,77,77,77,77,77,77,77,77,77,77,77,77,77,77,77,77,77,77,77,77,77,77,77,77,77,77,79,93,93,95,95,95,95,95],"relics":["Ring of the Snake","Shuriken","Bag of Marbles","Vajra","Bag of Preparation","Anchor","Smiling Mask","Strawberry","Prayer Wheel","Mummified Hand","Blue Candle","Calipers","White Beast Statue","Whetstone","Regal Pillow","Orichalcum","War Paint","The Courier","Question Card","Lantern","Blood Vial","Tiny Chest","Toolbox","Art of War","Eternal Feather","Juzu Bracelet","Tingsha","Oddly Smooth Stone","Tough Bandages","Dream Catcher","Ancient Tea Set","Singing Bowl","Paper Crane","Snake Skull","Mango","Happy Flower","Pen Nib","Bottled Lightning"],"card_choices":[{"not_picked":["Predator","Bane"],"picked":"Prepared","floor":0},{"not_picked":["Flying Knee","Deadly Poison"],"picked":"Acrobatics","floor":0},{"not_picked":["All Out Attack","Dash"],"picked":"Outmaneuver","floor":0},{"not_picked":["Sucker Punch","Dagger Throw"],"picked":"Blade Dance","floor":0},{"not_picked":["Prepared","Bouncing Flask"],"picked":"Flechettes","floor":0},{"not_picked":["Flying Knee","Deadly Poison"],"picked":"Backflip","floor":0},{"not_picked":["Flechettes","Footwork"],"picked":"Accuracy","floor":7},{"not_picked":["Acrobatics","Concentrate"],"picked":"Deadly Poison","floor":13},{"not_picked":["Storm of Steel","Grand Finale"],"picked":"Venomology","floor":16},{"not_picked":["Acrobatics","Dagger Throw"],"picked":"Blur","floor":26},{"not_picked":["Corpse Explosion","Night Terror","Tools of the Trade"],"picked":"A Thousand Cuts","floor":33},{"not_picked":["PiercingWail","Outmaneuver","Cloak And Dagger"],"picked":"Underhanded Strike","floor":37},{"not_picked":["Dark Shackles","Blind","Apotheosis"],"picked":"Panacea","floor":38},{"not_picked":["Deep Breath","Purity","Blind"],"picked":"Bandage Up","floor":38},{"not_picked":["Secret Weapon","Transmutation","Sadistic Nature"],"picked":"Bandage Up","floor":38},{"not_picked":["Sucker Punch","Well Laid Plans","Riddle With Holes"],"picked":"Envenom","floor":42},{"not_picked":["Prepared","Distraction","Deflect"],"picked":"PiercingWail","floor":49}],"player_experience":710896,"potions_floor_usage":[13,18,18,19,19,21,23,23,23,23,24,24,27,27,27,29,29,30,30,33,33,33,33,36,36,39,39,39,39,41,41,42,42,42,44,44,46,46,46,47,48,48,50,50,50,50],"damage_taken":[{"damage":0,"enemies":"Cultist","floor":1,"turns":2},{"damage":9,"enemies":"2 Louse","floor":2,"turns":3},{"damage":0,"enemies":"Jaw Worm","floor":4,"turns":1},{"damage":0,"enemies":"Large Slime","floor":5,"turns":2},{"damage":0,"enemies":"Gremlin Nob","floor":7,"turns":1},{"damage":11,"enemies":"3 Sentries","floor":13,"turns":4},{"damage":0,"enemies":"Slime Boss","floor":16,"turns":3},{"damage":0,"enemies":"Shell Parasite","floor":18,"turns":2},{"damage":2,"enemies":"2 Thieves","floor":19,"turns":3},{"damage":6,"enemies":"3 Cultists","floor":21,"turns":3},{"damage":0,"enemies":"Gremlin Leader","floor":23,"turns":4},{"damage":4,"enemies":"Cultist and Chosen","floor":24,"turns":3},{"damage":15,"enemies":"Snake Plant","floor":27,"turns":3},{"damage":8,"enemies":"Sentry and Sphere","floor":29,"turns":4},{"damage":2,"enemies":"Chosen and Byrds","floor":30,"turns":4},{"damage":14,"enemies":"Automaton","floor":33,"turns":5},{"damage":0,"enemies":"Orb Walker","floor":35,"turns":2},{"damage":20,"enemies":"3 Shapes","floor":36,"turns":1},{"damage":4,"enemies":"Sphere and 2 Shapes","floor":39,"turns":3},{"damage":11,"enemies":"4 Shapes","floor":41,"turns":2},{"damage":31,"enemies":"Nemesis","floor":42,"turns":5},{"damage":1,"enemies":"Maw","floor":44,"turns":4},{"damage":24,"enemies":"2 Orb Walkers","floor":46,"turns":4},{"damage":0,"enemies":"3 Darklings","floor":47,"turns":2},{"damage":17,"enemies":"4 Shapes","floor":48,"turns":1},{"damage":114,"enemies":"Awakened One","floor":50,"turns":8}],"event_choices":[{"event_name":"World of Goop","player_choice":"Gather Gold","floor":3,"damage_taken":0},{"event_name":"Liars Game","player_choice":"agreed","floor":10,"damage_taken":0},{"event_name":"Scrap Ooze","player_choice":"success","floor":12,"damage_taken":12},{"event_name":"SensoryStone","player_choice":"Memory 3","floor":38,"damage_taken":0}],"boss_relics":[{"not_picked":["Calling Bell","Runic Dome"],"picked":"White Beast Statue"},{"not_picked":["Black Star","Tiny House"],"picked":"Eternal Feather"}],"potions_floor_spawned":[2,13,16,18,19,21,23,24,27,29,30,33,35,36,39,41,42,44,46,47,48],"seed_played":"2192268310771929411","ascension_level":0,"is_trial":false}