{"gold_per_floor":[114,129,144,319,319,349,349,379,379,379,379,394,7,62,62,162,162,177,177,177,102,117,147,147,162,162,162,192,207,232,257,257,257],"floor_reached":33,"playtime":1692,"items_purged":[],"score":366,"play_id":"4da3fff1-3814-4200-8d34-9e081ec4a025","local_time":"20180904170004","daily_mods":["Specialized","Time Dilation","Night Terrors"],"is_ascension_mode":false,"campfire_choices":[{"data":"Bouncing Flask","floor":7,"key":"SMITH"},{"data":"Mayhem","floor":15,"key":"SMITH"},{"data":"Flechettes","floor":24,"key":"SMITH"},{"data":"Eviscerate","floor":27,"key":"SMITH"},{"data":"Finisher","floor":32,"key":"SMITH"}],"neow_cost":"","seed_source_timestamp":652847108850845,"circlet_count":0,"master_deck":["Defend_G","Defend_G+1","Defend_G+1","Defend_G","Defend_G","Strike_G","Strike_G","Strike_G","Survivor","Neutralize","Adrenaline","Adrenaline","Adrenaline","Adrenaline","Adrenaline+1","Reflex","Bouncing Flask+1","Burst","Doubt","Expertise","Backstab","Outmaneuver+1","Adrenaline","Mayhem+1","Flechettes+1","Phantasmal Killer","Eviscerate+1","Concentrate","Storm of Steel","Blur","Acrobatics","Finisher+1"],"special_seed":17778,"relics":["Ring of the Snake","Tough Bandages","Ancient Tea Set","Ninja Scroll","Bag of Marbles","Tiny Chest","Runic Dome","Art of War","Dream Catcher","Meat on the Bone","Orichalcum","War Paint","Happy Flower"],"potions_floor_usage":[8,16],"damage_taken":[{"damage":0,"enemies":"Cultist","floor":1,"turns":2},{"damage":0,"enemies":"2 Louse","floor":2,"turns":1},{"damage":0,"enemies":"Small Slimes","floor":3,"turns":1},{"damage":11,"enemies":"Lagavulin","floor":6,"turns":6},{"damage":0,"enemies":"Gremlin Nob","floor":8,"turns":2},{"damage":0,"enemies":"2 Fungi Beasts","floor":12,"turns":1},{"damage":2,"enemies":"Slime Boss","floor":16,"turns":6},{"damage":0,"enemies":"Chosen","floor":18,"turns":1},{"damage":0,"enemies":"3 Byrds","floor":22,"turns":3},{"damage":12,"enemies":"Book of Stabbing","floor":23,"turns":3},{"damage":0,"enemies":"Centurion and Healer","floor":25,"turns":1},{"damage":0,"enemies":"Gremlin Leader","floor":28,"turns":1},{"damage":0,"enemies":"Shelled Parasite and Fungi","floor":29,"turns":1},{"damage":48,"enemies":"Automaton","floor":33,"turns":8}],"seed_played":"899177994719070386","potions_obtained":[{"floor":1,"key":"Regen Potion"},{"floor":2,"key":"FearPotion"},{"floor":3,"key":"Explosive Potion"},{"floor":16,"key":"SteroidPotion"},{"floor":18,"key":"SpeedPotion"}],"is_trial":false,"path_per_floor":["M","M","M","?","?","E","R","E","T","?","?","M","$","T","R","B",null,"M","?","?","?","M","E","R","M","T","R","E","M","T","T","R"],"character_chosen":"THE_SILENT","items_purchased":["Bag of Marbles","Mayhem","Flechettes"],"campfire_rested":0,"item_purchase_floors":[13,13,13],"current_hp_per_floor":[70,70,70,70,70,59,59,59,59,45,38,38,38,38,38,36,70,70,57,57,57,57,45,45,45,45,45,45,45,45,45,45,0],"gold":257,"neow_bonus":"","is_prod":false,"is_daily":true,"chose_seed":false,"campfire_upgraded":5,"win_rate":0,"timestamp":1536094804,"path_taken":["M","M","?","?","?","E","R","E","T","?","?","?","?","?","R","BOSS","M","?","?","?","?","E","R","M","T","R","E","M","?","?","R","BOSS"],"build_version":"2018-09-03","purchased_purges":0,"victory":false,"max_hp_per_floor":[70,70,70,70,70,70,70,70,70,70,70,70,70,70,70,70,70,70,75,75,75,75,75,75,75,75,75,75,75,75,75,75,75],"card_choices":[{"not_picked":["PiercingWail","Dagger Spray"],"picked":"Reflex","floor":1},{"not_picked":["Outmaneuver","Underhanded Strike"],"picked":"Bouncing Flask","floor":2},{"not_picked":["Poisoned Stab","Finisher"],"picked":"Burst","floor":3},{"not_picked":["Prepared","Flying Knee"],"picked":"Backstab","floor":6},{"not_picked":["Setup","Prepared"],"picked":"Outmaneuver","floor":8},{"not_picked":["Riddle With Holes","Outmaneuver"],"picked":"Adrenaline","floor":12},{"not_picked":["Envenom","Wraith Form v2"],"picked":"Phantasmal Killer","floor":16},{"not_picked":["Deflect","Bane+1"],"picked":"Eviscerate","floor":18},{"not_picked":["Dagger Throw","Sucker Punch"],"picked":"Concentrate","floor":22},{"not_picked":["Choke","Infinite Blades+1"],"picked":"Storm of Steel","floor":23},{"not_picked":["Deadly Poison","Cloak And Dagger"],"picked":"Blur","floor":25},{"not_picked":["Deflect","Expertise"],"picked":"Acrobatics","floor":28},{"not_picked":["All Out Attack","Underhanded Strike"],"picked":"Finisher","floor":29}],"player_experience":559142,"relics_obtained":[{"floor":6,"key":"Tough Bandages"},{"floor":8,"key":"Ancient Tea Set"},{"floor":9,"key":"Ninja Scroll"},{"floor":14,"key":"Tiny Chest"},{"floor":23,"key":"Dream Catcher"},{"floor":26,"key":"Meat on the Bone"},{"floor":28,"key":"Orichalcum"},{"floor":30,"key":"War Paint"},{"floor":31,"key":"Happy Flower"}],"event_choices":[{"event_name":"Liars Game","player_choice":"agreed","floor":4,"damage_taken":0},{"event_name":"Living Wall","player_choice":"Change","floor":5,"damage_taken":0},{"event_name":"Shining Light","player_choice":"Entered Light","floor":10,"damage_taken":0},{"event_name":"Wheel of Change","player_choice":"Damage","floor":11,"damage_taken":0},{"event_name":"Forgotten Altar","player_choice":"Shed Blood","floor":19,"damage_taken":0},{"event_name":"The Mausoleum","player_choice":"Yes","floor":20,"damage_taken":0},{"event_name":"Beggar","player_choice":"Gave Gold","floor":21,"damage_taken":0}],"is_beta":true,"boss_relics":[{"not_picked":["Snecko Eye","Velvet Choker"],"picked":"Runic Dome"}],"items_purged_floors":[],"is_endless":false,"potions_floor_spawned":[1,2,3,16,18],"killed_by":"Automaton","ascension_level":0}