{"gold_per_floor":[110,121,138,52,52,80,80,80,104,104],"floor_reached":10,"playtime":432,"items_purged":[],"score":129,"play_id":"59b21c42-b682-41e1-8d51-19727d0c5423","local_time":"20190612001923","is_ascension_mode":true,"campfire_choices":[{"data":"Neutralize","floor":8,"key":"SMITH"}],"neow_cost":"NONE","seed_source_timestamp":962034988909581,"circlet_count":0,"master_deck":["AscendersBane","Defend_G","Defend_G","Defend_G","Defend_G","Defend_G","Strike_G","Strike_G","Strike_G","Strike_G","Survivor","Neutralize+1","Bullet Time","Leg Sweep","Sucker Punch","Sucker Punch","Finisher","PiercingWail"],"special_seed":0,"relics":["Ring of the Snake","Vajra","Golden Idol","Art of War"],"potions_floor_usage":[6],"damage_taken":[{"damage":2.0,"enemies":"Cultist","floor":1.0,"turns":5.0},{"damage":0.0,"enemies":"2 Louse","floor":2.0,"turns":5.0},{"damage":4.0,"enemies":"Small Slimes","floor":3.0,"turns":4.0},{"damage":37,"enemies":"3 Sentries","floor":6,"turns":18},{"damage":9,"enemies":"Blue Slaver","floor":10,"turns":5}],"seed_played":"-2632769321631307926","potions_obtained":[{"floor":1.0,"key":"Swift Potion"},{"floor":3.0,"key":"Poison Potion"}],"is_trial":false,"path_per_floor":["M","M","M","$","?","E","?","R","T","M"],"character_chosen":"THE_SILENT","items_purchased":["Finisher"],"campfire_rested":0,"item_purchase_floors":[4],"current_hp_per_floor":[57,57,53,53,46,9,9,9,9,0],"gold":104,"neow_bonus":"ONE_RANDOM_RARE_CARD","is_prod":false,"is_daily":false,"chose_seed":false,"campfire_upgraded":1,"win_rate":0,"timestamp":1560291563,"path_taken":["M","M","?","$","?","E","?","R","T","M"],"build_version":"2019-01-23","purchased_purges":0,"victory":false,"max_hp_per_floor":[66,66,66,66,66,66,60,60,60,60],"card_choices":[{"not_picked":["Backflip","Predator"],"picked":"Leg Sweep","floor":1.0},{"not_picked":["Heel Hook","Blade Dance"],"picked":"Sucker Punch","floor":2.0},{"not_picked":["Dagger Spray","Cloak And Dagger"],"picked":"Sucker Punch","floor":3.0},{"not_picked":["Bane","Prepared"],"picked":"PiercingWail","floor":6}],"player_experience":598739,"relics_obtained":[{"floor":6,"key":"Vajra"},{"floor":9,"key":"Art of War"}],"event_choices":[{"cards_removed":["Strike_G"],"damage_healed":0.0,"max_hp_gain":0.0,"max_hp_loss":0.0,"gold_gain":0.0,"event_name":"Golden Wing","player_choice":"Card Removal","floor":5.0,"gold_loss":0.0,"damage_taken":7.0},{"damage_healed":0,"gold_gain":0,"player_choice":"Lose Max HP","damage_taken":0,"relics_obtained":["Golden Idol"],"max_hp_gain":0,"max_hp_loss":6,"event_name":"Golden Idol","floor":7,"gold_loss":0}],"is_beta":false,"boss_relics":[],"items_purged_floors":[],"is_endless":false,"potions_floor_spawned":[1,3],"killed_by":"Blue Slaver","ascension_level":19}