{"path_per_floor":["M","?","?","?","$","E","M","E","T","M","E","?","M","M","R","B",null,"M","M","$","?"],"character_chosen":"IRONCLAD","items_purchased":["Du-Vu Doll","Demon Form","Offering","Poison Potion"],"gold_per_floor":[118,118,118,293,4,39,51,85,161,176,211,211,231,246,246,344,344,358,368,12,12,12],"floor_reached":22,"campfire_rested":1,"playtime":728,"current_hp_per_floor":[79,79,79,79,79,53,59,39,39,45,48,48,49,55,79,38,80,69,63,63,63,0],"items_purged":["Strike_R"],"gold":12,"score":252,"play_id":"0d434c59-d36a-4690-8a01-098873aa5766","local_time":"20180423192525","is_prod":false,"is_daily":false,"chose_seed":false,"is_ascension_mode":true,"campfire_upgraded":0,"timestamp":1524525925,"path_taken":["M","?","?","?","$","E","?","E","T","M","E","?","M","M","R","BOSS","M","M","$","?","M"],"build_version":"2018-04-19","seed_source_timestamp":696479396751542,"purchased_purges":1,"victory":false,"master_deck":["Strike_R","Strike_R","Strike_R","Strike_R","Defend_R","Defend_R","Defend_R","Defend_R","Bash","Immolate+1","Body Slam","Fire Breathing","Dropkick","Rampage","Iron Wave","Exhume","Inflame","Fire Breathing","Limit Break","Rupture","Armaments+1","Demon Form","Offering"],"max_hp_per_floor":[80,80,80,80,80,80,80,80,80,80,80,80,80,80,80,80,80,80,80,80,80,80],"relics":["Black Blood","Ancient Tea Set","Du-Vu Doll","Anchor","Bottled Flame","Self Forming Clay","Sundial"],"card_choices":[{"not_picked":["Power Through","Shrug It Off"],"picked":"Body Slam","floor":1},{"not_picked":["Dual Wield","Clash"],"picked":"Fire Breathing","floor":6},{"not_picked":["Heavy Blade","Shrug It Off"],"picked":"Dropkick","floor":7},{"not_picked":["Whirlwind","Flex"],"picked":"Rampage","floor":8},{"not_picked":["Flex","Clash"],"picked":"Iron Wave","floor":10},{"not_picked":["Berserk","Burning Pact"],"picked":"Exhume","floor":11},{"not_picked":["Disarm","Sentinel"],"picked":"Inflame","floor":13},{"not_picked":["Thunderclap","Anger"],"picked":"Fire Breathing","floor":14},{"not_picked":["Feed","Juggernaut"],"picked":"Limit Break","floor":16},{"not_picked":["Burning Pact","Battle Trance"],"picked":"Rupture","floor":18},{"not_picked":["Warcry","Twin Strike"],"picked":"Armaments","floor":19}],"player_experience":722060,"potions_floor_usage":[6,6,8,8,16,18,22,22],"damage_taken":[{"damage":7,"enemies":"Small Slimes","floor":1,"turns":2},{"damage":32,"enemies":"Gremlin Nob","floor":6,"turns":4},{"damage":0,"enemies":"Jaw Worm","floor":7,"turns":2},{"damage":26,"enemies":"Lagavulin","floor":8,"turns":4},{"damage":0,"enemies":"2 Louse","floor":10,"turns":1},{"damage":3,"enemies":"3 Sentries","floor":11,"turns":3},{"damage":5,"enemies":"Blue Slaver","floor":13,"turns":3},{"damage":0,"enemies":"Gremlin Gang","floor":14,"turns":1},{"damage":47,"enemies":"Hexaghost","floor":16,"turns":7},{"damage":21,"enemies":"Shell Parasite","floor":18,"turns":5},{"damage":16,"enemies":"3 Byrds","floor":19,"turns":4},{"damage":72,"enemies":"Cultist and Chosen","floor":22,"turns":5}],"event_choices":[{"event_name":"Big Fish","player_choice":"Box","floor":2,"damage_taken":0},{"event_name":"The Lab","player_choice":"Got Potions","floor":3,"damage_taken":0},{"event_name":"Liars Game","player_choice":"agreed","floor":4,"damage_taken":0},{"event_name":"Living Wall","player_choice":"Grow","floor":12,"damage_taken":0},{"event_name":"Fountain of Cleansing","player_choice":"Removed Curse","floor":21,"damage_taken":0}],"boss_relics":[{"not_picked":["Snecko Eye","Runic Cube"],"picked":"Black Blood"}],"potions_floor_spawned":[1,7,14,16,18],"seed_played":"7082623972654137610","killed_by":"Cultist and Chosen","ascension_level":2,"is_trial":false}