{"gold_per_floor":[114,134,147,222,242,242,272,272,351,351,382,382,397,452,452,552,552],"floor_reached":17,"playtime":445,"items_purged":[],"score":184,"play_id":"6bb73b26-6eae-48ea-b67a-1adbba8e9d62","local_time":"20181125155155","is_ascension_mode":true,"campfire_choices":[{"data":"Zap","floor":6,"key":"SMITH"},{"data":"Skim","floor":8,"key":"SMITH"},{"floor":10,"key":"REST"},{"data":"Go for the Eyes","floor":15,"key":"SMITH"}],"neow_cost":"NONE","seed_source_timestamp":997438626761579,"circlet_count":0,"master_deck":["Strike_B","Strike_B","Strike_B","Strike_B","Defend_B","Defend_B","Defend_B","Defend_B","Zap+1","Dualcast","Go for the Eyes+1","Gash","Skim+1","Reinforced Body","Auto Shields","Gash","Cold Snap","All For One"],"relics":["Cracked Core","Unceasing Top","Juzu Bracelet","Tiny Chest"],"potions_floor_usage":[5,7,16],"damage_taken":[{"damage":0,"enemies":"2 Louse","floor":1,"turns":2},{"damage":8,"enemies":"Jaw Worm","floor":2,"turns":4},{"damage":4,"enemies":"Cultist","floor":3,"turns":3},{"damage":5,"enemies":"Exordium Thugs","floor":5,"turns":3},{"damage":21,"enemies":"3 Sentries","floor":7,"turns":7},{"damage":20,"enemies":"Gremlin Nob","floor":11,"turns":5},{"damage":0,"enemies":"Red Slaver","floor":13,"turns":4},{"damage":14,"enemies":"Lagavulin","floor":14,"turns":7},{"damage":8,"enemies":"Slime Boss","floor":16,"turns":8}],"seed_played":"-7412484960473961209","potions_obtained":[{"floor":2,"key":"AttackPotion"},{"floor":5,"key":"Fire Potion"},{"floor":7,"key":"Dexterity Potion"},{"floor":14,"key":"AttackPotion"},{"floor":16,"key":"FearPotion"}],"is_trial":false,"path_per_floor":["M","M","M","?","M","R","E","R","T","R","E","?","M","E","R","B",null],"character_chosen":"DEFECT","items_purchased":[],"campfire_rested":1,"item_purchase_floors":[],"current_hp_per_floor":[82,74,70,59,54,54,33,33,33,57,37,37,37,23,23,15,15],"gold":552,"neow_bonus":"TEN_PERCENT_HP_BONUS","is_prod":false,"is_daily":false,"chose_seed":false,"campfire_upgraded":3,"win_rate":0,"timestamp":1543186315,"path_taken":["M","M","M","?","M","R","E","R","T","R","E","?","M","E","R","BOSS"],"build_version":"2018-11-15","purchased_purges":0,"victory":false,"max_hp_per_floor":[82,82,82,82,82,82,82,82,82,82,82,82,82,82,82,82,82],"card_choices":[{"not_picked":["Conserve Battery","Turbo"],"picked":"Go for the Eyes","floor":1},{"not_picked":["Turbo","Undo"],"picked":"Gash","floor":2},{"not_picked":["Go for the Eyes","Lockon"],"picked":"Skim","floor":3},{"not_picked":["Coolheaded","Redo"],"picked":"Reinforced Body","floor":5},{"not_picked":["Reprogram","Echo Form"],"picked":"Auto Shields","floor":7},{"not_picked":["Hologram","Redo"],"picked":"Gash","floor":11},{"not_picked":["Capacitor","Undo","Barrage"],"picked":"SKIP","floor":13},{"not_picked":["Rebound","Capacitor"],"picked":"Cold Snap","floor":14},{"not_picked":["Biased Cognition","Buffer"],"picked":"All For One","floor":16}],"player_experience":658263,"relics_obtained":[{"floor":7,"key":"Unceasing Top"},{"floor":11,"key":"Juzu Bracelet"},{"floor":14,"key":"Tiny Chest"}],"event_choices":[{"damage_healed":0,"gold_gain":75,"player_choice":"Gather Gold","damage_taken":11,"max_hp_gain":0,"max_hp_loss":0,"event_name":"World of Goop","floor":4,"gold_loss":0},{"damage_healed":0,"gold_gain":0,"player_choice":"0 cards matched","damage_taken":0,"max_hp_gain":0,"max_hp_loss":0,"event_name":"Match and Keep!","floor":12,"gold_loss":0,"cards_obtained":[]}],"is_beta":false,"boss_relics":[],"items_purged_floors":[],"is_endless":false,"potions_floor_spawned":[2,5,7,14,16],"ascension_level":1}