{"path_per_floor":["M","M","?","M","?","E","R","E","T","$","M","$","?","M","R","B",null,"M","T","$","?","$","R","E","R","T","E","M","E","M","?","R","B",null,"M","?","M","?","?","E","R","M","T","R","M","E","R","M","R","B"],"character_chosen":"IRONCLAD","items_purchased":["Unceasing Top","Panacea","Self Forming Clay","Oddly Smooth Stone"],"gold_per_floor":[144,189,189,234,234,324,324,414,414,22,67,67,67,112,112,412,412,457,457,57,57,57,57,147,147,147,237,282,372,417,317,317,617,617,662,662,707,707,707,797,797,842,842,842,887,1007,1007,1052,1052,1052],"floor_reached":51,"campfire_rested":6,"playtime":1734,"current_hp_per_floor":[79,80,80,80,80,80,80,79,79,79,68,68,73,77,85,59,85,77,77,77,61,61,85,43,68,68,41,75,85,85,85,85,67,85,85,85,85,85,85,85,85,75,75,75,85,80,85,85,85,38],"items_purged":[],"gold":1052,"score":871,"play_id":"72759b11-a505-40f9-a37c-754c2f1cdbe5","local_time":"20180418203114","daily_mods":["Draft","Midas","Lethality"],"is_prod":false,"is_daily":true,"chose_seed":false,"is_ascension_mode":false,"campfire_upgraded":0,"timestamp":1524097874,"path_taken":["M","M","?","?","?","E","R","E","T","$","?","?","?","M","R","BOSS","M","?","$","?","?","R","E","R","T","E","?","E","M","?","R","BOSS","M","?","M","?","?","E","R","M","T","R","M","E","R","M","R","BOSS"],"build_version":"2018-04-12","seed_source_timestamp":266025384358626,"purchased_purges":0,"victory":true,"master_deck":["Clash","Headbutt","Anger","Armaments+1","Cleave","Iron Wave+1","Rupture","Inflame","Dropkick","Body Slam","True Grit","Iron Wave","Body Slam","Anger","Headbutt","Inflame","Thunderclap+1","Panacea","Reaper+1","Dropkick+1","Iron Wave+1","Armaments","Iron Wave+1","J.A.X.","Limit Break","Anger+1","Shrug It Off","Thunderclap+1","Cleave+1","Cleave+1"],"max_hp_per_floor":[80,80,80,80,80,80,80,80,80,80,80,80,85,85,85,85,85,85,85,85,85,85,85,85,85,85,85,85,85,85,85,85,85,85,85,85,85,85,85,85,85,85,85,85,85,85,85,85,85,85],"relics":["Black Blood","Ice Cream","Molten Egg 2","Paper Frog","Unceasing Top","Blue Candle","Self Forming Clay","Oddly Smooth Stone","Enchiridion","Mummified Hand","Toolbox","Lantern","Girya","Sozu","Calipers","Shuriken","Tiny Chest"],"card_choices":[{"not_picked":["Warcry","Flex"],"picked":"Cleave","floor":0},{"not_picked":["Sword Boomerang","Havoc"],"picked":"Clash","floor":0},{"not_picked":["Warcry","Intimidate"],"picked":"Headbutt","floor":0},{"not_picked":["Havoc","True Grit"],"picked":"Anger","floor":0},{"not_picked":["Uppercut","Sword Boomerang"],"picked":"Armaments","floor":0},{"not_picked":["Uppercut","Sword Boomerang"],"picked":"Cleave","floor":0},{"not_picked":["Evolve","Cleave"],"picked":"Iron Wave","floor":0},{"not_picked":["Hemokinesis","Combust"],"picked":"Rupture","floor":0},{"not_picked":["Dual Wield","Thunderclap"],"picked":"Inflame","floor":0},{"not_picked":["Pommel Strike","Searing Blow"],"picked":"Dropkick","floor":0},{"not_picked":["Sever Soul","Spot Weakness"],"picked":"Body Slam","floor":0},{"not_picked":["Twin Strike","Anger"],"picked":"True Grit","floor":0},{"not_picked":["Pummel","Spot Weakness"],"picked":"Iron Wave","floor":0},{"not_picked":["Armaments","Iron Wave"],"picked":"Body Slam","floor":0},{"not_picked":["Havoc","Perfected Strike"],"picked":"Anger","floor":0},{"not_picked":["Bloodletting","Carnage"],"picked":"Headbutt","floor":1},{"not_picked":["Headbutt","Pommel Strike"],"picked":"Inflame","floor":6},{"not_picked":["Body Slam","Iron Wave"],"picked":"Thunderclap","floor":8},{"not_picked":["Juggernaut","Offering"],"picked":"Reaper","floor":16},{"not_picked":["Spot Weakness","Corruption"],"picked":"Dropkick","floor":27},{"not_picked":["Combust","Perfected Strike"],"picked":"Iron Wave","floor":28},{"not_picked":["Rampage","Headbutt"],"picked":"Armaments","floor":29},{"not_picked":["Clash","Heavy Blade"],"picked":"Iron Wave","floor":30},{"not_picked":["Fiend Fire","Dark Embrace"],"picked":"Limit Break","floor":33},{"not_picked":["Burning Pact","Battle Trance"],"picked":"Anger","floor":37},{"not_picked":["Burning Pact","Twin Strike"],"picked":"Shrug It Off","floor":40},{"not_picked":["Reckless Charge","Perfected Strike"],"picked":"Thunderclap","floor":42},{"not_picked":["Second Wind","Inflame"],"picked":"Cleave","floor":46},{"not_picked":["Evolve","Body Slam"],"picked":"Cleave","floor":48}],"player_experience":686166,"potions_floor_usage":[16,16,18,27,29,33,35],"damage_taken":[{"damage":7,"enemies":"Jaw Worm","floor":1,"turns":2},{"damage":0,"enemies":"Cultist","floor":2,"turns":2},{"damage":3,"enemies":"Small Slimes","floor":4,"turns":2},{"damage":0,"enemies":"Gremlin Nob","floor":6,"turns":2},{"damage":7,"enemies":"Lagavulin","floor":8,"turns":3},{"damage":17,"enemies":"Exordium Thugs","floor":11,"turns":3},{"damage":2,"enemies":"2 Fungi Beasts","floor":14,"turns":2},{"damage":32,"enemies":"The Guardian","floor":16,"turns":5},{"damage":18,"enemies":"Shell Parasite","floor":18,"turns":2},{"damage":52,"enemies":"Slavers","floor":24,"turns":4},{"damage":49,"enemies":"Book of Stabbing","floor":27,"turns":5},{"damage":0,"enemies":"3 Byrds","floor":28,"turns":2},{"damage":10,"enemies":"Slavers","floor":29,"turns":3},{"damage":9,"enemies":"Centurion and Healer","floor":30,"turns":2},{"damage":31,"enemies":"Collector","floor":33,"turns":4},{"damage":6,"enemies":"3 Darklings","floor":35,"turns":3},{"damage":3,"enemies":"Orb Walker","floor":37,"turns":2},{"damage":3,"enemies":"2 Orb Walkers","floor":40,"turns":2},{"damage":20,"enemies":"Maw","floor":42,"turns":3},{"damage":0,"enemies":"3 Darklings","floor":45,"turns":1},{"damage":15,"enemies":"Nemesis","floor":46,"turns":3},{"damage":4,"enemies":"4 Shapes","floor":48,"turns":2},{"damage":57,"enemies":"Time Eater","floor":50,"turns":5}],"event_choices":[{"event_name":"Upgrade Shrine","player_choice":"Upgraded","floor":3,"damage_taken":0},{"event_name":"Accursed Blacksmith","player_choice":"Forge","floor":5,"damage_taken":0},{"event_name":"Big Fish","player_choice":"Donut","floor":13,"damage_taken":0},{"event_name":"Cursed Tome","player_choice":"Obtained Book","floor":21,"damage_taken":0},{"event_name":"Drug Dealer","player_choice":"Got JAXXED","floor":31,"damage_taken":0},{"event_name":"Tomb of Lord Red Mask","player_choice":"Ignored","floor":38,"damage_taken":0},{"event_name":"Mysterious Sphere","player_choice":"Ignore","floor":39,"damage_taken":0}],"boss_relics":[{"not_picked":["Black Star","Philosopher\u0027s Stone"],"picked":"Black Blood"},{"not_picked":["Snecko Eye","Mark of Pain"],"picked":"Sozu"}],"potions_floor_spawned":[6,14,16,24,28,29,33,37,40],"seed_played":"8716809714031627175","ascension_level":0,"is_trial":false}