{"path_per_floor":["M","M","$","M","M","E","M","R","T","M","M","?","M","?","R","B",null,"M","M","$","M","$"],"character_chosen":"IRONCLAD","items_purchased":["Demon Form","Impervious","Heavy Blade","Medical Kit"],"gold_per_floor":[209,224,10,25,39,71,85,85,85,100,112,187,197,197,197,294,324,334,346,117,127,127],"floor_reached":23,"campfire_rested":0,"playtime":1227,"current_hp_per_floor":[80,76,76,76,72,59,59,59,59,54,41,30,8,90,90,55,95,95,61,61,10,10],"items_purged":[],"gold":127,"score":222,"play_id":"932044ef-d4c7-42d2-8ef2-698fbbfdde0f","local_time":"20180317152719","is_prod":false,"is_daily":false,"is_ascension_mode":false,"campfire_upgraded":2,"timestamp":1521314839,"path_taken":["M","M","$","M","M","E","M","R","T","M","M","?","?","?","R","BOSS","M","M","$","M","?","E"],"build_version":"2018-03-15v2","purchased_purges":0,"victory":false,"master_deck":["Strike_R","Strike_R","Strike_R","Strike_R","Strike_R","Defend_R","Defend_R","Defend_R","Defend_R","Bash","Rampage","Perfected Strike","Demon Form+1","Impervious","Rupture","Clash","Rampage","Havoc","Demon Form+1","Dropkick","Limit Break+1","Thunderclap","Combust","Infernal Blade","Heavy Blade","Thunderclap"],"max_hp_per_floor":[80,80,80,80,80,80,80,80,80,80,80,80,80,90,90,90,95,95,95,95,95,95],"relics":["Burning Blood","Dream Catcher","Sundial","Tiny House","Medical Kit"],"card_choices":[{"not_picked":["Heavy Blade","Pommel Strike"],"picked":"Rampage"},{"not_picked":["Warcry","Uppercut"],"picked":"Perfected Strike"},{"not_picked":["Power Through","Shrug It Off"],"picked":"Rupture"},{"not_picked":["Wild Strike","Thunderclap"],"picked":"Clash"},{"not_picked":["Clothesline","Sword Boomerang"],"picked":"Rampage"},{"not_picked":["Sever Soul","Havoc"],"picked":"Juggernaut"},{"not_picked":["Body Slam","Shrug It Off"],"picked":"Havoc"},{"not_picked":["Pommel Strike","Cleave"],"picked":"Demon Form"},{"not_picked":["True Grit","Sever Soul"],"picked":"Dropkick"},{"not_picked":["Impervious","Fiend Fire"],"picked":"Limit Break"},{"not_picked":["Wild Strike","Clash"],"picked":"Thunderclap"},{"not_picked":["Blood for Blood","Wild Strike"],"picked":"Combust"},{"not_picked":["Heavy Blade","Blood for Blood"],"picked":"Infernal Blade"},{"not_picked":["Power Through","Flex"],"picked":"Thunderclap"}],"player_experience":463641,"potions_floor_usage":[],"damage_taken":[{"damage":3.0,"enemies":"2 Louse","floor":1.0,"turns":4.0},{"damage":10.0,"enemies":"Small Slimes","floor":2.0,"turns":3.0},{"damage":6.0,"enemies":"Jaw Worm","floor":4.0,"turns":4.0},{"damage":10.0,"enemies":"Gremlin Gang","floor":5.0,"turns":5.0},{"damage":19.0,"enemies":"Gremlin Nob","floor":6.0,"turns":5.0},{"damage":6.0,"enemies":"3 Louse","floor":7.0,"turns":3.0},{"damage":11.0,"enemies":"Red Slaver","floor":10.0,"turns":3.0},{"damage":19.0,"enemies":"Blue Slaver","floor":11.0,"turns":3.0},{"damage":28.0,"enemies":"Lots of Slimes","floor":13.0,"turns":6.0},{"damage":41.0,"enemies":"The Guardian","floor":16.0,"turns":8.0},{"damage":1.0,"enemies":"Chosen","floor":18.0,"turns":5.0},{"damage":40.0,"enemies":"Spheric Guardian","floor":19.0,"turns":6.0},{"damage":72.0,"enemies":"Chosen and Byrds","floor":21.0,"turns":10.0},{"damage":14,"enemies":"Slavers","floor":23,"turns":1}],"event_choices":[{"event_name":"World of Goop","player_choice":"Gather Gold","floor":12.0,"damage_taken":0.0},{"event_name":"Bonfire Elementals","player_choice":"RARE","floor":14.0,"damage_taken":0.0}],"boss_relics":[],"potions_floor_spawned":[4,5,6,11,16,18],"seed_played":"5476867746502842951","killed_by":"Slavers","ascension_level":0,"is_trial":false}