{"gold_per_floor":[99,99,1,0,0,0,0,0,0,0,0,0,0,0,0,0,0,0,0,0,0,0,0,0,0,0,0,0,0,0,0,0,0,0,0,0,0,0,0,0,0,0,0,0,0,0,0,0,0,0,0,0,0,0,0],"floor_reached":55,"playtime":2207,"items_purged":[],"score":855,"play_id":"161b07c5-24fe-4477-b8d8-00557a57c5a7","local_time":"20181226202003","is_ascension_mode":true,"campfire_choices":[{"data":"Coolheaded","floor":8.0,"key":"SMITH"},{"data":"Defragment","floor":15.0,"key":"SMITH"},{"data":"Loop","floor":23.0,"key":"SMITH"},{"data":"Defragment","floor":29.0,"key":"SMITH"},{"data":"Chill","floor":32.0,"key":"SMITH"},{"data":"Electrodynamics","floor":40.0,"key":"SMITH"},{"floor":42.0,"key":"REST"},{"floor":47.0,"key":"RECALL"},{"floor":49,"key":"REST"},{"data":"Discovery","floor":52,"key":"SMITH"}],"neow_cost":"NONE","seed_source_timestamp":578297836984303,"circlet_count":0,"master_deck":["Strike_B","Strike_B","Strike_B","Strike_B","Defend_B","Defend_B","Defend_B","Defend_B","Dualcast","Cold Snap","Coolheaded+1","Darkness","Tempest","Defragment+1","Streamline","Reinforced Body","Electrodynamics+1","Redo","Loop+1","Sweeping Beam","Doom and Gloom","Core Surge","Chill+1","Defragment+1","Genetic Algorithm","Compile Driver+1","Discovery+1","Hologram+1","Multi-Cast","Coolheaded+1","Writhe"],"special_seed":0,"relics":["Ectoplasm","Anchor","Bag of Preparation","Bronze Scales","Torii","Orrery","Bottled Flame","Girya","Boot","Inserter","Red Mask","DataDisk","Singing Bowl","Omamori","Blood Vial"],"potions_floor_usage":[48,55,55],"damage_taken":[{"damage":6.0,"enemies":"Jaw Worm","floor":1.0,"turns":3.0},{"damage":0.0,"enemies":"Cultist","floor":2.0,"turns":4.0},{"damage":0.0,"enemies":"Small Slimes","floor":5.0,"turns":4.0},{"damage":20.0,"enemies":"Gremlin Nob","floor":6.0,"turns":5.0},{"damage":0.0,"enemies":"Blue Slaver","floor":7.0,"turns":3.0},{"damage":8.0,"enemies":"Lagavulin","floor":10.0,"turns":7.0},{"damage":1.0,"enemies":"Large Slime","floor":11.0,"turns":4.0},{"damage":6.0,"enemies":"Gremlin Nob","floor":13.0,"turns":3.0},{"damage":1.0,"enemies":"3 Louse","floor":14.0,"turns":2.0},{"damage":7.0,"enemies":"Slime Boss","floor":16.0,"turns":6.0},{"damage":0.0,"enemies":"3 Byrds","floor":18.0,"turns":2.0},{"damage":12.0,"enemies":"2 Thieves","floor":20.0,"turns":3.0},{"damage":2.0,"enemies":"Cultist and Chosen","floor":21.0,"turns":6.0},{"damage":8.0,"enemies":"Centurion and Healer","floor":22.0,"turns":6.0},{"damage":1.0,"enemies":"Book of Stabbing","floor":24.0,"turns":5.0},{"damage":0.0,"enemies":"Snecko","floor":25.0,"turns":6.0},{"damage":10.0,"enemies":"Slavers","floor":27.0,"turns":3.0},{"damage":9.0,"enemies":"Chosen and Byrds","floor":28.0,"turns":5.0},{"damage":11.0,"enemies":"Gremlin Leader","floor":30.0,"turns":6.0},{"damage":6.0,"enemies":"3 Cultists","floor":31.0,"turns":5.0},{"damage":22.0,"enemies":"Champ","floor":33.0,"turns":9.0},{"damage":16.0,"enemies":"3 Darklings","floor":35.0,"turns":5.0},{"damage":0.0,"enemies":"3 Shapes","floor":38.0,"turns":3.0},{"damage":53.0,"enemies":"Giant Head","floor":41.0,"turns":9.0},{"damage":6.0,"enemies":"Writhing Mass","floor":44.0,"turns":6.0},{"damage":7.0,"enemies":"Spire Growth","floor":46.0,"turns":5.0},{"damage":2,"enemies":"Reptomancer","floor":48,"turns":7},{"damage":8,"enemies":"Time Eater","floor":50,"turns":17},{"damage":82,"enemies":"Shield and Spear","floor":54,"turns":10},{"damage":20,"enemies":"The Heart","floor":55,"turns":3}],"seed_played":"5699248239034148510","potions_obtained":[{"floor":5.0,"key":"Poison Potion"},{"floor":11.0,"key":"Weak Potion"},{"floor":13.0,"key":"Poison Potion"},{"floor":18.0,"key":"Regen Potion"},{"floor":24.0,"key":"Regen Potion"},{"floor":31.0,"key":"Fire Potion"},{"floor":54,"key":"Dexterity Potion"}],"is_trial":false,"path_per_floor":["M","M","$","?","M","M","E","M","R","T","E","M","?","E","M","R","B",null,"M","?","M","M","M","R","E","M","T","E","M","R","E","M","R","B",null,"M","?","?","M","?","R","E","R","T","M","?","M","R","E","R","B",null,"R","$","E","B"],"character_chosen":"DEFECT","items_purchased":["Coolheaded","AttackPotion"],"campfire_rested":2,"item_purchase_floors":[3,3],"current_hp_per_floor":[69,69,69,69,69,49,49,49,49,41,40,45,39,38,38,31,80,80,80,68,80,72,72,71,71,71,61,52,52,41,49,49,27,80,64,64,64,64,64,64,11,35,35,29,49,44,44,44,69,61,84,84,84,4,0],"gold":0,"neow_bonus":"BOSS_RELIC","is_prod":false,"is_daily":false,"chose_seed":false,"campfire_upgraded":7,"win_rate":0,"timestamp":1545880803,"path_taken":["M","M","$","?","M","E","M","R","T","E","M","?","E","M","R","BOSS","M","?","M","M","?","R","E","M","T","E","M","R","E","M","R","BOSS","M","?","?","M","?","R","E","R","T","M","?","M","R","E","R","BOSS","R","$","E","BOSS"],"build_version":"2018-12-20","purchased_purges":0,"victory":false,"max_hp_per_floor":[75,75,75,75,75,75,75,75,75,75,75,80,80,80,80,80,80,80,80,80,80,80,80,80,80,80,80,80,80,80,80,80,80,80,80,80,80,80,80,80,80,80,80,80,80,82,82,84,84,84,84,84,84,86,86],"card_choices":[{"not_picked":["Leap","Streamline"],"picked":"Cold Snap","floor":1.0},{"not_picked":["Stack","Capacitor","Conserve Battery"],"picked":"SKIP","floor":2.0},{"not_picked":["Go for the Eyes","Chill"],"picked":"Darkness","floor":5.0},{"not_picked":["Coolheaded","Conserve Battery","Rebound"],"picked":"SKIP","floor":6.0},{"not_picked":["Leap","Chaos"],"picked":"Tempest","floor":7.0},{"not_picked":["Fission","Leap"],"picked":"Defragment","floor":10.0},{"not_picked":["Rebound","Streamline","Beam Cell"],"picked":"SKIP","floor":11.0},{"not_picked":["Rebound","Beam Cell"],"picked":"Streamline","floor":11.0},{"not_picked":["White Noise","Reboot"],"picked":"Reinforced Body","floor":13.0},{"not_picked":["Turbo","Coolheaded","Redo"],"picked":"SKIP","floor":14.0},{"not_picked":["Biased Cognition","Meteor Strike"],"picked":"Electrodynamics","floor":16.0},{"not_picked":["BootSequence","Gash"],"picked":"Redo","floor":17.0},{"not_picked":["Auto Shields","Redo"],"picked":"Loop","floor":17.0},{"not_picked":["Leap","Gash"],"picked":"Sweeping Beam","floor":18.0},{"not_picked":["Leap","Force Field+1"],"picked":"Core Surge","floor":20.0},{"not_picked":["Redo","Defragment","Cold Snap+1"],"picked":"SKIP","floor":21.0},{"not_picked":["Turbo","Skim"],"picked":"Chill","floor":22.0},{"not_picked":["Loop","Undo"],"picked":"Defragment","floor":24.0},{"not_picked":["Storm","Compile Driver","Doom and Gloom+1"],"picked":"SKIP","floor":25.0},{"not_picked":["Reinforced Body","Streamline","Turbo+1"],"picked":"SKIP","floor":27.0},{"not_picked":["Streamline","Rebound"],"picked":"Genetic Algorithm","floor":28.0},{"not_picked":["Coolheaded","Amplify","Leap"],"picked":"SKIP","floor":30.0},{"not_picked":["Go for the Eyes","Auto Shields"],"picked":"Compile Driver+1","floor":31.0},{"not_picked":["Skim","Undo","Redo"],"picked":"SKIP","floor":35.0},{"not_picked":["Bandage Up","Trip"],"picked":"Discovery","floor":36.0},{"not_picked":["Melter","Sweeping Beam"],"picked":"Hologram+1","floor":38.0},{"not_picked":["Melter+1","Stack+1"],"picked":"Multi-Cast","floor":41.0},{"not_picked":["Beam Cell+1","Chill+1"],"picked":"Coolheaded+1","floor":44.0},{"not_picked":["Static Discharge","Leap+1","Ball Lightning+1"],"picked":"Singing Bowl","floor":46.0},{"not_picked":["Redo","Compile Driver+1","Conserve Battery+1"],"picked":"Singing Bowl","floor":48},{"not_picked":["Double Energy","Barrage","Rebound+1"],"picked":"Singing Bowl","floor":54}],"player_experience":673290,"relics_obtained":[{"floor":6.0,"key":"Anchor"},{"floor":9.0,"key":"Bag of Preparation"},{"floor":10.0,"key":"Bronze Scales"},{"floor":13.0,"key":"Torii"},{"floor":24.0,"key":"Bottled Flame"},{"floor":27.0,"key":"Girya"},{"floor":30.0,"key":"Boot"},{"floor":41.0,"key":"DataDisk"},{"floor":43.0,"key":"Singing Bowl"},{"floor":48,"key":"Omamori"},{"floor":54,"key":"Blood Vial"}],"event_choices":[{"damage_healed":0.0,"max_hp_gain":0.0,"max_hp_loss":0.0,"gold_gain":0.0,"event_name":"World of Goop","player_choice":"Left Gold","floor":4.0,"gold_loss":1.0,"damage_taken":0.0},{"damage_healed":0.0,"max_hp_gain":5.0,"max_hp_loss":0.0,"gold_gain":0.0,"event_name":"Big Fish","player_choice":"Donut","floor":12.0,"gold_loss":0.0,"damage_taken":0.0},{"damage_healed":0.0,"max_hp_gain":0.0,"max_hp_loss":0.0,"gold_gain":0.0,"event_name":"Match and Keep!","player_choice":"1 cards matched","floor":19.0,"gold_loss":0.0,"damage_taken":0.0,"cards_obtained":["Doom and Gloom"]},{"damage_healed":0.0,"max_hp_gain":0.0,"max_hp_loss":0.0,"gold_gain":0.0,"event_name":"SensoryStone","player_choice":"Memory 1","floor":36.0,"gold_loss":0.0,"damage_taken":0.0},{"cards_removed":["Zap"],"damage_healed":0.0,"max_hp_gain":0.0,"max_hp_loss":0.0,"gold_gain":0.0,"event_name":"Falling","player_choice":"Removed Skill","floor":37.0,"gold_loss":0.0,"damage_taken":0.0},{"damage_healed":0.0,"max_hp_gain":0.0,"max_hp_loss":0.0,"gold_gain":0.0,"event_name":"Tomb of Lord Red Mask","player_choice":"Paid","floor":39.0,"gold_loss":0.0,"damage_taken":0.0,"relics_obtained":["Red Mask"]},{"damage_healed":20.0,"max_hp_gain":0.0,"max_hp_loss":0.0,"gold_gain":0.0,"event_name":"Winding Halls","player_choice":"Writhe","floor":45.0,"gold_loss":0.0,"damage_taken":0.0,"cards_obtained":["Writhe"]}],"is_beta":false,"boss_relics":[{"not_picked":["Calling Bell","Fusion Hammer"],"picked":"Orrery"},{"not_picked":["Runic Pyramid","Black Star"],"picked":"Inserter"}],"items_purged_floors":[],"is_endless":false,"potions_floor_spawned":[5,11,13,18,24,27,30,31,35,38,54],"killed_by":"The Heart","ascension_level":1}