{"path_per_floor":["M","M","?","M","?","R","?","E","T","M","M","M"],"character_chosen":"DEFECT","items_purchased":[],"gold_per_floor":[116,131,381,393,373,373,373,400,400,420,439,452,452],"floor_reached":13,"campfire_rested":1,"playtime":523,"current_hp_per_floor":[30,26,26,21,21,43,68,30,30,30,21,16,0],"items_purged":[],"gold":452,"score":87,"play_id":"a86f15c2-d92f-4f30-8263-8e946ebc793f","local_time":"20180430001005","is_prod":false,"is_daily":false,"chose_seed":false,"is_ascension_mode":false,"campfire_upgraded":0,"timestamp":1525061405,"path_taken":["M","M","?","?","?","R","?","E","T","?","M","M","?"],"build_version":"2018-04-27v3","seed_source_timestamp":1232153396386971,"purchased_purges":0,"victory":false,"master_deck":["Strike_B","Strike_B","Strike_B","Strike_B","Defend_B","Defend_B","Defend_B","Defend_B","Zap","Dualcast","Amplify","White Noise","Tempest","Regret","Loop","Hologram","FTL","Heatsinks"],"max_hp_per_floor":[75,75,75,75,75,75,75,75,75,75,75,75,75],"relics":["Cracked Core","Darkstone Periapt","Mummified Hand"],"card_choices":[{"not_picked":["Redo","Thunder Strike"],"picked":"Amplify","floor":0},{"not_picked":["Double Energy","Sweeping Beam"],"picked":"White Noise","floor":1},{"not_picked":["Go for the Eyes","Skim"],"picked":"Tempest","floor":2},{"not_picked":["Axe Kick","All For One"],"picked":"Loop","floor":4},{"not_picked":["Rip and Tear","Capacitor"],"picked":"Hologram","floor":8},{"not_picked":["Steam Power","Sweeping Beam"],"picked":"FTL","floor":10},{"not_picked":["Axe Kick","Go for the Eyes"],"picked":"Heatsinks","floor":11}],"player_experience":62672,"potions_floor_usage":[2,12],"damage_taken":[{"damage":8,"enemies":"Cultist","floor":1,"turns":5},{"damage":11,"enemies":"Jaw Worm","floor":2,"turns":2},{"damage":12,"enemies":"2 Louse","floor":4,"turns":3},{"damage":38,"enemies":"Gremlin Nob","floor":8,"turns":5},{"damage":0,"enemies":"Large Slime","floor":10,"turns":4},{"damage":9,"enemies":"Blue Slaver","floor":11,"turns":2},{"damage":5,"enemies":"Looter","floor":12,"turns":4},{"damage":17,"enemies":"The Mushroom Lair","floor":13,"turns":2}],"event_choices":[{"event_name":"Golden Shrine","player_choice":"Desecrate","floor":3,"damage_taken":0},{"event_name":"World of Goop","player_choice":"Left","floor":5,"damage_taken":0},{"event_name":"Big Fish","player_choice":"Banana","floor":7,"damage_taken":0},{"event_name":"Mushrooms","player_choice":"Fought Mushrooms","floor":13,"damage_taken":0}],"boss_relics":[],"potions_floor_spawned":[1,2,12],"seed_played":"-6464660363184374290","killed_by":"The Mushroom Lair","ascension_level":0,"is_trial":false}