{"gold_per_floor":[112,112,112,123,31,31,56,56,79,109,109,120,138,153,153,229,229,243,243,168,183,196,196,196],"floor_reached":24,"playtime":721,"items_purged":[],"score":462,"play_id":"b9af3786-9d78-4cda-a180-1077daf1efd1","local_time":"20190531235251","is_ascension_mode":true,"campfire_choices":[{"data":"Bash","floor":6,"key":"SMITH"},{"data":"Perfected Strike","floor":8,"key":"SMITH"},{"data":"Armaments","floor":15,"key":"SMITH"},{"data":"Demon Form","floor":23,"key":"SMITH"}],"neow_cost":"NONE","seed_source_timestamp":9764731490503,"circlet_count":0,"master_deck":["AscendersBane","Strike_R","Strike_R","Strike_R","Strike_R","Strike_R","Defend_R","Defend_R","Bash+1","Dropkick","Headbutt","Flash of Steel","Perfected Strike+1","Warcry","Shrug It Off","Armaments+1","Demon Form+1","Dual Wield","Thunderclap+1"],"relics":["Burning Blood","NeowsBlessing","Red Skull","Mango","Happy Flower","Torii","Coffee Dripper","Nilry\u0027s Codex"],"potions_floor_usage":[14,21],"damage_taken":[{"damage":0,"enemies":"Jaw Worm","floor":1,"turns":1},{"damage":0,"enemies":"2 Louse","floor":4,"turns":1},{"damage":0,"enemies":"3 Sentries","floor":7,"turns":1},{"damage":20,"enemies":"Lagavulin","floor":10,"turns":4},{"damage":1,"enemies":"Cultist","floor":12,"turns":3},{"damage":9,"enemies":"Red Slaver","floor":13,"turns":2},{"damage":0,"enemies":"3 Louse","floor":14,"turns":2},{"damage":41,"enemies":"The Guardian","floor":16,"turns":13},{"damage":6,"enemies":"Chosen","floor":18,"turns":5},{"damage":11,"enemies":"Spheric Guardian","floor":21,"turns":4},{"damage":11,"enemies":"Snecko","floor":22,"turns":4},{"damage":53,"enemies":"Book of Stabbing","floor":24,"turns":3}],"seed_played":"-5007620715415018748","potions_obtained":[{"floor":1,"key":"Swift Potion"},{"floor":4,"key":"Explosive Potion"},{"floor":16,"key":"Strength Potion"},{"floor":21,"key":"SteroidPotion"}],"is_trial":false,"path_per_floor":["M","?","?","M","$","R","E","R","T","E","?","M","M","M","R","B",null,"M","?","?","M","M","R","E"],"character_chosen":"IRONCLAD","items_purchased":["Flash of Steel"],"campfire_rested":0,"item_purchase_floors":[5],"current_hp_per_floor":[74,74,74,75,75,75,89,89,89,75,75,80,77,83,83,48,79,79,58,58,53,48,48,0],"gold":196,"neow_bonus":"THREE_ENEMY_KILL","is_prod":false,"is_daily":false,"chose_seed":false,"campfire_upgraded":4,"win_rate":0,"timestamp":1559339571,"path_taken":["M","?","?","?","$","R","E","R","T","E","?","M","?","M","R","BOSS","M","?","?","M","M","R","E"],"build_version":"2019-01-23","purchased_purges":0,"victory":false,"max_hp_per_floor":[75,75,75,75,75,75,89,89,89,89,89,89,89,89,89,89,89,89,89,89,89,89,89,89],"card_choices":[{"not_picked":["Armaments","Bloodletting"],"picked":"Dropkick","floor":1},{"not_picked":["Uppercut","True Grit"],"picked":"Headbutt","floor":4},{"not_picked":["Demon Form","Shrug It Off"],"picked":"Perfected Strike","floor":7},{"not_picked":["Dropkick","Intimidate"],"picked":"Warcry","floor":10},{"not_picked":["True Grit","Cleave","Barricade"],"picked":"SKIP","floor":12},{"not_picked":["Headbutt","Clothesline"],"picked":"Shrug It Off","floor":13},{"not_picked":["Clothesline","Heavy Blade"],"picked":"Armaments","floor":14},{"not_picked":["Exhume","Feed"],"picked":"Demon Form","floor":16},{"not_picked":["Body Slam","Spot Weakness"],"picked":"Dual Wield","floor":18},{"not_picked":["Warcry","Sword Boomerang"],"picked":"Thunderclap+1","floor":21},{"not_picked":["Armaments","True Grit","Warcry"],"picked":"SKIP","floor":22}],"player_experience":576093,"relics_obtained":[{"floor":7,"key":"Mango"},{"floor":9,"key":"Happy Flower"},{"floor":10,"key":"Torii"},{"floor":19,"key":"Nilry\u0027s Codex"}],"event_choices":[{"damage_healed":0,"gold_gain":0,"player_choice":"Box","damage_taken":0,"relics_obtained":["Red Skull"],"max_hp_gain":0,"max_hp_loss":0,"event_name":"Big Fish","floor":2,"gold_loss":0,"cards_obtained":["Regret"]},{"cards_removed":["Regret"],"damage_healed":0,"gold_gain":0,"player_choice":"Forget","damage_taken":0,"max_hp_gain":0,"max_hp_loss":0,"event_name":"Living Wall","floor":3,"gold_loss":0},{"cards_removed":["Defend_R"],"damage_healed":0,"gold_gain":0,"player_choice":"Card Removal","damage_taken":0,"max_hp_gain":0,"max_hp_loss":0,"event_name":"Wheel of Change","floor":11,"gold_loss":0},{"damage_healed":0,"gold_gain":0,"player_choice":"Obtained Book","damage_taken":21,"max_hp_gain":0,"max_hp_loss":0,"event_name":"Cursed Tome","floor":19,"gold_loss":0},{"cards_removed":["Defend_R"],"damage_healed":0,"gold_gain":0,"player_choice":"Gave Gold","damage_taken":0,"max_hp_gain":0,"max_hp_loss":0,"event_name":"Beggar","floor":20,"gold_loss":75}],"is_beta":false,"boss_relics":[{"not_picked":["Ectoplasm","Pandora\u0027s Box"],"picked":"Coffee Dripper"}],"items_purged_floors":[],"is_endless":false,"potions_floor_spawned":[1,4,16,21],"killed_by":"Book of Stabbing","ascension_level":20}