{"path_per_floor":["M","?","?","?","M","R","E","M","T","M","?","?","E","M","R","B",null,"M","$","M","?","$","M","R","M","T","M","M","M","E","?","R","B",null,"M","$","?","?","M","R","?","R","T","M","$"],"character_chosen":"DEFECT","items_purchased":["All For One","Finesse","Bottled Lightning","Mind Blast"],"gold_per_floor":[16,16,16,16,32,32,58,69,69,88,88,88,115,132,132,234,234,254,12,22,22,22,42,42,61,84,104,119,131,164,164,164,269,269,281,37,88,88,108,108,108,108,132,143,43,43],"floor_reached":46,"campfire_rested":4,"playtime":1999,"current_hp_per_floor":[74,74,74,74,74,74,62,60,60,58,46,46,36,30,67,45,75,64,64,46,46,46,46,75,75,75,60,57,63,55,55,75,38,75,41,41,41,41,6,53,44,56,56,32,32,0],"items_purged":[],"gold":43,"score":449,"play_id":"95c24c57-9980-4a33-b3ef-8959b2d0d9c6","local_time":"20180507165031","is_prod":false,"is_daily":false,"chose_seed":false,"is_ascension_mode":false,"campfire_upgraded":2,"timestamp":1525726231,"path_taken":["M","?","?","?","M","R","E","?","T","M","?","?","E","M","R","BOSS","M","$","M","?","$","M","R","M","T","M","?","M","E","?","R","BOSS","M","$","?","?","M","R","?","R","T","M","$","M"],"build_version":"2018-05-03","seed_source_timestamp":1895486308109899,"purchased_purges":0,"victory":false,"master_deck":["Strike_B","Defend_B","Defend_B","Defend_B","Defend_B","Zap+1","Dualcast","Cold Snap","Rebound","Heatsinks","Static Discharge+1","Defragment","FTL","Melter","Double Energy","Consume","Prime","All For One","BootSequence+1","Self Repair","Static Discharge+1","Axe Kick","Streamline","Auto Shields","Amplify+1","Streamline+1","Gash","FTL+1","Madness","Madness","Beam Cell+1","Mind Blast"],"max_hp_per_floor":[75,75,75,75,75,75,75,75,75,75,75,75,75,75,75,75,75,75,75,75,75,75,75,75,75,75,75,75,75,75,75,75,75,75,75,75,75,75,75,75,75,75,75,75,75,75],"relics":["Cracked Core","Thread and Needle","Regal Pillow","Torii","Emotion Chip","Spirit Poop","Bronze Scales","Inserter","War Paint","Ornamental Fan","Eternal Feather","Bottled Lightning","Gambling Chip","Dream Catcher"],"card_choices":[{"not_picked":["Go for the Eyes","Blizzard"],"picked":"Cold Snap","floor":1},{"not_picked":["Capacitor","Axe Kick"],"picked":"Static Discharge","floor":5},{"not_picked":["Sweeping Beam","Turbo"],"picked":"Defragment","floor":7},{"not_picked":["Turbo","Beam Cell"],"picked":"FTL","floor":8},{"not_picked":["Hologram","Go for the Eyes"],"picked":"Melter","floor":10},{"not_picked":["Ball Lightning","Buffer"],"picked":"Double Energy","floor":13},{"not_picked":["Beam Cell","Go for the Eyes"],"picked":"Consume","floor":14},{"not_picked":["Multi-Cast","Fusion"],"picked":"Prime","floor":16},{"not_picked":["Auto Shields","Melter"],"picked":"BootSequence","floor":20},{"not_picked":["Undo","Cold Snap"],"picked":"Self Repair","floor":23},{"not_picked":["Impulse","Leap"],"picked":"Static Discharge","floor":25},{"not_picked":["Cold Snap","Impulse"],"picked":"Axe Kick","floor":28},{"not_picked":["Darkness","Cold Snap"],"picked":"Streamline","floor":29},{"not_picked":["Genetic Algorithm","Undo"],"picked":"Auto Shields","floor":30},{"not_picked":["Rainbow","Redo"],"picked":"Amplify","floor":33},{"not_picked":["Stack","Auto Shields"],"picked":"Streamline","floor":35},{"not_picked":["Rebound","Sunder"],"picked":"Gash","floor":37},{"not_picked":["Turbo","Sweeping Beam"],"picked":"FTL","floor":39},{"not_picked":["Rebound","Coolheaded"],"picked":"Beam Cell","floor":44}],"player_experience":170235,"potions_floor_usage":[7,10,16,16,20,25,27,35,44,46],"damage_taken":[{"damage":1,"enemies":"Cultist","floor":1,"turns":3},{"damage":0,"enemies":"Small Slimes","floor":5,"turns":3},{"damage":12,"enemies":"3 Sentries","floor":7,"turns":5},{"damage":2,"enemies":"2 Louse","floor":8,"turns":2},{"damage":2,"enemies":"Exordium Thugs","floor":10,"turns":3},{"damage":10,"enemies":"Lagavulin","floor":13,"turns":4},{"damage":6,"enemies":"Large Slime","floor":14,"turns":3},{"damage":22,"enemies":"The Guardian","floor":16,"turns":7},{"damage":11,"enemies":"Chosen","floor":18,"turns":4},{"damage":18,"enemies":"2 Thieves","floor":20,"turns":2},{"damage":0,"enemies":"Sentry and Sphere","floor":23,"turns":2},{"damage":1,"enemies":"Snecko","floor":25,"turns":4},{"damage":22,"enemies":"Snake Plant","floor":27,"turns":4},{"damage":10,"enemies":"Chosen and Byrds","floor":28,"turns":4},{"damage":1,"enemies":"3 Cultists","floor":29,"turns":4},{"damage":15,"enemies":"Book of Stabbing","floor":30,"turns":3},{"damage":44,"enemies":"Automaton","floor":33,"turns":8},{"damage":34,"enemies":"Flame Bruiser 1 Orb","floor":35,"turns":5},{"damage":14,"enemies":"Mysterious Sphere","floor":37,"turns":5},{"damage":35,"enemies":"3 Darklings","floor":39,"turns":4},{"damage":31,"enemies":"Flame Bruiser 2 Orb","floor":44,"turns":5},{"damage":33,"enemies":"Maw","floor":46,"turns":4}],"event_choices":[{"event_name":"Transmorgrifier","player_choice":"Transform","floor":2,"damage_taken":0},{"event_name":"Accursed Blacksmith","player_choice":"Rummage","floor":3,"damage_taken":0},{"event_name":"Match and Keep!","player_choice":"1 cards matched","floor":4,"damage_taken":0},{"event_name":"Scrap Ooze","player_choice":"success","floor":11,"damage_taken":12},{"event_name":"Bonfire Elementals","player_choice":"CURSE","floor":12,"damage_taken":0},{"event_name":"Beggar","player_choice":"Ignored","floor":21,"damage_taken":0},{"event_name":"Drug Dealer","player_choice":"Ignored","floor":31,"damage_taken":0},{"event_name":"Mysterious Sphere","player_choice":"Fight","floor":37,"damage_taken":0},{"event_name":"Winding Halls","player_choice":"Embrace Madness","floor":41,"damage_taken":0}],"boss_relics":[{"not_picked":["Orrery","Lizard Tail"],"picked":"Inserter"},{"not_picked":["Astrolabe","Runic Pyramid"],"picked":"Eternal Feather"}],"potions_floor_spawned":[5,7,10,13,18,20,23,33,37,44],"seed_played":"7224715564909762418","killed_by":"Maw","ascension_level":0,"is_trial":false}