{"path_per_floor":["M","M","?","M","?","E","$","M","T","?","R","?","M","M","R","B",null,"M","?","$","?","M","R","M"],"character_chosen":"DEFECT","items_purchased":["Double Energy","Self Repair","Hello World"],"gold_per_floor":[115,130,110,130,130,155,47,63,63,63,63,63,76,95,95,193,193,212,212,59,59,48,48,59,59],"floor_reached":25,"campfire_rested":3,"playtime":1272,"current_hp_per_floor":[75,75,75,75,75,61,61,63,63,56,75,60,57,45,67,22,75,23,48,48,48,31,53,48,0],"items_purged":["Strike_B"],"gold":59,"score":203,"play_id":"a451df10-5a0a-4aab-8ea7-b19a08f19c38","local_time":"20180428201402","is_prod":false,"is_daily":false,"chose_seed":false,"is_ascension_mode":false,"campfire_upgraded":0,"timestamp":1524960842,"path_taken":["M","M","?","?","?","E","$","M","T","?","R","?","M","M","R","BOSS","M","?","$","?","M","R","M","E"],"build_version":"2018-04-27v3","seed_source_timestamp":1130854888449090,"purchased_purges":1,"victory":false,"master_deck":["Strike_B","Strike_B","Strike_B","Defend_B+1","Defend_B","Defend_B","Defend_B","Zap","Capacitor","Coolheaded","Barrage","Defragment","Double Energy","Self Repair+1","Melter","Blizzard","Blizzard","Chill","Fission","Rebound+1","Hello World","Barrage","Reinforced Body","Scrape+1"],"max_hp_per_floor":[75,75,75,75,75,75,75,75,75,75,75,75,75,75,75,75,75,75,75,75,75,75,75,75,75],"relics":["Cracked Core","NeowsBlessing","Dream Catcher","Kunai","Sundial","Black Star"],"card_choices":[{"not_picked":["Rebound","Scrape"],"picked":"Capacitor","floor":1},{"not_picked":["Cold Snap","White Noise"],"picked":"Coolheaded","floor":2},{"not_picked":["Axe Kick","Cold Snap"],"picked":"Barrage","floor":4},{"not_picked":["Stack","Go for the Eyes"],"picked":"Defragment","floor":6},{"not_picked":["Barrage","Glacier"],"picked":"Melter","floor":8},{"not_picked":["Streamline","Beam Cell"],"picked":"Blizzard","floor":11},{"not_picked":["Rebound","Impulse"],"picked":"Blizzard","floor":13},{"not_picked":["Streamline","Reprogram"],"picked":"Chill","floor":15},{"not_picked":["Redo","Seek"],"picked":"Fission","floor":16},{"not_picked":["Sunder","Scrape"],"picked":"Rebound","floor":18},{"not_picked":["Streamline","Loop"],"picked":"Barrage","floor":22},{"not_picked":["Cold Snap","Impulse"],"picked":"Reinforced Body","floor":23},{"not_picked":["Stack","Force Field"],"picked":"Scrape","floor":24}],"player_experience":9606,"potions_floor_usage":[6,6,8,13,18],"damage_taken":[{"damage":0,"enemies":"Cultist","floor":1,"turns":1},{"damage":0,"enemies":"Jaw Worm","floor":2,"turns":1},{"damage":0,"enemies":"Small Slimes","floor":4,"turns":1},{"damage":14,"enemies":"Gremlin Nob","floor":6,"turns":3},{"damage":5,"enemies":"Looter","floor":8,"turns":4},{"damage":13,"enemies":"2 Fungi Beasts","floor":13,"turns":4},{"damage":22,"enemies":"Exordium Thugs","floor":14,"turns":5},{"damage":55,"enemies":"Hexaghost","floor":16,"turns":13},{"damage":62,"enemies":"Shell Parasite","floor":18,"turns":12},{"damage":27,"enemies":"2 Thieves","floor":22,"turns":4},{"damage":15,"enemies":"Sentry and Sphere","floor":24,"turns":4},{"damage":54,"enemies":"Slavers","floor":25,"turns":3}],"event_choices":[{"event_name":"The Woman in Blue","player_choice":"Bought 1 Potion","floor":3,"damage_taken":0},{"event_name":"Bonfire Elementals","player_choice":"BASIC","floor":5,"damage_taken":0},{"event_name":"Scrap Ooze","player_choice":"success","floor":10,"damage_taken":7},{"event_name":"Shining Light","player_choice":"Entered Light","floor":12,"damage_taken":0},{"event_name":"The Library","player_choice":"Heal","floor":19,"damage_taken":0},{"event_name":"Vampires","player_choice":"Ignored","floor":21,"damage_taken":0}],"boss_relics":[{"not_picked":["Lizard Tail","Cursed Key"],"picked":"Black Star"}],"potions_floor_spawned":[1,2,4,8,16,24],"seed_played":"6197395189610889106","killed_by":"Slavers","ascension_level":0,"is_trial":false}