{"gold_per_floor":[117,129,141,159,173,206,206,206],"floor_reached":8,"playtime":257,"items_purged":[],"score":63,"play_id":"67140f7e-0def-4c3b-b60d-1102c01d7986","local_time":"20181116181831","is_ascension_mode":true,"campfire_choices":[{"data":"Uppercut","floor":7.0,"key":"SMITH"}],"neow_cost":"NONE","seed_source_timestamp":228694606553203,"circlet_count":0,"master_deck":["Strike_R","Strike_R","Strike_R","Strike_R","Strike_R","Defend_R","Defend_R","Defend_R","Defend_R","Bash","Run Through","Uppercut+1","Headbutt","Pommel Strike"],"special_seed":0,"relics":["Burning Blood","Dodecahedron"],"potions_floor_usage":[],"damage_taken":[{"damage":5.0,"enemies":"Small Slimes","floor":1.0,"turns":4.0},{"damage":14.0,"enemies":"Jaw Worm","floor":2.0,"turns":4.0},{"damage":5.0,"enemies":"2 Louse","floor":3.0,"turns":2.0},{"damage":2.0,"enemies":"Exordium Wildlife","floor":4.0,"turns":3.0},{"damage":16.0,"enemies":"Lots of Slimes","floor":5.0,"turns":6.0},{"damage":22.0,"enemies":"Lagavulin","floor":6.0,"turns":3.0},{"damage":0,"enemies":"Erikyupuro","floor":8,"turns":1}],"seed_played":"-5395031294512433195","potions_obtained":[{"floor":0.0,"key":"Languid Potion"},{"floor":0.0,"key":"SneckoOil"},{"floor":0.0,"key":"Death Potion"},{"floor":3.0,"key":"Weak Potion"},{"floor":6.0,"key":"Elixir"}],"is_trial":false,"path_per_floor":["M","M","M","M","M","E","R","E"],"character_chosen":"IRONCLAD","items_purchased":[],"campfire_rested":0,"item_purchase_floors":[],"current_hp_per_floor":[80,72,73,77,67,51,51,51],"gold":206,"neow_bonus":"THREE_SMALL_POTIONS","is_prod":false,"is_daily":false,"chose_seed":false,"campfire_upgraded":1,"win_rate":0,"timestamp":1542417511,"path_taken":["M","M","M","M","M","E","R","E"],"build_version":"2018-11-15","purchased_purges":0,"victory":false,"max_hp_per_floor":[80,80,80,80,80,80,80,80],"card_choices":[{"not_picked":["True Grit","Wild Strike"],"picked":"Run Through","floor":1.0},{"not_picked":["Cleave","Wild Strike"],"picked":"Uppercut","floor":2.0},{"not_picked":["Run Through","Heavy Blade","Rage"],"picked":"SKIP","floor":3.0},{"not_picked":["Cleave","True Grit"],"picked":"Headbutt","floor":4.0},{"not_picked":["Clash","Burning Pact"],"picked":"Pommel Strike","floor":5.0},{"not_picked":["Power Through","Massacre","Seeing Red"],"picked":"SKIP","floor":6.0}],"player_experience":628726,"relics_obtained":[{"floor":6.0,"key":"Dodecahedron"}],"event_choices":[],"is_beta":false,"boss_relics":[],"items_purged_floors":[],"is_endless":false,"potions_floor_spawned":[3,4,6],"killed_by":"Erikyupuro","ascension_level":1}