{"path_per_floor":["M","M","?","?","$","R","?","M","T","R","M","M","$","M","R","B",null,"M","?","?","M","M","E","R"],"character_chosen":"IRONCLAD","items_purchased":["Paper Frog","Pear","Swift Strike"],"gold_per_floor":[364,384,384,559,63,63,63,77,77,77,95,115,27,39,39,137,137,147,70,70,82,101,133,133,133],"floor_reached":25,"campfire_rested":2,"playtime":961,"current_hp_per_floor":[77,76,69,69,79,79,79,79,79,79,81,76,76,65,92,26,93,63,63,63,37,15,10,37,0],"items_purged":[],"gold":133,"score":212,"play_id":"827dc1f0-e030-478c-81bf-13a833e85ec5","local_time":"20180508035819","is_prod":false,"is_daily":false,"chose_seed":false,"is_ascension_mode":false,"campfire_upgraded":2,"timestamp":1525766299,"path_taken":["M","M","?","?","$","R","?","M","T","R","M","M","$","M","R","BOSS","M","?","?","M","M","E","R","M"],"build_version":"2018-05-03","seed_source_timestamp":1936589182552112,"purchased_purges":0,"victory":false,"master_deck":["Strike_R","Strike_R","Strike_R","Strike_R","Strike_R","Defend_R","Defend_R","Defend_R","Bash","Perfected Strike+1","Pommel Strike","Body Slam+1","Seeing Red","Body Slam","Feed","Swift Strike","Clash","Demon Form","J.A.X.","Rupture","Bludgeon"],"max_hp_per_floor":[80,80,80,80,90,90,90,90,90,90,90,90,90,93,93,93,93,93,93,93,93,93,93,93,93],"relics":["Burning Blood","Paper Frog","Pear","Pen Nib","Lizard Tail","Spirit Poop","Letter Opener"],"card_choices":[{"not_picked":["Carnage","Iron Wave"],"picked":"Perfected Strike","floor":1},{"not_picked":["Spot Weakness","Pummel"],"picked":"Pommel Strike","floor":2},{"not_picked":["Thunderclap","Second Wind"],"picked":"Seeing Red","floor":8},{"not_picked":["Iron Wave","Havoc"],"picked":"Body Slam","floor":11},{"not_picked":["True Grit","Fire Breathing"],"picked":"Feed","floor":12},{"not_picked":["Entrench","Anger"],"picked":"Clash","floor":14},{"not_picked":["Limit Break","Exhume"],"picked":"Demon Form","floor":16},{"not_picked":["Thunderclap","Iron Wave"],"picked":"Rupture","floor":22},{"not_picked":["Heavy Blade","Feel No Pain"],"picked":"Bludgeon","floor":23}],"player_experience":204616,"potions_floor_usage":[11,16,16,25],"damage_taken":[{"damage":9,"enemies":"Small Slimes","floor":1,"turns":5},{"damage":7,"enemies":"2 Louse","floor":2,"turns":3},{"damage":6,"enemies":"Jaw Worm","floor":8,"turns":2},{"damage":4,"enemies":"2 Fungi Beasts","floor":11,"turns":2},{"damage":11,"enemies":"Lots of Slimes","floor":12,"turns":4},{"damage":20,"enemies":"Large Slime","floor":14,"turns":4},{"damage":72,"enemies":"Hexaghost","floor":16,"turns":9},{"damage":36,"enemies":"Shell Parasite","floor":18,"turns":5},{"damage":32,"enemies":"Chosen","floor":21,"turns":4},{"damage":28,"enemies":"Snecko","floor":22,"turns":4},{"damage":60,"enemies":"Book of Stabbing","floor":23,"turns":5},{"damage":42,"enemies":"Snake Plant","floor":25,"turns":3}],"event_choices":[{"event_name":"Golden Wing","player_choice":"Card Removal","floor":3,"damage_taken":0},{"event_name":"Liars Game","player_choice":"agreed","floor":4,"damage_taken":0},{"event_name":"Transmorgrifier","player_choice":"Transform","floor":7,"damage_taken":0},{"event_name":"Drug Dealer","player_choice":"Got JAXXED","floor":19,"damage_taken":0},{"event_name":"Bonfire Elementals","player_choice":"CURSE","floor":20,"damage_taken":0}],"boss_relics":[{"not_picked":["Philosopher\u0027s Stone","Runic Pyramid"],"picked":"Lizard Tail"}],"potions_floor_spawned":[2,11,14,23],"seed_played":"-2520543294548541906","killed_by":"Snake Plant","ascension_level":0,"is_trial":false}