{"gold_per_floor":[116,136,136,147,158,216,236,267,290,290,290,290,304,328,328,449,449,469,487,47,67,40,40,40,79,106,120,120,134,49,14,14,145,145,163,496,496,513,526,526],"floor_reached":40,"playtime":1682,"items_purged":[],"score":600,"play_id":"400b87be-02c9-4e2f-9058-80350e888183","local_time":"20190520162859","is_ascension_mode":true,"campfire_choices":[{"floor":10,"key":"REST"},{"data":"Bash","floor":15,"key":"SMITH"},{"floor":23,"key":"REST"},{"floor":28,"key":"REST"},{"floor":32,"key":"REST"}],"neow_cost":"NONE","seed_source_timestamp":294511597814900,"circlet_count":0,"master_deck":["Strike_R","Strike_R","Strike_R+1","Strike_R","Strike_R","Defend_R","Defend_R","Defend_R","Defend_R","Bash+1","Clash","Rampage","Burning Pact+1","Iron Wave","Dual Wield+1","Rage+1","Pommel Strike","Injury","Double Tap+1","Rampage+1","Reaper","Clash","Thunderclap","Dark Embrace","Thunderclap","Clothesline","Combust+1","Rage+1","Trip+1","Seeing Red+1","Flex+1","Double Tap+1","Headbutt","Corruption+1","Inflame","Armaments+1","Flex+1","Flex+1"],"relics":["Burning Blood","Toxic Egg 2","Tiny Chest","Oddly Smooth Stone","Bronze Scales","NlothsMask","Orrery","HandDrill","Red Skull","Whetstone","Blood Vial","Question Card","Sozu"],"potions_floor_usage":[5,14,16,16,29,33,35],"damage_taken":[{"damage":7,"enemies":"Jaw Worm","floor":1,"turns":3},{"damage":1,"enemies":"Cultist","floor":2,"turns":4},{"damage":0,"enemies":"Small Slimes","floor":4,"turns":3},{"damage":2,"enemies":"3 Louse","floor":5,"turns":2},{"damage":45,"enemies":"3 Sentries","floor":6,"turns":10},{"damage":9,"enemies":"Red Slaver","floor":7,"turns":2},{"damage":15,"enemies":"Lagavulin","floor":8,"turns":7},{"damage":0,"enemies":"Large Slime","floor":13,"turns":5},{"damage":0,"enemies":"Exordium Wildlife","floor":14,"turns":3},{"damage":53,"enemies":"Slime Boss","floor":16,"turns":10},{"damage":0,"enemies":"Spheric Guardian","floor":18,"turns":3},{"damage":30,"enemies":"Shell Parasite","floor":19,"turns":5},{"damage":34,"enemies":"Centurion and Healer","floor":21,"turns":7},{"damage":24,"enemies":"Book of Stabbing","floor":25,"turns":4},{"damage":25,"enemies":"Snake Plant","floor":27,"turns":2},{"damage":37,"enemies":"Chosen and Byrds","floor":29,"turns":5},{"damage":86,"enemies":"Automaton","floor":33,"turns":9},{"damage":41,"enemies":"3 Shapes","floor":35,"turns":6},{"damage":58,"enemies":"3 Darklings","floor":38,"turns":7},{"damage":42,"enemies":"Sphere and 2 Shapes","floor":39,"turns":3},{"damage":55,"enemies":"Reptomancer","floor":40,"turns":5}],"seed_played":"-5497877045364294825","potions_obtained":[{"floor":2,"key":"Explosive Potion"},{"floor":4,"key":"Explosive Potion"},{"floor":8,"key":"Weak Potion"},{"floor":13,"key":"Poison Potion"},{"floor":14,"key":"Weak Potion"},{"floor":27,"key":"Regen Potion"},{"floor":29,"key":"Dexterity Potion"},{"floor":33,"key":"LiquidBronze"}],"is_trial":false,"path_per_floor":["M","M","?","M","M","E","M","E","T","R","?","?","M","M","R","B",null,"M","M","$","M","$","R","T","E","T","M","R","M","?","$","R","B",null,"M","?","?","M","M","E"],"character_chosen":"IRONCLAD","items_purchased":["HandDrill","Red Skull","Trip+1","Flex+1","Inflame"],"campfire_rested":4,"item_purchase_floors":[20,20,20,22,31],"current_hp_per_floor":[87,88,88,88,88,49,46,37,37,63,63,63,69,75,75,28,73,79,55,55,47,47,73,73,67,67,50,76,61,61,61,87,46,78,45,45,98,49,24,0],"gold":526,"neow_bonus":"TEN_PERCENT_HP_BONUS","is_prod":false,"is_daily":false,"chose_seed":false,"campfire_upgraded":1,"win_rate":0,"timestamp":1558384139,"path_taken":["M","M","?","?","M","E","M","E","T","R","?","?","M","M","R","BOSS","M","M","$","M","$","R","?","E","T","M","R","M","?","?","R","BOSS","M","?","?","M","M","E"],"build_version":"2019-05-07","purchased_purges":0,"victory":false,"max_hp_per_floor":[88,88,88,88,88,88,88,88,88,88,88,88,88,88,88,88,88,88,88,88,88,88,88,88,88,88,88,88,88,88,88,88,88,88,88,88,98,98,98,98],"card_choices":[{"not_picked":["Anger","Warcry"],"picked":"Clash","floor":1},{"not_picked":["Armaments","Clothesline"],"picked":"Rampage","floor":2},{"not_picked":["Pummel","Uppercut"],"picked":"Burning Pact+1","floor":4},{"not_picked":["Hemokinesis","Wild Strike"],"picked":"Iron Wave","floor":5},{"not_picked":["Power Through+1","Cleave"],"picked":"Dual Wield+1","floor":6},{"not_picked":["Sword Boomerang","Flex+1"],"picked":"Rage+1","floor":7},{"not_picked":["Anger","Second Wind+1"],"picked":"Pommel Strike","floor":8},{"not_picked":["Disarm+1","Entrench+1"],"picked":"Double Tap+1","floor":13},{"not_picked":["Armaments+1","Thunderclap"],"picked":"Rampage","floor":14},{"not_picked":["Brutality","Juggernaut"],"picked":"Reaper","floor":16},{"not_picked":["Headbutt","Cleave"],"picked":"Clash","floor":17},{"not_picked":["Wild Strike","Sword Boomerang"],"picked":"Thunderclap","floor":17},{"not_picked":["Pommel Strike","Hemokinesis"],"picked":"Dark Embrace","floor":17},{"not_picked":["Inflame","Combust"],"picked":"Thunderclap","floor":17},{"not_picked":["Battle Trance+1","Warcry+1"],"picked":"Clothesline","floor":17},{"not_picked":["Warcry+1","Armaments+1"],"picked":"Combust+1","floor":18},{"not_picked":["Sword Boomerang+1","Body Slam"],"picked":"Rage+1","floor":19},{"not_picked":["Anger","Cleave"],"picked":"Seeing Red+1","floor":21},{"not_picked":["Cleave+1","Reckless Charge"],"picked":"Double Tap+1","floor":25},{"not_picked":["Shrug It Off+1","Perfected Strike"],"picked":"Headbutt","floor":27},{"not_picked":["Flame Barrier+1","Thunderclap"],"picked":"Corruption+1","floor":29},{"not_picked":["Barricade","Fiend Fire","Immolate"],"picked":"Demon Form","floor":33},{"not_picked":["Heavy Blade","Inflame","Hemokinesis+1"],"picked":"Armaments+1","floor":35},{"not_picked":["Thunderclap+1","Anger","Perfected Strike"],"picked":"Flex+1","floor":38},{"not_picked":["Wild Strike+1","Anger+1","Havoc+1"],"picked":"Flex+1","floor":39}],"player_experience":894005,"relics_obtained":[{"floor":6,"key":"Tiny Chest"},{"floor":8,"key":"Oddly Smooth Stone"},{"floor":9,"key":"Bronze Scales"},{"floor":25,"key":"Whetstone"},{"floor":26,"key":"Blood Vial"}],"event_choices":[{"damage_healed":0,"gold_gain":0,"player_choice":"Gave Potion","damage_taken":0,"relics_obtained":["Toxic Egg 2"],"max_hp_gain":0,"max_hp_loss":0,"event_name":"WeMeetAgain","floor":3,"gold_loss":0},{"damage_healed":0,"gold_gain":0,"player_choice":"Take Wound","damage_taken":0,"relics_obtained":["Golden Idol"],"max_hp_gain":0,"max_hp_loss":0,"event_name":"Golden Idol","floor":11,"gold_loss":0,"cards_obtained":["Injury"]},{"damage_healed":0,"gold_gain":0,"player_choice":"Trade","damage_taken":0,"relics_obtained":["NlothsMask"],"max_hp_gain":0,"max_hp_loss":0,"event_name":"FaceTrader","floor":12,"gold_loss":0},{"damage_healed":0,"gold_gain":0,"player_choice":"Obtained Relic","damage_taken":0,"relics_obtained":["Question Card"],"max_hp_gain":0,"max_hp_loss":0,"event_name":"Addict","floor":30,"gold_loss":85},{"damage_healed":0,"gold_gain":333,"player_choice":"Gave Idol","damage_taken":0,"max_hp_gain":0,"max_hp_loss":0,"event_name":"The Moai Head","floor":36,"relics_lost":["Golden Idol"],"gold_loss":0},{"cards_removed":["Demon Form"],"damage_healed":43,"gold_gain":0,"player_choice":"Offered Rare","damage_taken":0,"max_hp_gain":10,"max_hp_loss":0,"event_name":"Bonfire Elementals","floor":37,"gold_loss":0}],"is_beta":true,"boss_relics":[{"not_picked":["Philosopher\u0027s Stone","Pandora\u0027s Box"],"picked":"Orrery"},{"not_picked":["Empty Cage","Coffee Dripper"],"picked":"Sozu"}],"items_purged_floors":[],"is_endless":false,"potions_floor_spawned":[2,4,8,13,14,27,29,33,38],"killed_by":"Reptomancer","ascension_level":5}