{"gold_per_floor":[109,184,197,197,217,217,252,252,278,339,356,356,371,381,381,485,485,496,515,515,540,23,23,43,43,43,60,60,75,75,86,86,86],"floor_reached":33,"playtime":1881,"items_purged":[],"score":286,"play_id":"bb927ad9-9609-4316-a97a-d7ff304959a9","local_time":"20181204233329","is_ascension_mode":true,"campfire_choices":[{"data":"Core Surge","floor":6,"key":"SMITH"},{"floor":8,"key":"REST"},{"data":"Streamline","floor":15,"key":"SMITH"},{"floor":23,"key":"REST"},{"floor":25,"key":"REST"},{"floor":28,"key":"REST"},{"floor":32,"key":"REST"}],"neow_cost":"NONE","seed_source_timestamp":348051432761985,"circlet_count":0,"master_deck":["Strike_B","Strike_B","Strike_B","Defend_B","Defend_B","Zap","Dualcast","Recycle","Recycle+1","Tempest","Streamline+1","Undo","Hologram","Meteor Strike","Sweeping Beam+1","Skim+1","Hologram+1","White Noise+1","Chill+1","Writhe","Darkness","Meteor Strike","Madness","Streamline","Conserve Battery","Chill","Melter","Blizzard","Creative AI"],"relics":["Cracked Core","NeowsBlessing","Boot","Bag of Marbles","Astrolabe","FossilizedHelix","Red Mask","Strange Spoon","Omamori"],"potions_floor_usage":[11,16,16,24,29,29,33,33,33,33],"damage_taken":[{"damage":0,"enemies":"Jaw Worm","floor":1,"turns":1},{"damage":0,"enemies":"Cultist","floor":3,"turns":1},{"damage":0,"enemies":"Small Slimes","floor":5,"turns":1},{"damage":60,"enemies":"3 Sentries","floor":7,"turns":11},{"damage":0,"enemies":"3 Louse","floor":11,"turns":1},{"damage":28,"enemies":"Lots of Slimes","floor":13,"turns":3},{"damage":0,"enemies":"Large Slime","floor":14,"turns":3},{"damage":27,"enemies":"Hexaghost","floor":16,"turns":10},{"damage":9,"enemies":"Chosen","floor":18,"turns":3},{"damage":22,"enemies":"2 Thieves","floor":19,"turns":3},{"damage":40,"enemies":"Masked Bandits","floor":21,"turns":5},{"damage":27,"enemies":"Snake Plant","floor":24,"turns":4},{"damage":15,"enemies":"Snecko","floor":27,"turns":5},{"damage":17,"enemies":"Centurion and Healer","floor":29,"turns":5},{"damage":48,"enemies":"Chosen and Byrds","floor":31,"turns":8},{"damage":44,"enemies":"Champ","floor":33,"turns":7}],"seed_played":"-1329526300778022481","potions_obtained":[{"floor":7,"key":"AttackPotion"},{"floor":13,"key":"Dexterity Potion"},{"floor":14,"key":"Block Potion"},{"floor":18,"key":"Ancient Potion"},{"floor":24,"key":"Dexterity Potion"},{"floor":27,"key":"SteroidPotion"},{"floor":31,"key":"EntropicBrew"}],"is_trial":false,"path_per_floor":["M","?","M","?","M","R","E","R","T","?","M","?","M","M","R","B",null,"M","M","?","?","$","R","M","R","T","M","R","M","?","M","R","B"],"character_chosen":"DEFECT","items_purchased":["Meteor Strike","Strange Spoon","Madness","Streamline","Conserve Battery"],"campfire_rested":5,"item_purchase_floors":[22,22,22,22,22],"current_hp_per_floor":[75,68,68,68,68,68,8,30,30,30,30,85,57,57,57,30,85,76,54,54,14,14,39,12,37,37,22,47,30,58,10,35,0],"gold":86,"neow_bonus":"THREE_ENEMY_KILL","is_prod":false,"is_daily":false,"chose_seed":false,"campfire_upgraded":2,"win_rate":0,"timestamp":1543984409,"path_taken":["M","?","?","?","M","R","E","R","T","?","M","?","M","M","R","BOSS","M","?","?","?","$","R","M","R","T","M","R","?","?","M","R","BOSS"],"build_version":"2018-12-4","purchased_purges":0,"victory":false,"max_hp_per_floor":[75,75,75,75,75,75,75,75,75,75,75,85,85,85,85,85,85,85,85,85,85,85,85,85,85,85,85,85,85,85,85,85,85],"card_choices":[{"not_picked":["Conserve Battery","Barrage"],"picked":"Recycle","floor":1},{"not_picked":["Go for the Eyes","Compile Driver"],"picked":"Recycle","floor":3},{"not_picked":["Cold Snap","Redo"],"picked":"Core Surge","floor":5},{"not_picked":["Chaos","Hologram"],"picked":"Tempest","floor":7},{"not_picked":["Sweeping Beam","Hello World"],"picked":"Streamline","floor":11},{"not_picked":["Steam","Auto Shields"],"picked":"Undo","floor":13},{"not_picked":["Coolheaded","Storm"],"picked":"Hologram","floor":14},{"not_picked":["Amplify","Echo Form"],"picked":"Meteor Strike","floor":16},{"not_picked":["Streamline","Compile Driver+1"],"picked":"White Noise+1","floor":18},{"not_picked":["Beam Cell+1","Steam"],"picked":"Chill+1","floor":19},{"not_picked":["Sweeping Beam","Redo+1"],"picked":"Darkness","floor":21},{"not_picked":["Steam","Turbo+1"],"picked":"Chill","floor":24},{"not_picked":["Coolheaded+1","Stack"],"picked":"Melter","floor":27},{"not_picked":["FTL","Ball Lightning"],"picked":"Blizzard","floor":29},{"not_picked":["Coolheaded","Gash"],"picked":"Creative AI","floor":31}],"player_experience":746791,"relics_obtained":[{"floor":7,"key":"Boot"},{"floor":9,"key":"Bag of Marbles"},{"floor":21,"key":"Red Mask"},{"floor":26,"key":"Omamori"}],"event_choices":[{"damage_healed":0,"gold_gain":75,"player_choice":"Touch","damage_taken":7,"max_hp_gain":0,"max_hp_loss":0,"event_name":"FaceTrader","floor":2,"gold_loss":0},{"damage_healed":0,"gold_gain":0,"player_choice":"Grow","damage_taken":0,"max_hp_gain":0,"max_hp_loss":0,"event_name":"Living Wall","floor":4,"gold_loss":0,"cards_upgraded":["Recycle"]},{"damage_healed":0,"gold_gain":61,"player_choice":"Gained Gold","damage_taken":0,"max_hp_gain":0,"max_hp_loss":0,"event_name":"Golden Wing","floor":10,"gold_loss":0},{"cards_removed":["Core Surge"],"damage_healed":45,"gold_gain":0,"player_choice":"Offered Rare","damage_taken":0,"max_hp_gain":10,"max_hp_loss":0,"event_name":"Bonfire Elementals","floor":12,"gold_loss":0},{"damage_healed":0,"gold_gain":0,"player_choice":"Opened","damage_taken":0,"relics_obtained":["FossilizedHelix"],"max_hp_gain":0,"max_hp_loss":0,"event_name":"The Mausoleum","floor":20,"gold_loss":0,"cards_obtained":["Writhe"]},{"damage_healed":0,"gold_gain":0,"player_choice":"Fought Bandits","damage_taken":0,"max_hp_gain":0,"max_hp_loss":0,"event_name":"Masked Bandits","floor":21,"gold_loss":0},{"damage_healed":28,"gold_gain":0,"player_choice":"Heal","damage_taken":0,"max_hp_gain":0,"max_hp_loss":0,"event_name":"The Library","floor":30,"gold_loss":0}],"is_beta":true,"boss_relics":[{"not_picked":["Empty Cage","Calling Bell"],"picked":"Astrolabe"}],"items_purged_floors":[],"is_endless":false,"potions_floor_spawned":[7,13,14,18,24,27,31],"killed_by":"Champ","ascension_level":3}