{"gold_per_floor":[116,116,136,11,11,40,40,72,155,55,67,67,79,106,106,179,179,189,27,40,40,53,86,86,136,136,136,154,168,168,199,199,272,272,292,306,111,122,122,151,151,169,195,206,237,11,29,64,64,64,64],"floor_reached":52,"playtime":2037,"items_purged":["Strike_R","Strike_R"],"score":2200,"play_id":"65a86281-ac34-4e2f-909e-57f29f19aaab","local_time":"20190601011207","is_ascension_mode":true,"campfire_choices":[{"data":"Clothesline","floor":7.0,"key":"SMITH"},{"data":"Whirlwind","floor":12.0,"key":"SMITH"},{"data":"Seeing Red","floor":15.0,"key":"SMITH"},{"data":"J.A.X.","floor":24.0,"key":"SMITH"},{"data":"Spot Weakness","floor":27.0,"key":"SMITH"},{"data":"Shockwave","floor":30.0,"key":"SMITH"},{"data":"Evolve","floor":32.0,"key":"SMITH"},{"floor":41.0,"key":"REST"},{"floor":49.0,"key":"REST"}],"neow_cost":"NONE","seed_source_timestamp":12541271835595,"circlet_count":0,"master_deck":["AscendersBane","Strike_R","Strike_R","Strike_R","Defend_R","Defend_R","Defend_R","Bash+1","Cleave+1","Shrug It Off","Wild Strike","Clothesline+1","Whirlwind+1","Seeing Red+1","Impervious","Warcry","Evolve+1","J.A.X.+1","Spot Weakness+1","Shockwave+1","Demon Form","Corruption+1","Dual Wield","Disarm","Thunderclap","Battle Trance","Headbutt"],"special_seed":0,"relics":["Burning Blood","NeowsBlessing","Bag of Preparation","Ancient Tea Set","Tiny Chest","Centennial Puzzle","Mark of Pain","PreservedInsect","Orichalcum","Pantograph","Matryoshka","Fusion Hammer","Bag of Marbles","Boot","Happy Flower","Bottled Lightning","Bottled Flame","Lantern","Gremlin Horn"],"potions_floor_usage":[],"damage_taken":[{"damage":0.0,"enemies":"Cultist","floor":1.0,"turns":1.0},{"damage":0.0,"enemies":"Jaw Worm","floor":3.0,"turns":1.0},{"damage":0.0,"enemies":"Lagavulin","floor":6.0,"turns":1.0},{"damage":22.0,"enemies":"3 Sentries","floor":8.0,"turns":7.0},{"damage":0.0,"enemies":"2 Louse","floor":11.0,"turns":1.0},{"damage":0.0,"enemies":"Looter","floor":13.0,"turns":1.0},{"damage":20.0,"enemies":"Lagavulin","floor":14.0,"turns":6.0},{"damage":36.0,"enemies":"The Guardian","floor":16.0,"turns":15.0},{"damage":14.0,"enemies":"2 Thieves","floor":18.0,"turns":2.0},{"damage":3.0,"enemies":"Shell Parasite","floor":20.0,"turns":4.0},{"damage":3.0,"enemies":"3 Cultists","floor":22.0,"turns":3.0},{"damage":15.0,"enemies":"Gremlin Leader","floor":23.0,"turns":4.0},{"damage":18.0,"enemies":"Snecko","floor":28.0,"turns":4.0},{"damage":8.0,"enemies":"Centurion and Healer","floor":29.0,"turns":4.0},{"damage":0.0,"enemies":"Slavers","floor":31.0,"turns":1.0},{"damage":42.0,"enemies":"Automaton","floor":33.0,"turns":7.0},{"damage":5.0,"enemies":"Orb Walker","floor":35.0,"turns":3.0},{"damage":0.0,"enemies":"3 Darklings","floor":36.0,"turns":2.0},{"damage":29.0,"enemies":"Writhing Mass","floor":38.0,"turns":5.0},{"damage":3.0,"enemies":"Reptomancer","floor":40.0,"turns":2.0},{"damage":6.0,"enemies":"Maw","floor":42.0,"turns":5.0},{"damage":9.0,"enemies":"Sphere and 2 Shapes","floor":44.0,"turns":3.0},{"damage":9.0,"enemies":"Giant Head","floor":45.0,"turns":4.0},{"damage":28.0,"enemies":"Writhing Mass","floor":47.0,"turns":6.0},{"damage":16.0,"enemies":"Nemesis","floor":48.0,"turns":5.0},{"damage":45.0,"enemies":"Time Eater","floor":50.0,"turns":5.0},{"damage":39,"enemies":"Donu and Deca","floor":51,"turns":4}],"seed_played":"6635795191322888104","potions_obtained":[{"floor":3.0,"key":"SneckoOil"},{"floor":6.0,"key":"EntropicBrew"},{"floor":8.0,"key":"Poison Potion"},{"floor":18.0,"key":"Poison Potion"},{"floor":23.0,"key":"SteroidPotion"},{"floor":28.0,"key":"Explosive Potion"},{"floor":31.0,"key":"Strength Potion"},{"floor":35.0,"key":"LiquidBronze"},{"floor":42.0,"key":"BloodPotion"},{"floor":48.0,"key":"SteroidPotion"}],"is_trial":false,"path_per_floor":["M","?","M","$","?","E","R","E","T","$","M","R","M","E","R","B",null,"M","$","M","?","M","E","R","?","T","R","M","M","R","E","R","B",null,"M","M","$","M","?","E","R","M","T","M","E","$","M","E","R","B","B",null],"character_chosen":"IRONCLAD","items_purchased":["Wild Strike","PreservedInsect","Bag of Marbles","Dual Wield","Lantern","SteroidPotion"],"campfire_rested":2,"item_purchase_floors":[4,19,37,37,46,46],"current_hp_per_floor":[74,74,75,75,75,75,75,59,59,59,65,65,71,57,57,27,63,55,55,58,58,61,52,52,52,52,52,40,38,38,44,44,33,65,66,72,72,49,49,52,74,74,74,71,75,75,53,43,65,36,28],"gold":64,"neow_bonus":"THREE_ENEMY_KILL","is_prod":false,"is_daily":false,"chose_seed":false,"campfire_upgraded":7,"win_rate":0,"timestamp":1559344327,"path_taken":["M","?","?","$","?","E","R","E","T","$","M","R","M","E","R","BOSS","M","$","M","?","M","E","R","?","T","R","M","M","R","E","R","BOSS","M","M","$","M","?","E","R","M","T","M","E","$","M","E","R","BOSS","BOSS"],"build_version":"2019-01-23","purchased_purges":2,"victory":true,"max_hp_per_floor":[75,75,75,75,75,75,75,75,75,75,75,75,75,75,75,75,75,75,75,75,75,75,75,75,75,75,75,75,75,75,75,75,75,75,75,75,75,75,75,75,75,75,75,75,75,75,75,75,75,75,75],"card_choices":[{"not_picked":["Clothesline","Anger"],"picked":"Cleave","floor":1.0},{"not_picked":["Power Through","Heavy Blade"],"picked":"Shrug It Off","floor":3.0},{"not_picked":["Clash","Rampage"],"picked":"Clothesline","floor":6.0},{"not_picked":["Rage","Clash"],"picked":"Whirlwind","floor":8.0},{"not_picked":["Heavy Blade","Infernal Blade","Sentinel"],"picked":"SKIP","floor":11.0},{"not_picked":["Metallicize","Twin Strike","Heavy Blade"],"picked":"SKIP","floor":13.0},{"not_picked":["Dark Embrace","Burning Pact"],"picked":"Seeing Red","floor":14.0},{"not_picked":["Offering","Limit Break"],"picked":"Impervious","floor":16.0},{"not_picked":["Pommel Strike","Uppercut"],"picked":"Warcry","floor":18.0},{"not_picked":["Shrug It Off","Wild Strike"],"picked":"Evolve","floor":20.0},{"not_picked":["Flame Barrier","Headbutt+1"],"picked":"Spot Weakness","floor":22.0},{"not_picked":["Havoc","Ghostly Armor+1","Hemokinesis"],"picked":"SKIP","floor":23.0},{"not_picked":["Dropkick","Body Slam+1","Pommel Strike"],"picked":"SKIP","floor":28.0},{"not_picked":["Flex","Burning Pact"],"picked":"Shockwave","floor":29.0},{"not_picked":["Hemokinesis","Cleave","Berserk"],"picked":"SKIP","floor":31.0},{"not_picked":["Brutality","Offering"],"picked":"Demon Form","floor":33.0},{"not_picked":["Warcry","True Grit"],"picked":"Corruption+1","floor":35.0},{"not_picked":["Warcry+1","Rage","Rupture"],"picked":"SKIP","floor":36.0},{"not_picked":["Iron Wave","Body Slam+1","Clash+1"],"picked":"SKIP","floor":38.0},{"not_picked":["Sever Soul","Twin Strike"],"picked":"Disarm","floor":40.0},{"not_picked":["Fire Breathing+1","Pommel Strike","Hemokinesis"],"picked":"SKIP","floor":42.0},{"not_picked":["Entrench","Impervious"],"picked":"Thunderclap","floor":44.0},{"not_picked":["Cleave","Wild Strike","Uppercut"],"picked":"SKIP","floor":45.0},{"not_picked":["Power Through","Evolve"],"picked":"Battle Trance","floor":47.0},{"not_picked":["Wild Strike+1","Clash"],"picked":"Headbutt","floor":48.0}],"player_experience":578484,"relics_obtained":[{"floor":6.0,"key":"Bag of Preparation"},{"floor":8.0,"key":"Ancient Tea Set"},{"floor":9.0,"key":"Tiny Chest"},{"floor":14.0,"key":"Centennial Puzzle"},{"floor":23.0,"key":"Orichalcum"},{"floor":26.0,"key":"Pantograph"},{"floor":31.0,"key":"Matryoshka"},{"floor":40.0,"key":"Boot"},{"floor":43.0,"key":"Happy Flower"},{"floor":43.0,"key":"Bottled Lightning"},{"floor":45.0,"key":"Bottled Flame"},{"floor":48.0,"key":"Gremlin Horn"}],"event_choices":[{"damage_healed":0.0,"max_hp_gain":0.0,"max_hp_loss":0.0,"gold_gain":0.0,"event_name":"Upgrade Shrine","player_choice":"Upgraded","floor":2.0,"gold_loss":0.0,"damage_taken":0.0,"cards_upgraded":["Bash"]},{"damage_healed":0.0,"max_hp_gain":0.0,"max_hp_loss":0.0,"gold_gain":0.0,"event_name":"Living Wall","player_choice":"Grow","floor":5.0,"gold_loss":0.0,"damage_taken":0.0,"cards_upgraded":["Cleave"]},{"damage_healed":0.0,"max_hp_gain":0.0,"max_hp_loss":0.0,"gold_gain":0.0,"event_name":"Drug Dealer","player_choice":"Obtain J.A.X.","floor":21.0,"gold_loss":0.0,"damage_taken":0.0,"cards_obtained":["J.A.X."]},{"damage_healed":0.0,"max_hp_gain":0.0,"max_hp_loss":0.0,"gold_gain":50.0,"event_name":"Nest","player_choice":"Stole From Cult","floor":25.0,"gold_loss":0.0,"damage_taken":0.0},{"cards_removed":["Defend_R"],"damage_healed":0.0,"max_hp_gain":0.0,"max_hp_loss":0.0,"gold_gain":0.0,"event_name":"Falling","player_choice":"Removed Skill","floor":39.0,"gold_loss":0.0,"damage_taken":0.0}],"is_beta":false,"boss_relics":[{"not_picked":["Eternal Feather","Orrery"],"picked":"Mark of Pain"},{"not_picked":["Tiny House","Empty Cage"],"picked":"Fusion Hammer"}],"items_purged_floors":[4,10],"is_endless":false,"potions_floor_spawned":[3,6,8,11,18,23,28,31,35,36,42,44,48],"ascension_level":20}