{"gold_per_floor":[112,125,125,142,13,13,39,39,39,39,50,50,78,93,93,167,167,182,182,196,212,60,60],"floor_reached":23,"playtime":496,"items_purged":["Strike_B"],"score":402,"play_id":"d53d051c-db6b-49d9-9035-b44cdcf95ad2","local_time":"20190629182040","is_ascension_mode":true,"campfire_choices":[{"floor":6,"key":"REST"},{"floor":15,"key":"REST"}],"neow_cost":"NONE","seed_source_timestamp":1556457107728445,"circlet_count":0,"master_deck":["AscendersBane","Strike_B","Strike_B+1","Defend_B","Defend_B","Defend_B","Defend_B","Zap+1","Dualcast","Ball Lightning","Biased Cognition+1","Ball Lightning","Coolheaded","Echo Form","Echo Form","BootSequence","Cold Snap","Conserve Battery","Compile Driver"],"special_seed":0,"relics":["Cracked Core","Regal Pillow","Singing Bowl","Matryoshka","Lantern","Nuclear Battery"],"potions_floor_usage":[13,23],"damage_taken":[{"damage":7.0,"enemies":"Jaw Worm","floor":1.0,"turns":3.0},{"damage":12,"enemies":"Small Slimes","floor":2,"turns":2},{"damage":0,"enemies":"Cultist","floor":4,"turns":2},{"damage":30,"enemies":"Lagavulin","floor":7,"turns":4},{"damage":2,"enemies":"Looter","floor":11,"turns":3},{"damage":14,"enemies":"Gremlin Nob","floor":13,"turns":3},{"damage":0,"enemies":"Red Slaver","floor":14,"turns":3},{"damage":47,"enemies":"Slime Boss","floor":16,"turns":9},{"damage":6,"enemies":"Spheric Guardian","floor":18,"turns":4},{"damage":13,"enemies":"Chosen","floor":20,"turns":4},{"damage":26,"enemies":"Snake Plant","floor":21,"turns":3},{"damage":21,"enemies":"Slavers","floor":23,"turns":3}],"seed_played":"-1410135257865458375","potions_obtained":[{"floor":7,"key":"GamblersBrew"},{"floor":16,"key":"SkillPotion"},{"floor":18,"key":"LiquidBronze"}],"is_trial":false,"path_per_floor":["M","M","?","M","$","R","E","$","T","?","M","?","E","M","R","B",null,"M","?","M","M","$","E"],"character_chosen":"DEFECT","items_purchased":["Biased Cognition","Ball Lightning","Conserve Battery","Compile Driver"],"campfire_rested":2,"item_purchase_floors":[5,5,22,22],"current_hp_per_floor":[57,45,24,24,24,60,32,32,32,37,35,35,21,23,62,15,64,60,60,47,21,21,0],"gold":60,"neow_bonus":"RANDOM_COMMON_RELIC","is_prod":false,"is_daily":false,"chose_seed":false,"campfire_upgraded":0,"win_rate":0,"timestamp":1561857640,"path_taken":["M","M","?","M","?","R","E","$","T","?","M","?","E","?","R","BOSS","M","?","?","M","$","E"],"build_version":"2019-01-23","purchased_purges":1,"victory":false,"max_hp_per_floor":[71,71,71,71,71,71,73,73,73,78,78,78,78,80,80,80,80,82,82,82,82,82,82],"card_choices":[{"not_picked":["Stack","Fusion"],"picked":"Ball Lightning","floor":1.0},{"not_picked":["Hologram","Beam Cell","Redo"],"picked":"SKIP","floor":2},{"not_picked":["Redo","Streamline","Stack"],"picked":"SKIP","floor":4},{"not_picked":["Tempest","BootSequence","Rebound"],"picked":"Singing Bowl","floor":7},{"not_picked":["Go for the Eyes","Capacitor"],"picked":"Coolheaded","floor":11},{"not_picked":["Lockon","Undo"],"picked":"Echo Form","floor":13},{"not_picked":["Leap","Sweeping Beam","Beam Cell"],"picked":"Singing Bowl","floor":14},{"not_picked":["Fission","Hyperbeam"],"picked":"Echo Form","floor":16},{"not_picked":["Leap","Rebound+1","Stack"],"picked":"Singing Bowl","floor":18},{"not_picked":["Stack","Leap"],"picked":"BootSequence","floor":20},{"not_picked":["Conserve Battery","Redo"],"picked":"Cold Snap","floor":21}],"player_experience":824801,"relics_obtained":[{"floor":7,"key":"Singing Bowl"},{"floor":9,"key":"Matryoshka"},{"floor":13,"key":"Lantern"}],"event_choices":[{"damage_healed":0,"gold_gain":0,"player_choice":"Entered Light","damage_taken":21,"max_hp_gain":0,"max_hp_loss":0,"event_name":"Shining Light","floor":3,"gold_loss":0,"cards_upgraded":["Strike_B","Zap"]},{"damage_healed":0,"gold_gain":0,"player_choice":"Donut","damage_taken":0,"max_hp_gain":5,"max_hp_loss":0,"event_name":"Big Fish","floor":10,"gold_loss":0},{"cards_removed":["Strike_B"],"damage_healed":0,"gold_gain":0,"player_choice":"Offered Basic","damage_taken":0,"max_hp_gain":0,"max_hp_loss":0,"event_name":"Bonfire Elementals","floor":12,"gold_loss":0},{"damage_healed":0,"gold_gain":0,"player_choice":"Upgraded","damage_taken":0,"max_hp_gain":0,"max_hp_loss":0,"event_name":"Upgrade Shrine","floor":19,"gold_loss":0,"cards_upgraded":["Biased Cognition"]}],"is_beta":false,"boss_relics":[{"not_picked":["Empty Cage","FrozenCore"],"picked":"Nuclear Battery"}],"items_purged_floors":[22],"is_endless":false,"potions_floor_spawned":[7,16,18],"killed_by":"Slavers","ascension_level":20}