{"path_per_floor":["M","M","M","M","$","E","M","R","T","M","?","M","R","E","R","B",null,"M","M","?","$","?","M","?","M","T","R","M","$","?","?","R"],"character_chosen":"IRONCLAD","items_purchased":["Transmutation","Juzu Bracelet","Thunderclap","Juggernaut","Bludgeon","Strawberry","Flex","Seeing Red"],"gold_per_floor":[360,371,390,400,5,31,51,51,51,63,238,254,254,289,289,391,391,405,415,415,7,7,27,27,44,71,71,86,10,10,10,10],"floor_reached":33,"campfire_rested":5,"playtime":1798,"current_hp_per_floor":[80,78,79,75,75,30,33,57,57,58,58,50,74,54,78,20,80,53,56,41,48,48,17,17,9,9,28,12,12,3,3,22],"items_purged":[],"gold":10,"score":323,"play_id":"94e25563-22a6-4321-8b4a-edcea166ae6c","local_time":"20180319223345","is_prod":false,"is_daily":false,"is_ascension_mode":true,"campfire_upgraded":0,"timestamp":1521513225,"path_taken":["M","M","M","?","$","E","M","R","T","M","?","M","R","E","R","BOSS","M","M","?","?","?","M","?","M","T","R","M","$","?","?","R","BOSS"],"build_version":"2018-03-15v3","purchased_purges":0,"victory":false,"master_deck":["Bash","Injury","Limit Break","Flex","Flex","Wild Strike","Transmutation","Thunderclap","Ghostly Armor","Thunderclap","Dropkick","Shockwave","Combust","Reaper","Shockwave","Metallicize","Clothesline","Rage","Disarm","Perfected Strike","Clash","Feel No Pain","Sword Boomerang","Infernal Blade","Seeing Red+1","Juggernaut","Bludgeon","Flex","Clash+1","Bite","Bite","Bite","Bite","Bite","Metallicize+1","Body Slam","Seeing Red"],"max_hp_per_floor":[80,80,80,80,80,80,80,80,80,80,80,80,80,80,80,80,80,80,80,85,92,92,92,64,64,64,64,64,64,64,64,64],"relics":["Burning Blood","Juzu Bracelet","Lantern","Shovel","Pen Nib","Pandora\u0027s Box","Strawberry","Ancient Tea Set"],"card_choices":[{"not_picked":["Havoc","Wild Strike"],"picked":"Limit Break"},{"not_picked":["Clothesline","Carnage"],"picked":"Flex"},{"not_picked":["Anger","True Grit"],"picked":"Flex"},{"not_picked":["Perfected Strike","Sever Soul"],"picked":"Wild Strike"},{"not_picked":["Reckless Charge","Sword Boomerang"],"picked":"Ghostly Armor"},{"not_picked":["Havoc","Dropkick"],"picked":"Thunderclap"},{"not_picked":["Clothesline","Perfected Strike"],"picked":"Dropkick"},{"not_picked":["Sword Boomerang","Warcry"],"picked":"Shockwave"},{"not_picked":["Pommel Strike","Thunderclap"],"picked":"Combust"},{"not_picked":["Exhume","Immolate"],"picked":"Reaper"},{"not_picked":["Metallicize","Cleave"],"picked":"Infernal Blade"},{"not_picked":["Hemokinesis","Feel No Pain"],"picked":"Seeing Red"},{"not_picked":["Flame Barrier","Rage"],"picked":"Clash"},{"not_picked":["Iron Wave","Body Slam"],"picked":"Metallicize"},{"not_picked":["Wild Strike","Evolve"],"picked":"Body Slam"}],"player_experience":474201,"potions_floor_usage":[16,16,16,23,23,25],"damage_taken":[{"damage":5,"enemies":"Cultist","floor":1,"turns":4},{"damage":8,"enemies":"2 Louse","floor":2,"turns":3},{"damage":5,"enemies":"Small Slimes","floor":3,"turns":4},{"damage":10,"enemies":"3 Louse","floor":4,"turns":6},{"damage":55,"enemies":"Lagavulin","floor":6,"turns":7},{"damage":3,"enemies":"2 Fungi Beasts","floor":7,"turns":3},{"damage":5,"enemies":"Large Slime","floor":10,"turns":6},{"damage":14,"enemies":"Exordium Thugs","floor":12,"turns":3},{"damage":26,"enemies":"3 Sentries","floor":14,"turns":7},{"damage":64,"enemies":"Hexaghost","floor":16,"turns":8},{"damage":33,"enemies":"Spheric Guardian","floor":18,"turns":6},{"damage":15,"enemies":"3 Byrds","floor":19,"turns":4},{"damage":52,"enemies":"Sentry and Sphere","floor":23,"turns":6},{"damage":18,"enemies":"Snake Plant","floor":25,"turns":3},{"damage":34,"enemies":"Slaver and Parasite","floor":28,"turns":8},{"damage":28,"enemies":"Champ","floor":33,"turns":6}],"event_choices":[{"event_name":"Liars Game","player_choice":"agreed","floor":11,"damage_taken":0},{"event_name":"Forgotten Altar","player_choice":"Shed Blood","floor":20,"damage_taken":0},{"event_name":"Purifier","player_choice":"One Purge","floor":22,"damage_taken":0},{"event_name":"Vampires","player_choice":"Became a vampire","floor":24,"damage_taken":0},{"event_name":"Cursed Tome","player_choice":"Stopped","floor":30,"damage_taken":0},{"event_name":"Beggar","player_choice":"Ignored","floor":31,"damage_taken":0}],"boss_relics":[{"not_picked":["Black Blood","Runic Pyramid"],"picked":"Pandora\u0027s Box"}],"potions_floor_spawned":[3,4,7,12,16,18,23],"seed_played":"8348903824036095136","killed_by":"Champ","ascension_level":1,"is_trial":false}