{"gold_per_floor":[18,18,32,51,51,85,96,125,125,125,137,149,174,194,194,289,289,305,321,340,360,1,1,19,19,19,19,19,19,52,52,52,148,148,166,166,166,166,185,185,211,211,211,229,261,261,271,2,2,2],"floor_reached":50,"playtime":2367,"items_purged":[],"score":825,"play_id":"3e182ba3-afbb-48bd-948c-3f5b77688de6","local_time":"20190415195823","is_ascension_mode":true,"campfire_choices":[{"floor":10,"key":"REST"},{"floor":15,"key":"REST"},{"floor":23,"key":"REST"},{"floor":27,"key":"REST"},{"floor":29,"key":"REST"},{"data":"Fission","floor":32,"key":"SMITH"},{"floor":40,"key":"REST"},{"floor":42,"key":"REST"},{"floor":46,"key":"REST"},{"floor":49,"key":"REST"}],"neow_cost":"NO_GOLD","seed_source_timestamp":25311277442600,"circlet_count":0,"master_deck":["Strike_B","Defend_B","Defend_B","Defend_B","Defend_B","Zap","Dualcast","Cold Snap","Fusion","Rebound","Rainbow","Cold Snap","Lockon","Buffer","Blizzard","Biased Cognition+1","Streamline","FTL","Rainbow","Static Discharge+1","Glacier","Chill+1","Storm+1","All For One","Chill+1","Fission+1","Sunder+1","Glacier","White Noise+1","Echo Form+1","Writhe","Creative AI+1","Go for the Eyes","Madness","Madness","Streamline+1","Seek","Meteor Strike","Go for the Eyes+1","Consume","Blizzard+1","Hologram+1","Self Repair+1","Double Energy","Double Energy"],"relics":["Cracked Core","Pen Nib","DataDisk","Dream Catcher","Frozen Egg 2","Runic Pyramid","Sling","MutagenicStrength","Mummified Hand","Anchor","Centennial Puzzle","Inserter","Bronze Scales","Meat on the Bone","Omamori","Juzu Bracelet"],"potions_floor_usage":[3,4,4,4,6,8,13,21,21,30,35,47,47],"damage_taken":[{"damage":0,"enemies":"Small Slimes","floor":1,"turns":3},{"damage":0,"enemies":"Cultist","floor":3,"turns":2},{"damage":2,"enemies":"Jaw Worm","floor":4,"turns":4},{"damage":30,"enemies":"3 Sentries","floor":6,"turns":9},{"damage":12,"enemies":"Large Slime","floor":7,"turns":5},{"damage":9,"enemies":"Gremlin Nob","floor":8,"turns":3},{"damage":10,"enemies":"Blue Slaver","floor":11,"turns":2},{"damage":0,"enemies":"2 Fungi Beasts","floor":12,"turns":3},{"damage":6,"enemies":"3 Sentries","floor":13,"turns":5},{"damage":8,"enemies":"Exordium Wildlife","floor":14,"turns":4},{"damage":0,"enemies":"Slime Boss","floor":16,"turns":10},{"damage":23,"enemies":"3 Byrds","floor":18,"turns":6},{"damage":8,"enemies":"Shell Parasite","floor":19,"turns":4},{"damage":14,"enemies":"Cultist and Chosen","floor":20,"turns":7},{"damage":0,"enemies":"Shelled Parasite and Fungi","floor":21,"turns":4},{"damage":14,"enemies":"Centurion and Healer","floor":24,"turns":3},{"damage":4,"enemies":"Slavers","floor":30,"turns":4},{"damage":0,"enemies":"Automaton","floor":33,"turns":10},{"damage":1,"enemies":"Orb Walker","floor":35,"turns":3},{"damage":0,"enemies":"3 Shapes","floor":39,"turns":3},{"damage":32,"enemies":"Nemesis","floor":41,"turns":5},{"damage":24,"enemies":"Sphere and 2 Shapes","floor":44,"turns":6},{"damage":0,"enemies":"Giant Head","floor":45,"turns":6},{"damage":2,"enemies":"Writhing Mass","floor":47,"turns":5},{"damage":75,"enemies":"Awakened One","floor":50,"turns":5}],"seed_played":"2903988833625445301","potions_obtained":[{"floor":2,"key":"AttackPotion"},{"floor":2,"key":"PowerPotion"},{"floor":2,"key":"FocusPotion"},{"floor":3,"key":"SpeedPotion"},{"floor":4,"key":"Dexterity Potion"},{"floor":7,"key":"Fire Potion"},{"floor":12,"key":"Strength Potion"},{"floor":16,"key":"FearPotion"},{"floor":20,"key":"LiquidBronze"},{"floor":24,"key":"PowerPotion"},{"floor":33,"key":"AttackPotion"},{"floor":44,"key":"SteroidPotion"},{"floor":45,"key":"EssenceOfSteel"}],"is_trial":false,"path_per_floor":["M","?","M","M","$","E","M","E","T","R","M","M","E","M","R","B",null,"M","M","M","M","$","R","M","?","T","R","?","R","E","?","R","B",null,"M","?","?","?","M","R","E","R","T","M","E","R","M","$","R","B"],"character_chosen":"DEFECT","items_purchased":["All For One","Sling","Self Repair+1","Double Energy","Juzu Bracelet"],"campfire_rested":9,"item_purchase_floors":[22,22,48,48,48],"current_hp_per_floor":[75,75,75,73,73,43,31,22,22,44,34,34,28,20,42,42,75,52,44,30,30,30,52,38,38,38,60,60,75,71,71,71,71,75,74,65,65,65,65,75,43,65,65,41,41,63,61,61,75,0],"gold":2,"neow_bonus":"REMOVE_TWO","is_prod":false,"is_daily":false,"chose_seed":false,"campfire_upgraded":1,"win_rate":0,"timestamp":1555372703,"path_taken":["M","?","M","M","?","E","M","E","T","R","?","M","E","M","R","BOSS","M","M","M","M","$","R","M","?","T","R","?","R","E","?","R","BOSS","M","?","?","?","?","R","E","R","T","M","E","R","M","$","R","BOSS"],"build_version":"2019-04-04","purchased_purges":0,"victory":false,"max_hp_per_floor":[75,75,75,75,75,75,75,75,75,75,75,75,75,75,75,75,75,75,75,75,75,75,75,75,75,75,75,75,75,75,75,75,75,75,75,75,75,75,75,75,75,75,75,75,75,75,75,75,75,75],"card_choices":[{"not_picked":["Stack","White Noise"],"picked":"Cold Snap","floor":1},{"not_picked":["Turbo","Go for the Eyes"],"picked":"Fusion","floor":3},{"not_picked":["Steam","Hologram"],"picked":"Rebound","floor":4},{"not_picked":["Rebound","Hologram"],"picked":"Rainbow","floor":6},{"not_picked":["Go for the Eyes","Aggregate"],"picked":"Cold Snap","floor":7},{"not_picked":["Reinforced Body","Cold Snap"],"picked":"Lockon","floor":8},{"not_picked":["Ball Lightning","Skim"],"picked":"Cold Snap","floor":10},{"not_picked":["Capacitor","Aggregate"],"picked":"Buffer","floor":11},{"not_picked":["Ball Lightning","Hologram"],"picked":"Blizzard","floor":12},{"not_picked":["Conserve Battery","Hologram"],"picked":"Biased Cognition","floor":13},{"not_picked":["FTL","Steam"],"picked":"Streamline","floor":14},{"not_picked":["Barrage","Force Field"],"picked":"FTL","floor":15},{"not_picked":["All For One","Seek"],"picked":"Rainbow","floor":16},{"not_picked":["Steam+1","Rebound"],"picked":"Static Discharge+1","floor":18},{"not_picked":["Streamline+1","Reprogram+1"],"picked":"Glacier","floor":19},{"not_picked":["Sunder+1","Leap"],"picked":"Chill+1","floor":20},{"not_picked":["Barrage","Rebound"],"picked":"Storm+1","floor":21},{"not_picked":["Leap+1","Streamline"],"picked":"Chill+1","floor":23},{"not_picked":["Cold Snap","Barrage"],"picked":"Fission","floor":24},{"not_picked":["Sweeping Beam","Recycle+1"],"picked":"Sunder+1","floor":27},{"not_picked":["BootSequence","Turbo+1"],"picked":"White Noise+1","floor":29},{"not_picked":["BootSequence","Blizzard"],"picked":"Echo Form+1","floor":30},{"not_picked":["Biased Cognition+1","Buffer+1"],"picked":"Creative AI+1","floor":33},{"not_picked":["Cold Snap+1","Genetic Algorithm+1"],"picked":"Go for the Eyes","floor":35},{"not_picked":["Gash+1","Conserve Battery"],"picked":"Streamline+1","floor":39},{"not_picked":["Barrage","Steam"],"picked":"Seek","floor":40},{"not_picked":["Conserve Battery+1","Doom and Gloom"],"picked":"Meteor Strike","floor":41},{"not_picked":["Stack","Fusion+1"],"picked":"Go for the Eyes+1","floor":42},{"not_picked":["Self Repair+1","Glacier"],"picked":"Consume","floor":44},{"not_picked":["Redo","Hologram"],"picked":"Blizzard+1","floor":45},{"not_picked":["Compile Driver+1","Barrage+1"],"picked":"Hologram+1","floor":46},{"not_picked":["Barrage+1","Multi-Cast","Stack"],"picked":"SKIP","floor":47},{"not_picked":["Hologram+1","Heatsinks+1"],"picked":"Double Energy","floor":49}],"player_experience":798444,"relics_obtained":[{"floor":6,"key":"Pen Nib"},{"floor":8,"key":"DataDisk"},{"floor":9,"key":"Dream Catcher"},{"floor":13,"key":"Frozen Egg 2"},{"floor":26,"key":"Mummified Hand"},{"floor":30,"key":"Anchor"},{"floor":41,"key":"Bronze Scales"},{"floor":43,"key":"Meat on the Bone"},{"floor":45,"key":"Omamori"}],"event_choices":[{"damage_healed":0,"gold_gain":0,"player_choice":"Got Potions","damage_taken":0,"max_hp_gain":0,"max_hp_loss":0,"event_name":"Lab","floor":2,"gold_loss":0},{"damage_healed":0,"gold_gain":0,"player_choice":"Inject Mutagens","damage_taken":0,"relics_obtained":["MutagenicStrength"],"max_hp_gain":0,"max_hp_loss":0,"event_name":"Drug Dealer","floor":25,"gold_loss":0},{"damage_healed":0,"gold_gain":0,"player_choice":"Read","damage_taken":0,"max_hp_gain":0,"max_hp_loss":0,"event_name":"The Library","floor":28,"gold_loss":0,"cards_obtained":["Glacier"]},{"damage_healed":0,"gold_gain":0,"player_choice":"Opened","damage_taken":0,"relics_obtained":["Centennial Puzzle"],"max_hp_gain":0,"max_hp_loss":0,"event_name":"The Mausoleum","floor":31,"gold_loss":0,"cards_obtained":["Writhe"]},{"damage_healed":0,"gold_gain":0,"player_choice":"Embrace Madness","damage_taken":9,"max_hp_gain":0,"max_hp_loss":0,"event_name":"Winding Halls","floor":36,"gold_loss":0,"cards_obtained":["Madness","Madness"]},{"cards_removed":["Cold Snap"],"damage_healed":0,"gold_gain":0,"player_choice":"Removed Attack","damage_taken":0,"max_hp_gain":0,"max_hp_loss":0,"event_name":"Falling","floor":37,"gold_loss":0},{"cards_removed":["Strike_B"],"damage_healed":0,"gold_gain":0,"player_choice":"Card Removal","damage_taken":0,"max_hp_gain":0,"max_hp_loss":0,"event_name":"Wheel of Change","floor":38,"gold_loss":0}],"is_beta":true,"boss_relics":[{"not_picked":["Pandora\u0027s Box","Ectoplasm"],"picked":"Runic Pyramid"},{"not_picked":["FrozenCore","Philosopher\u0027s Stone"],"picked":"Inserter"}],"items_purged_floors":[],"is_endless":false,"potions_floor_spawned":[3,4,7,12,16,20,24,33,44,45],"killed_by":"Awakened One","ascension_level":4}