{"gold_per_floor":[111,126,136,149,162,162,180,212,212,212,229,239,239,273,273,376,376,393,393,404,404,404,404,429,429,508,508,527,442,442,461,461,461],"floor_reached":33,"playtime":1674,"items_purged":[],"score":349,"play_id":"406fde01-e8c2-4e0a-8dbc-d86502fd1615","local_time":"20190703235031","is_ascension_mode":true,"campfire_choices":[{"data":"Biased Cognition","floor":6,"key":"SMITH"},{"data":"Zap","floor":10,"key":"SMITH"},{"data":"Dualcast","floor":15,"key":"SMITH"},{"floor":23,"key":"REST"},{"data":"Seek","floor":25,"key":"SMITH"},{"data":"Coolheaded","floor":32,"key":"SMITH"}],"neow_cost":"NONE","seed_source_timestamp":109774487860900,"circlet_count":0,"master_deck":["Strike_B+1","Strike_B+1","Strike_B+1","Defend_B+1","Defend_B+1","Defend_B+1","Zap+1","Dualcast+1","Hologram","Cold Snap","Cold Snap","Biased Cognition+1","Self Repair+1","Seek+1","Steam+1","Genetic Algorithm+1","Meteor Strike","Coolheaded+1","Hello World+1"],"relics":["Cracked Core","NeowsBlessing","Frozen Egg 2","Unceasing Top","Oddly Smooth Stone","Eternal Feather","Enchiridion","Girya","Blue Candle","Pantograph"],"potions_floor_usage":[4,7,11,14,20,31],"damage_taken":[{"damage":0,"enemies":"Small Slimes","floor":1,"turns":1},{"damage":0,"enemies":"2 Louse","floor":2,"turns":1},{"damage":0,"enemies":"Cultist","floor":3,"turns":1},{"damage":4,"enemies":"3 Louse","floor":4,"turns":4},{"damage":6,"enemies":"Looter","floor":5,"turns":3},{"damage":4,"enemies":"Blue Slaver","floor":7,"turns":3},{"damage":9,"enemies":"Lagavulin","floor":8,"turns":8},{"damage":0,"enemies":"2 Fungi Beasts","floor":11,"turns":1},{"damage":20,"enemies":"Lots of Slimes","floor":12,"turns":3},{"damage":2,"enemies":"3 Sentries","floor":14,"turns":3},{"damage":48,"enemies":"Slime Boss","floor":16,"turns":15},{"damage":24,"enemies":"Spheric Guardian","floor":18,"turns":8},{"damage":15,"enemies":"2 Thieves","floor":20,"turns":3},{"damage":25,"enemies":"Slavers","floor":24,"turns":6},{"damage":3,"enemies":"Centurion and Healer","floor":28,"turns":4},{"damage":17,"enemies":"3 Cultists","floor":31,"turns":5},{"damage":95,"enemies":"Collector","floor":33,"turns":10}],"seed_played":"8779298702460954796","potions_obtained":[{"floor":2,"key":"SpeedPotion"},{"floor":4,"key":"GamblersBrew"},{"floor":7,"key":"Explosive Potion"},{"floor":12,"key":"PowerPotion"},{"floor":18,"key":"FearPotion"},{"floor":28,"key":"Weak Potion"}],"is_trial":false,"path_per_floor":["M","M","M","M","M","R","M","E","T","R","M","M","?","E","R","B",null,"M","?","M","?","?","R","E","R","T","T","M","?","?","M","R","B"],"character_chosen":"DEFECT","items_purchased":[],"campfire_rested":1,"item_purchase_floors":[],"current_hp_per_floor":[75,75,75,71,65,65,61,52,52,52,52,32,57,65,65,27,63,49,49,44,44,28,59,44,53,53,53,60,60,60,53,62,0],"gold":461,"neow_bonus":"THREE_ENEMY_KILL","is_prod":false,"is_daily":false,"chose_seed":false,"campfire_upgraded":5,"win_rate":0,"timestamp":1562212231,"path_taken":["M","M","M","M","M","R","M","E","T","R","M","M","?","E","R","BOSS","M","?","M","?","?","R","E","R","T","?","?","?","?","M","R","BOSS"],"build_version":"2019-06-30","purchased_purges":0,"victory":false,"max_hp_per_floor":[75,75,75,75,75,75,75,75,75,75,75,75,75,75,75,75,75,75,75,75,75,75,75,75,75,75,75,75,75,75,75,75,75],"card_choices":[{"not_picked":["Barrage","Conserve Battery"],"picked":"Hologram","floor":1},{"not_picked":["Self Repair","Lockon"],"picked":"Cold Snap","floor":2},{"not_picked":["Barrage","Compile Driver","Streamline"],"picked":"SKIP","floor":3},{"not_picked":["Skim","Barrage"],"picked":"Cold Snap","floor":4},{"not_picked":["Streamline","Static Discharge"],"picked":"Biased Cognition","floor":5},{"not_picked":["Lockon","Ball Lightning","Chaos"],"picked":"SKIP","floor":7},{"not_picked":["Steam Power","Stack","Hologram"],"picked":"SKIP","floor":8},{"not_picked":["Multi-Cast","Coolheaded","Skim"],"picked":"SKIP","floor":11},{"not_picked":["Hello World+1","Sunder"],"picked":"Self Repair+1","floor":12},{"not_picked":["Undo","Sweeping Beam","Turbo"],"picked":"SKIP","floor":14},{"not_picked":["Rainbow","Reboot"],"picked":"Seek","floor":16},{"not_picked":["Streamline","Hologram"],"picked":"Steam+1","floor":18},{"not_picked":["Conserve Battery","Ball Lightning"],"picked":"Genetic Algorithm+1","floor":20},{"not_picked":["Multi-Cast","Ball Lightning"],"picked":"Hello World+1","floor":24},{"not_picked":["Sweeping Beam","Steam","Blizzard"],"picked":"SKIP","floor":28},{"not_picked":["Auto Shields","Compile Driver","Ball Lightning"],"picked":"SKIP","floor":31}],"player_experience":1182881,"relics_obtained":[{"floor":8,"key":"Frozen Egg 2"},{"floor":9,"key":"Unceasing Top"},{"floor":14,"key":"Oddly Smooth Stone"},{"floor":22,"key":"Enchiridion"},{"floor":24,"key":"Girya"},{"floor":26,"key":"Blue Candle"}],"event_choices":[{"damage_healed":25,"gold_gain":0,"player_choice":"Banana","damage_taken":0,"max_hp_gain":0,"max_hp_loss":0,"event_name":"Big Fish","floor":13,"gold_loss":0},{"damage_healed":0,"gold_gain":0,"player_choice":"Simplicity","damage_taken":0,"max_hp_gain":0,"max_hp_loss":0,"event_name":"Back to Basics","floor":19,"gold_loss":0,"cards_upgraded":["Strike_B","Strike_B","Strike_B","Strike_B","Defend_B","Defend_B","Defend_B","Defend_B"]},{"damage_healed":0,"gold_gain":0,"cards_transformed":["Strike_B","Defend_B"],"player_choice":"Became Test Subject","damage_taken":0,"max_hp_gain":0,"max_hp_loss":0,"event_name":"Drug Dealer","floor":21,"gold_loss":0,"cards_obtained":["Meteor Strike","Coolheaded"]},{"damage_healed":0,"gold_gain":0,"player_choice":"Obtained Book","damage_taken":16,"max_hp_gain":0,"max_hp_loss":0,"event_name":"Cursed Tome","floor":22,"gold_loss":0},{"damage_healed":0,"gold_gain":0,"player_choice":"Obtained Relic","damage_taken":0,"relics_obtained":["Pantograph"],"max_hp_gain":0,"max_hp_loss":0,"event_name":"Addict","floor":29,"gold_loss":85},{"damage_healed":0,"gold_gain":0,"player_choice":"Ignored","damage_taken":0,"max_hp_gain":0,"max_hp_loss":0,"event_name":"Ghosts","floor":30,"gold_loss":0}],"is_beta":true,"boss_relics":[{"not_picked":["Fusion Hammer","Coffee Dripper"],"picked":"Eternal Feather"}],"items_purged_floors":[],"is_endless":false,"potions_floor_spawned":[2,4,7,12,18,28],"killed_by":"Collector","ascension_level":5}