{"gold_per_floor":[117,117,82,96,110,127,148,178,178,178,197,225,240,265,265,365,365,384,402,402],"floor_reached":20,"playtime":762,"items_purged":[],"score":206,"play_id":"bbb1bbeb-ac62-4eea-8de9-4d323fe86d7d","local_time":"20181124121305","is_ascension_mode":true,"campfire_choices":[{"data":"Crippling Poison","floor":10,"key":"SMITH"},{"data":"After Image","floor":15,"key":"SMITH"}],"neow_cost":"PERCENT_DAMAGE","seed_source_timestamp":897558544522233,"circlet_count":0,"master_deck":["Defend_G","Defend_G","Defend_G","Defend_G","Defend_G","Strike_G","Strike_G","Strike_G","Strike_G","Strike_G","Survivor","Neutralize+1","Bouncing Flask","Crippling Poison+1","Poisoned Stab","Noxious Fumes","Dodge and Roll","After Image+1","Cloak And Dagger","PiercingWail","After Image","Concentrate+1"],"special_seed":0,"relics":["Ring of the Serpent","Calipers","Odd Mushroom","Smiling Mask","Letter Opener","StoneCalendar","Pocketwatch"],"potions_floor_usage":[8,12],"damage_taken":[{"damage":0.0,"enemies":"2 Louse","floor":1.0,"turns":3.0},{"damage":0.0,"enemies":"Jaw Worm","floor":4.0,"turns":4.0},{"damage":0.0,"enemies":"Cultist","floor":5.0,"turns":4.0},{"damage":1.0,"enemies":"2 Fungi Beasts","floor":6.0,"turns":4.0},{"damage":4.0,"enemies":"The Mushroom Lair","floor":7.0,"turns":3.0},{"damage":7,"enemies":"Lagavulin","floor":8,"turns":7},{"damage":1,"enemies":"Looter","floor":11,"turns":4},{"damage":18,"enemies":"3 Sentries","floor":12,"turns":8},{"damage":0,"enemies":"Blue Slaver","floor":13,"turns":5},{"damage":7,"enemies":"Lagavulin","floor":14,"turns":6},{"damage":2,"enemies":"Hexaghost","floor":16,"turns":9},{"damage":0,"enemies":"Chosen","floor":18,"turns":6},{"damage":3,"enemies":"3 Byrds","floor":19,"turns":4}],"seed_played":"-4978402866892237881","potions_obtained":[{"floor":1.0,"key":"PowerPotion"},{"floor":4.0,"key":"Energy Potion"},{"floor":7.0,"key":"Weak Potion"},{"floor":11,"key":"Weak Potion"},{"floor":13,"key":"Block Potion"},{"floor":18,"key":"GamblersBrew"}],"is_trial":false,"path_per_floor":["M","?","?","M","M","M","?","E","T","R","M","E","M","E","R","B",null,"M","M","$"],"character_chosen":"THE_SILENT","items_purchased":[],"campfire_rested":0,"item_purchase_floors":[],"current_hp_per_floor":[49,49,66,66,66,65,61,54,54,54,53,35,35,28,28,26,70,70,67,67],"gold":402,"neow_bonus":"ONE_RARE_RELIC","is_prod":false,"is_daily":false,"chose_seed":false,"campfire_upgraded":2,"win_rate":0,"timestamp":1543086785,"path_taken":["M","?","?","M","M","M","?","E","T","R","M","E","M","E","R","BOSS","M","M","$"],"build_version":"2018-11-15","purchased_purges":0,"victory":false,"max_hp_per_floor":[70,70,70,70,70,70,70,70,70,70,70,70,70,70,70,70,70,70,70,70],"card_choices":[{"not_picked":["Flechettes","Outmaneuver"],"picked":"Bouncing Flask","floor":1.0},{"not_picked":["Infinite Blades","Backflip"],"picked":"Crippling Poison","floor":4.0},{"not_picked":["Dagger Spray","Concentrate"],"picked":"Poisoned Stab","floor":5.0},{"not_picked":["Finisher","Slice","Endless Agony"],"picked":"SKIP","floor":6.0},{"not_picked":["Tactician","Slice"],"picked":"Noxious Fumes","floor":7.0},{"not_picked":["Acrobatics","Poisoned Stab"],"picked":"Dodge and Roll","floor":8},{"not_picked":["Quick Slash","Infinite Blades","Deflect"],"picked":"SKIP","floor":11},{"not_picked":["Sucker Punch","Quick Slash"],"picked":"After Image","floor":12},{"not_picked":["Noxious Fumes","Endless Agony"],"picked":"Cloak And Dagger","floor":13},{"not_picked":["Flying Knee","Envenom"],"picked":"PiercingWail","floor":14},{"not_picked":["Bullet Time","Corpse Explosion"],"picked":"After Image","floor":16},{"not_picked":["Quick Slash","Reflex+1"],"picked":"Concentrate+1","floor":18},{"not_picked":["Blade Dance+1","Cloak And Dagger","Prepared"],"picked":"SKIP","floor":19}],"player_experience":656524,"relics_obtained":[{"floor":7.0,"key":"Odd Mushroom"},{"floor":8,"key":"Smiling Mask"},{"floor":9,"key":"Letter Opener"},{"floor":12,"key":"StoneCalendar"},{"floor":14,"key":"Pocketwatch"}],"event_choices":[{"damage_healed":0.0,"max_hp_gain":0.0,"max_hp_loss":0.0,"gold_gain":0.0,"event_name":"Living Wall","player_choice":"Grow","floor":2.0,"gold_loss":0.0,"damage_taken":0.0,"cards_upgraded":["Neutralize"]},{"damage_healed":17.0,"max_hp_gain":0.0,"max_hp_loss":0.0,"gold_gain":0.0,"event_name":"The Cleric","player_choice":"Healed","floor":3.0,"gold_loss":35.0,"damage_taken":0.0},{"damage_healed":0.0,"max_hp_gain":0.0,"max_hp_loss":0.0,"gold_gain":0.0,"event_name":"Mushrooms","player_choice":"Fought Mushrooms","floor":7.0,"gold_loss":0.0,"damage_taken":0.0}],"is_beta":false,"boss_relics":[{"not_picked":["Eternal Feather","Velvet Choker"],"picked":"Ring of the Serpent"}],"items_purged_floors":[],"is_endless":false,"potions_floor_spawned":[1,4,7,11,13,18],"ascension_level":1}