{"gold_per_floor":[110,60,60,36,11,11,55,71,71,71,96,131,156,156,156,281,281,299,312,312,331,0,36,36,55,55,90,18,33,33,33,33,33],"floor_reached":33,"playtime":1387,"items_purged":[],"score":377,"play_id":"7608fff0-3566-4585-bf00-611356db621e","local_time":"20190530031200","is_ascension_mode":true,"campfire_choices":[{"data":"Steam","floor":6,"key":"SMITH"},{"floor":10,"key":"REST"},{"floor":15,"key":"REST"},{"floor":24,"key":"REST"},{"floor":30,"key":"REST"},{"data":"Rainbow","floor":32,"key":"SMITH"}],"neow_cost":"NONE","seed_source_timestamp":724623266754600,"circlet_count":0,"master_deck":["Defend_B","Defend_B","Defend_B","Defend_B","Zap","Dualcast","Compile Driver","Beam Cell","Steam+1","Rainbow+1","Compile Driver","Double Energy","Genetic Algorithm","Beam Cell","All For One","FTL+1","Doom and Gloom+1","Reboot","Seek","Glacier","Loop+1","Reprogram","Compile Driver+1","Writhe","Rebound+1","Double Energy","Melter+1","Bite+1","Bite+1","Bite+1","Bite+1","Bite+1"],"relics":["Cracked Core","Golden Idol","Anchor","Bottled Lightning","Question Card","Darkstone Periapt","Cursed Key","Frozen Egg 2","Bag of Preparation","Molten Egg 2","Meat on the Bone"],"potions_floor_usage":[7,16,23,25,27,33],"damage_taken":[{"damage":5,"enemies":"Small Slimes","floor":1,"turns":2},{"damage":37,"enemies":"3 Sentries","floor":7,"turns":7},{"damage":0,"enemies":"2 Louse","floor":8,"turns":3},{"damage":0,"enemies":"Jaw Worm","floor":11,"turns":3},{"damage":12,"enemies":"Gremlin Nob","floor":12,"turns":3},{"damage":10,"enemies":"Lots of Slimes","floor":13,"turns":3},{"damage":32,"enemies":"Hexaghost","floor":16,"turns":8},{"damage":6,"enemies":"Chosen","floor":18,"turns":5},{"damage":16,"enemies":"3 Byrds","floor":19,"turns":5},{"damage":17,"enemies":"Sentry and Sphere","floor":21,"turns":4},{"damage":15,"enemies":"Slavers","floor":23,"turns":4},{"damage":0,"enemies":"3 Cultists","floor":25,"turns":4},{"damage":13,"enemies":"Book of Stabbing","floor":27,"turns":5},{"damage":19,"enemies":"Cultist and Chosen","floor":29,"turns":8},{"damage":68,"enemies":"Champ","floor":33,"turns":7}],"seed_played":"2809908014376546968","potions_obtained":[{"floor":1,"key":"FocusPotion"},{"floor":11,"key":"SmokeBomb"},{"floor":13,"key":"LiquidBronze"},{"floor":21,"key":"AttackPotion"},{"floor":23,"key":"Swift Potion"},{"floor":25,"key":"FocusPotion"},{"floor":29,"key":"Swift Potion"}],"is_trial":false,"path_per_floor":["M","?","?","?","$","R","E","M","T","R","M","E","M","T","R","B",null,"M","M","?","M","$","E","R","M","T","E","$","M","R","?","R","B"],"character_chosen":"DEFECT","items_purchased":["Steam","Frozen Egg 2","Loop+1","Double Energy"],"campfire_rested":4,"item_purchase_floors":[5,22,22,28],"current_hp_per_floor":[70,70,52,52,52,52,15,15,15,37,37,25,15,15,37,5,75,69,53,53,36,36,21,43,43,49,36,36,29,53,53,53,0],"gold":33,"neow_bonus":"TRANSFORM_CARD","is_prod":false,"is_daily":false,"chose_seed":false,"campfire_upgraded":2,"win_rate":0,"timestamp":1559200320,"path_taken":["M","?","?","?","?","R","E","M","T","R","M","E","?","?","R","BOSS","M","?","?","M","?","E","R","M","T","E","$","M","R","?","R","BOSS"],"build_version":"2019-05-28","purchased_purges":0,"victory":false,"max_hp_per_floor":[75,75,75,75,75,75,75,75,75,75,75,75,75,75,75,75,75,75,75,75,75,75,75,75,75,81,81,81,81,81,56,56,56],"card_choices":[{"not_picked":["Undo","Sweeping Beam"],"picked":"Beam Cell","floor":1},{"not_picked":["Steam","Buffer"],"picked":"Rainbow","floor":7},{"not_picked":["Sweeping Beam","Recycle"],"picked":"Compile Driver","floor":8},{"not_picked":["Rip and Tear","Compile Driver"],"picked":"Double Energy","floor":11},{"not_picked":["Cold Snap","Chill"],"picked":"Genetic Algorithm","floor":12},{"not_picked":["Undo","Go for the Eyes","Rebound"],"picked":"Beam Cell","floor":13},{"not_picked":["Amplify","Hyperbeam","Buffer"],"picked":"All For One","floor":16},{"not_picked":["Coolheaded","Redo","Ball Lightning+1"],"picked":"FTL+1","floor":18},{"not_picked":["Self Repair","Chill","Stack"],"picked":"Doom and Gloom+1","floor":19},{"not_picked":["Rebound+1","Gash+1","Rip and Tear"],"picked":"Glacier","floor":21},{"not_picked":["Steam Power","Heatsinks+1","Cold Snap"],"picked":"Reprogram","floor":23},{"not_picked":["Barrage+1","Blizzard","Streamline"],"picked":"Compile Driver+1","floor":25},{"not_picked":["Chaos","Hello World+1","Leap"],"picked":"Rebound+1","floor":27},{"not_picked":["Ball Lightning+1","Heatsinks+1","Beam Cell+1"],"picked":"Melter+1","floor":29}],"player_experience":919973,"relics_obtained":[{"floor":7,"key":"Anchor"},{"floor":9,"key":"Bottled Lightning"},{"floor":12,"key":"Question Card"},{"floor":14,"key":"Darkstone Periapt"},{"floor":23,"key":"Bag of Preparation"},{"floor":26,"key":"Molten Egg 2"},{"floor":27,"key":"Meat on the Bone"}],"event_choices":[{"cards_removed":["Strike_B"],"damage_healed":0,"gold_gain":0,"player_choice":"Card Removal","damage_taken":0,"max_hp_gain":0,"max_hp_loss":0,"event_name":"The Cleric","floor":2,"gold_loss":50},{"damage_healed":0,"gold_gain":0,"player_choice":"Take Damage","damage_taken":18,"relics_obtained":["Golden Idol"],"max_hp_gain":0,"max_hp_loss":0,"event_name":"Golden Idol","floor":3,"gold_loss":0},{"damage_healed":0,"gold_gain":0,"player_choice":"Left Gold","damage_taken":0,"max_hp_gain":0,"max_hp_loss":0,"event_name":"World of Goop","floor":4,"gold_loss":24},{"damage_healed":0,"gold_gain":0,"cards_transformed":["Strike_B","Strike_B"],"player_choice":"Became Test Subject","damage_taken":0,"max_hp_gain":0,"max_hp_loss":0,"event_name":"Drug Dealer","floor":20,"gold_loss":0,"cards_obtained":["Reboot","Seek"]},{"damage_healed":0,"gold_gain":0,"player_choice":"Became a vampire","damage_taken":0,"max_hp_gain":0,"max_hp_loss":25,"event_name":"Vampires","floor":31,"gold_loss":0,"cards_obtained":["Bite","Bite","Bite","Bite","Bite"]}],"is_beta":true,"boss_relics":[{"not_picked":["Eternal Feather","Calling Bell"],"picked":"Cursed Key"}],"items_purged_floors":[],"is_endless":false,"potions_floor_spawned":[1,11,13,21,23,25,29],"killed_by":"Champ","ascension_level":4}