{"gold_per_floor":[110,127,127,28,46,78,78,78,78,153,173,187,206,8,8,8],"floor_reached":16,"playtime":362,"items_purged":[],"score":117,"play_id":"bd8e4f9f-4c8a-463f-a89e-62b2808c4d0d","local_time":"20180703035004","is_ascension_mode":true,"campfire_choices":[{"data":"Perfected Strike","floor":7,"key":"SMITH"},{"data":"Barricade","floor":15,"key":"SMITH"}],"neow_cost":"NONE","seed_source_timestamp":101187940944100,"circlet_count":0,"master_deck":["Strike_R","Strike_R","Strike_R","Strike_R","Strike_R","Defend_R","Defend_R","Defend_R","Defend_R","Bash","Demon Form","Infernal Blade","Perfected Strike+1","Regret","Inflame","Wild Strike","Twin Strike","Inflame","Barricade+1","Blood for Blood","Ghostly Armor"],"relics":["Burning Blood","Pear","The Courier","Orichalcum","Bag of Preparation","Toolbox"],"potions_floor_usage":[13],"damage_taken":[{"damage":7,"enemies":"Small Slimes","floor":1,"turns":4},{"damage":12,"enemies":"Jaw Worm","floor":2,"turns":2},{"damage":0,"enemies":"2 Louse","floor":5,"turns":1},{"damage":18,"enemies":"Gremlin Nob","floor":6,"turns":3},{"damage":0,"enemies":"Exordium Wildlife","floor":11,"turns":3},{"damage":8,"enemies":"2 Fungi Beasts","floor":12,"turns":2},{"damage":5,"enemies":"Looter","floor":13,"turns":2},{"damage":67,"enemies":"The Guardian","floor":16,"turns":9}],"seed_played":"-7547701808579430675","potions_obtained":[{"floor":1,"key":"GamblersBrew"},{"floor":13,"key":"SmokeBomb"}],"is_trial":false,"path_per_floor":["M","M","?","$","M","E","R","?","T","?","M","M","M","$","R"],"character_chosen":"IRONCLAD","items_purchased":["Inflame","Wild Strike","Toolbox"],"campfire_rested":0,"item_purchase_floors":[4,4,14],"current_hp_per_floor":[79,73,83,83,89,77,77,70,70,59,65,63,64,64,64,0],"gold":8,"neow_bonus":"ONE_RANDOM_RARE_CARD","is_prod":false,"is_daily":false,"chose_seed":false,"campfire_upgraded":2,"win_rate":0,"timestamp":1530604204,"path_taken":["M","M","?","$","M","E","R","?","T","?","M","M","M","$","R","BOSS"],"build_version":"2018-06-29","purchased_purges":0,"victory":false,"max_hp_per_floor":[80,80,90,90,90,90,90,90,90,90,90,90,90,90,90,90],"card_choices":[{"not_picked":["Feel No Pain","Perfected Strike"],"picked":"Infernal Blade","floor":1},{"not_picked":["Clothesline","Flex"],"picked":"Perfected Strike","floor":2},{"not_picked":["Clash","Anger"],"picked":"Twin Strike","floor":5},{"not_picked":["Corruption","Havoc"],"picked":"Inflame","floor":6},{"not_picked":["Iron Wave","Heavy Blade"],"picked":"Barricade","floor":11},{"not_picked":["Iron Wave","Thunderclap"],"picked":"Blood for Blood","floor":12},{"not_picked":["Blood for Blood","Warcry"],"picked":"Ghostly Armor","floor":13}],"player_experience":378535,"relics_obtained":[{"floor":6,"key":"The Courier"},{"floor":9,"key":"Bag of Preparation"}],"event_choices":[{"event_name":"Big Fish","player_choice":"Box","floor":3,"damage_taken":0},{"event_name":"Scrap Ooze","player_choice":"success","floor":8,"damage_taken":7},{"event_name":"World of Goop","player_choice":"Gather Gold","floor":10,"damage_taken":0}],"boss_relics":[],"items_purged_floors":[],"is_endless":false,"potions_floor_spawned":[1,13],"killed_by":"The Guardian","ascension_level":3}