{"gold_per_floor":[110,110,128,148,161,161,161,195,218,218,251,251,278,298,298,298],"floor_reached":16,"playtime":421,"items_purged":[],"score":150,"play_id":"2a02f78c-2f4e-4eec-b9ee-b917b8172d4d","local_time":"20190530033641","is_ascension_mode":true,"campfire_choices":[{"data":"Limit Break","floor":6,"key":"SMITH"},{"floor":10,"key":"REST"},{"floor":12,"key":"REST"},{"floor":15,"key":"REST"}],"neow_cost":"NONE","seed_source_timestamp":727071488679000,"circlet_count":0,"master_deck":["Strike_R","Strike_R","Strike_R","Strike_R","Strike_R","Defend_R","Defend_R+1","Defend_R+1","Defend_R","Bash","Twin Strike","Pommel Strike","Seeing Red","Limit Break+1","Burning Pact","Flex","Impervious","Twin Strike"],"relics":["Burning Blood","NeowsBlessing","Vajra","Anchor","Boot","PreservedInsect","Pen Nib"],"potions_floor_usage":[5,8,11],"damage_taken":[{"damage":0,"enemies":"Jaw Worm","floor":1,"turns":1},{"damage":0,"enemies":"Small Slimes","floor":3,"turns":1},{"damage":0,"enemies":"Cultist","floor":4,"turns":1},{"damage":2,"enemies":"Red Slaver","floor":5,"turns":4},{"damage":22,"enemies":"Lagavulin","floor":8,"turns":5},{"damage":30,"enemies":"Gremlin Nob","floor":11,"turns":4},{"damage":40,"enemies":"Lagavulin","floor":13,"turns":4},{"damage":5,"enemies":"Blue Slaver","floor":14,"turns":4},{"damage":49,"enemies":"Hexaghost","floor":16,"turns":11}],"seed_played":"-7093965405967431304","potions_obtained":[{"floor":4,"key":"Weak Potion"},{"floor":5,"key":"Poison Potion"},{"floor":8,"key":"SkillPotion"}],"is_trial":false,"path_per_floor":["M","?","M","M","M","R","?","E","T","R","E","R","E","M","R","B"],"character_chosen":"IRONCLAD","items_purchased":[],"campfire_rested":3,"item_purchase_floors":[],"current_hp_per_floor":[80,64,70,76,80,80,47,31,31,55,31,55,21,22,46,0],"gold":298,"neow_bonus":"THREE_ENEMY_KILL","is_prod":false,"is_daily":false,"chose_seed":false,"campfire_upgraded":1,"win_rate":0,"timestamp":1559201801,"path_taken":["M","?","M","M","M","R","?","E","T","R","E","R","E","M","R","BOSS"],"build_version":"2019-05-28","purchased_purges":0,"victory":false,"max_hp_per_floor":[80,80,80,80,80,80,80,80,80,80,80,80,80,80,80,80],"card_choices":[{"not_picked":["Heavy Blade","Entrench"],"picked":"Twin Strike","floor":1},{"not_picked":["True Grit","Evolve"],"picked":"Pommel Strike","floor":3},{"not_picked":["Perfected Strike","Combust"],"picked":"Seeing Red","floor":4},{"not_picked":["Pummel","Dual Wield"],"picked":"Limit Break","floor":5},{"not_picked":["Armaments","Cleave"],"picked":"Burning Pact","floor":8},{"not_picked":["Blood for Blood","Armaments"],"picked":"Flex","floor":11},{"not_picked":["Wild Strike","Intimidate"],"picked":"Impervious","floor":13},{"not_picked":["Shrug It Off","Sever Soul"],"picked":"Twin Strike","floor":14}],"player_experience":922352,"relics_obtained":[{"floor":8,"key":"Anchor"},{"floor":9,"key":"Boot"},{"floor":11,"key":"PreservedInsect"},{"floor":13,"key":"Pen Nib"}],"event_choices":[{"damage_healed":0,"gold_gain":0,"player_choice":"Entered Light","damage_taken":16,"max_hp_gain":0,"max_hp_loss":0,"event_name":"Shining Light","floor":2,"gold_loss":0,"cards_upgraded":["Defend_R","Defend_R"]},{"damage_healed":0,"gold_gain":0,"player_choice":"Success","damage_taken":33,"relics_obtained":["Vajra"],"max_hp_gain":0,"max_hp_loss":0,"event_name":"Scrap Ooze","floor":7,"gold_loss":0}],"is_beta":true,"boss_relics":[],"items_purged_floors":[],"is_endless":false,"potions_floor_spawned":[4,5,8],"killed_by":"Hexaghost","ascension_level":5}