{"gold_per_floor":[119,119,294,307,323,381,381,396,423,441,411,423,438,471,471,567,567,567],"floor_reached":18,"playtime":1115,"items_purged":[],"score":200,"play_id":"bcb0b295-b890-4bc9-9474-094a28851dae","local_time":"20180714064149","is_ascension_mode":true,"campfire_choices":[{"floor":7,"key":"REST"},{"data":"Infernal Blade","floor":15,"key":"SMITH"}],"neow_cost":"FIFTY_PERCENT_DAMAGE","seed_source_timestamp":443290062116693,"circlet_count":0,"master_deck":["Strike_R","Strike_R","Strike_R","Strike_R+1","Strike_R+1","Defend_R","Defend_R","Defend_R","Defend_R","Bash","Shrug It Off","Doubt","Power Through","Infernal Blade","Shockwave","Ghostly Armor","Infernal Blade+1","Clothesline","Clothesline","Spot Weakness","Feed","Barricade"],"relics":["Burning Blood","Gambling Chip","Tiny Chest","Orichalcum","Regal Pillow","Eternal Feather"],"potions_floor_usage":[8,8,13,16],"damage_taken":[{"damage":7,"enemies":"Jaw Worm","floor":1,"turns":3},{"damage":0,"enemies":"2 Louse","floor":4,"turns":3},{"damage":1,"enemies":"Cultist","floor":5,"turns":3},{"damage":1,"enemies":"3 Sentries","floor":6,"turns":4},{"damage":6,"enemies":"Exordium Thugs","floor":8,"turns":6},{"damage":0,"enemies":"3 Louse","floor":10,"turns":4},{"damage":1,"enemies":"Looter","floor":11,"turns":4},{"damage":5,"enemies":"Large Slime","floor":12,"turns":7},{"damage":2,"enemies":"2 Fungi Beasts","floor":13,"turns":3},{"damage":14,"enemies":"Gremlin Nob","floor":14,"turns":4},{"damage":48,"enemies":"The Guardian","floor":16,"turns":17},{"damage":84,"enemies":"3 Byrds","floor":18,"turns":11}],"seed_played":"3558127772175711451","potions_obtained":[{"floor":1,"key":"SpeedPotion"},{"floor":4,"key":"Block Potion"},{"floor":5,"key":"SkillPotion"},{"floor":14,"key":"Explosive Potion"}],"is_trial":false,"path_per_floor":["M","?","?","M","M","E","R","M","T","M","M","M","M","E","R","B",null],"character_chosen":"IRONCLAD","items_purchased":[],"campfire_rested":1,"item_purchase_floors":[],"current_hp_per_floor":[39,23,23,29,34,39,63,63,63,69,74,75,79,71,71,35,80,0],"gold":567,"neow_bonus":"ONE_RARE_RELIC","is_prod":false,"is_daily":false,"chose_seed":false,"campfire_upgraded":1,"win_rate":0,"timestamp":1531564909,"path_taken":["M","?","?","M","?","E","R","M","T","M","M","M","M","E","R","BOSS","M"],"build_version":"2018-07-13","purchased_purges":0,"victory":false,"max_hp_per_floor":[80,80,80,80,80,80,80,80,80,80,80,80,80,80,80,80,80,83],"card_choices":[{"not_picked":["Sentinel","Bloodletting"],"picked":"Shrug It Off","floor":1},{"not_picked":["Cleave","Headbutt"],"picked":"Power Through","floor":4},{"not_picked":["Flex","Rage"],"picked":"Infernal Blade","floor":5},{"not_picked":["Wild Strike","Pommel Strike"],"picked":"Shockwave","floor":6},{"not_picked":["Heavy Blade","Hemokinesis"],"picked":"Ghostly Armor","floor":8},{"not_picked":["Searing Blow","Havoc"],"picked":"Infernal Blade","floor":10},{"not_picked":["Flex","Body Slam"],"picked":"Clothesline","floor":11},{"not_picked":["Warcry","Headbutt"],"picked":"Clothesline","floor":12},{"not_picked":["Sword Boomerang","Armaments"],"picked":"Spot Weakness","floor":13},{"not_picked":["Whirlwind","Feel No Pain"],"picked":"Feed","floor":14},{"not_picked":["Immolate","Juggernaut"],"picked":"Barricade","floor":16}],"player_experience":425855,"relics_obtained":[{"floor":6,"key":"Tiny Chest"},{"floor":9,"key":"Orichalcum"},{"floor":14,"key":"Regal Pillow"}],"event_choices":[{"event_name":"Shining Light","player_choice":"Entered Light","floor":2,"damage_taken":0},{"event_name":"Liars Game","player_choice":"agreed","floor":3,"damage_taken":0}],"boss_relics":[{"not_picked":["Empty Cage","Runic Dome"],"picked":"Eternal Feather"}],"items_purged_floors":[],"is_endless":false,"potions_floor_spawned":[1,4,5,6,14],"killed_by":"3 Byrds","ascension_level":3}