{"path_per_floor":["M","?","?","?","M","R","E","$","T","M","M","R","E","M","R","B",null,"M","M","T","$","?","R","M","R","T","$","R","M"],"character_chosen":"IRONCLAD","items_purchased":["Iron Wave","Omamori"],"gold_per_floor":[119,69,69,69,82,82,110,85,108,128,140,140,167,187,187,292,292,276,286,286,58,58,58,74,74,123,23,23,41,41],"floor_reached":30,"campfire_rested":3,"playtime":1745,"current_hp_per_floor":[80,80,80,64,67,67,59,59,59,63,67,80,32,38,62,57,80,76,55,55,55,55,79,80,80,80,80,80,54,0],"items_purged":["Strike_R","Strike_R"],"gold":41,"score":238,"play_id":"611315bd-1075-4b3a-aa57-38d7d4b6fbf9","local_time":"20180416171747","is_prod":false,"is_daily":false,"chose_seed":false,"is_ascension_mode":false,"campfire_upgraded":3,"timestamp":1523913467,"path_taken":["M","?","?","?","M","R","E","$","T","?","M","R","E","M","R","BOSS","M","M","?","?","?","R","?","R","T","$","R","M","M"],"build_version":"2018-04-12","seed_source_timestamp":83012085672620,"purchased_purges":2,"victory":false,"master_deck":["Strike_R+1","Defend_R","Defend_R+1","Defend_R","Defend_R","Bash","Iron Wave","Shrug It Off+1","Iron Wave","Rampage","Ghostly Armor","Demon Form+1","Searing Blow","Rampage+1"],"max_hp_per_floor":[80,80,80,80,80,80,80,80,80,80,80,80,80,80,80,80,80,80,80,80,80,80,80,80,80,80,80,80,80,80],"relics":["Burning Blood","Dream Catcher","Lantern","Toolbox","Runic Cube","Letter Opener","Omamori","Bronze Scales"],"card_choices":[{"not_picked":["Rupture","Reckless Charge"],"picked":"Iron Wave","floor":1},{"not_picked":["Heavy Blade","Evolve"],"picked":"Shrug It Off","floor":5},{"not_picked":["Hemokinesis","Spot Weakness"],"picked":"Rampage","floor":11},{"not_picked":["Whirlwind","Rage"],"picked":"Ghostly Armor","floor":12},{"not_picked":["Offering","Exhume"],"picked":"Demon Form","floor":16},{"not_picked":["Cleave","Twin Strike"],"picked":"Searing Blow","floor":19},{"not_picked":["Shrug It Off","Twin Strike"],"picked":"Rampage","floor":23}],"player_experience":663779,"potions_floor_usage":[16,16,16,24],"damage_taken":[{"damage":1,"enemies":"2 Louse","floor":1,"turns":3},{"damage":3,"enemies":"Jaw Worm","floor":5,"turns":4},{"damage":14,"enemies":"3 Sentries","floor":7,"turns":13},{"damage":2,"enemies":"Cultist","floor":10,"turns":5},{"damage":2,"enemies":"Large Slime","floor":11,"turns":9},{"damage":54,"enemies":"Lagavulin","floor":13,"turns":9},{"damage":0,"enemies":"Exordium Thugs","floor":14,"turns":7},{"damage":11,"enemies":"Slime Boss","floor":16,"turns":8},{"damage":10,"enemies":"2 Thieves","floor":18,"turns":4},{"damage":27,"enemies":"Spheric Guardian","floor":19,"turns":9},{"damage":4,"enemies":"Snake Plant","floor":24,"turns":6},{"damage":32,"enemies":"Slaver and Parasite","floor":29,"turns":10},{"damage":74,"enemies":"Cultist and Chosen","floor":30,"turns":5}],"event_choices":[{"event_name":"The Cleric","player_choice":"Card Removal","floor":2,"damage_taken":0},{"event_name":"The Lab","player_choice":"Got Potions","floor":3,"damage_taken":0},{"event_name":"Shining Light","player_choice":"Entered Light","floor":4,"damage_taken":0},{"event_name":"Beggar","player_choice":"Ignored","floor":22,"damage_taken":0}],"boss_relics":[{"not_picked":["Tiny House","Cursed Key"],"picked":"Runic Cube"}],"potions_floor_spawned":[1,5,10,19],"seed_played":"3230254671875163390","killed_by":"Cultist and Chosen","ascension_level":0,"is_trial":false}