{"gold_per_floor":[118,118,118,83,97,97,124,124,124,124,124,144,144,165,165,290,290,261,261,261,282,207,207,122,122,174,174],"floor_reached":27,"playtime":796,"items_purged":[],"score":259,"play_id":"dbca2f0e-5da9-498a-ad74-6725bf302382","local_time":"20190701054309","is_ascension_mode":true,"campfire_choices":[{"data":"Defragment","floor":6,"key":"SMITH"},{"floor":8,"key":"REST"},{"floor":10,"key":"RECALL"},{"floor":15,"key":"REST"},{"floor":23,"key":"REST"},{"floor":25,"key":"REST"}],"neow_cost":"NONE","seed_source_timestamp":312510495364200,"circlet_count":0,"master_deck":["Strike_B+1","Defend_B","Defend_B","Defend_B","Zap","Dualcast+1","Beam Cell","Defragment+1","Beam Cell","White Noise","Scrape","Buffer","Defragment","Double Energy","FTL","Chill","Rebound","Genetic Algorithm","Necronomicurse","Sunder","Compile Driver","Rainbow"],"relics":["Lizard Tail","Blood Vial","Golden Idol","Orrery","Necronomicon","Incense Burner","Oddly Smooth Stone"],"potions_floor_usage":[14,18],"damage_taken":[{"damage":6,"enemies":"Cultist","floor":1,"turns":4},{"damage":7,"enemies":"Jaw Worm","floor":5,"turns":2},{"damage":28,"enemies":"Gremlin Nob","floor":7,"turns":4},{"damage":0,"enemies":"Small Slimes","floor":12,"turns":3},{"damage":9,"enemies":"2 Fungi Beasts","floor":14,"turns":2},{"damage":48,"enemies":"The Guardian","floor":16,"turns":11},{"damage":18,"enemies":"2 Thieves","floor":18,"turns":5},{"damage":19,"enemies":"Spheric Guardian","floor":21,"turns":5},{"damage":101,"enemies":"Slavers","floor":27,"turns":8}],"seed_played":"-304290537003411231","potions_obtained":[{"floor":12,"key":"Poison Potion"},{"floor":16,"key":"EssenceOfSteel"}],"is_trial":false,"path_per_floor":["M","?","?","?","M","R","E","R","T","R","?","M","?","M","R","B",null,"M","?","?","M","?","R","?","R","T","E"],"character_chosen":"DEFECT","items_purchased":[],"campfire_rested":4,"item_purchase_floors":[],"current_hp_per_floor":[69,62,47,65,58,58,30,52,52,52,52,54,54,47,69,23,62,46,30,30,13,13,35,35,57,57,0],"gold":174,"neow_bonus":"BOSS_RELIC","is_prod":false,"is_daily":false,"chose_seed":false,"campfire_upgraded":1,"win_rate":0,"timestamp":1561974189,"path_taken":["M","?","?","?","M","R","E","R","T","R","?","M","?","?","R","BOSS","M","?","?","M","?","R","?","R","T","E"],"build_version":"2019-06-30","purchased_purges":0,"victory":false,"max_hp_per_floor":[75,75,75,75,75,75,75,75,75,75,75,75,75,75,75,75,75,75,75,75,75,75,75,75,75,75,75],"card_choices":[{"not_picked":["Compile Driver","Rebound"],"picked":"Beam Cell","floor":1},{"not_picked":["Streamline","Stack"],"picked":"Defragment","floor":5},{"not_picked":["Heatsinks","Compile Driver"],"picked":"Beam Cell","floor":7},{"not_picked":["Genetic Algorithm","Go for the Eyes"],"picked":"White Noise","floor":12},{"not_picked":["Sweeping Beam","Ball Lightning"],"picked":"Scrape","floor":14},{"not_picked":["Seek","Biased Cognition"],"picked":"Buffer","floor":16},{"not_picked":["Beam Cell","Gash"],"picked":"Defragment","floor":17},{"not_picked":["Leap","Steam"],"picked":"Double Energy","floor":17},{"not_picked":["Stack","Redo"],"picked":"FTL","floor":17},{"not_picked":["Rebound","Conserve Battery"],"picked":"Chill","floor":17},{"not_picked":["Lockon","Redo"],"picked":"Rebound","floor":17},{"not_picked":["Doom and Gloom","Loop"],"picked":"Genetic Algorithm","floor":18},{"not_picked":["Steam Power+1","Skim"],"picked":"Rainbow","floor":21}],"player_experience":1169955,"relics_obtained":[{"floor":7,"key":"Blood Vial"},{"floor":19,"key":"Necronomicon"},{"floor":26,"key":"Oddly Smooth Stone"}],"event_choices":[{"cards_removed":["Strike_B"],"damage_healed":0,"gold_gain":0,"player_choice":"Card Removal","damage_taken":7,"max_hp_gain":0,"max_hp_loss":0,"event_name":"Golden Wing","floor":2,"gold_loss":0},{"damage_healed":0,"gold_gain":0,"player_choice":"Entered Light","damage_taken":15,"max_hp_gain":0,"max_hp_loss":0,"event_name":"Shining Light","floor":3,"gold_loss":0,"cards_upgraded":["Strike_B","Dualcast"]},{"damage_healed":18,"gold_gain":0,"player_choice":"Healed","damage_taken":0,"max_hp_gain":0,"max_hp_loss":0,"event_name":"The Cleric","floor":4,"gold_loss":35},{"damage_healed":0,"gold_gain":0,"player_choice":"Take Wound","damage_taken":0,"relics_obtained":["Golden Idol"],"max_hp_gain":0,"max_hp_loss":0,"event_name":"Golden Idol","floor":11,"gold_loss":0,"cards_obtained":["Injury"]},{"cards_removed":["Injury"],"damage_healed":0,"gold_gain":0,"player_choice":"Purged","damage_taken":0,"max_hp_gain":0,"max_hp_loss":0,"event_name":"Purifier","floor":13,"gold_loss":0},{"damage_healed":0,"gold_gain":0,"player_choice":"Obtained Book","damage_taken":16,"max_hp_gain":0,"max_hp_loss":0,"event_name":"Cursed Tome","floor":19,"gold_loss":0},{"damage_healed":0,"gold_gain":0,"cards_transformed":["Defend_B","Strike_B"],"player_choice":"Became Test Subject","damage_taken":0,"max_hp_gain":0,"max_hp_loss":0,"event_name":"Drug Dealer","floor":20,"gold_loss":0,"cards_obtained":["Sunder","Compile Driver"]},{"cards_removed":["Strike_B"],"damage_healed":0,"gold_gain":0,"player_choice":"Gave Gold","damage_taken":0,"max_hp_gain":0,"max_hp_loss":0,"event_name":"Beggar","floor":22,"gold_loss":75},{"damage_healed":0,"gold_gain":0,"player_choice":"Obtained Relic","damage_taken":0,"relics_obtained":["Incense Burner"],"max_hp_gain":0,"max_hp_loss":0,"event_name":"Addict","floor":24,"gold_loss":85}],"is_beta":true,"boss_relics":[{"not_picked":["Snecko Eye","Busted Crown"],"picked":"Orrery"}],"items_purged_floors":[],"is_endless":false,"potions_floor_spawned":[12,16],"killed_by":"Slavers","ascension_level":5}