{"gold_per_floor":[117,133,151,168,168,168,182,199,199,214,214,230,262,272,272,272],"floor_reached":16,"playtime":658,"items_purged":[],"score":216,"play_id":"95025350-70e3-46bc-8318-1dc69d7bcbbe","local_time":"20190527210020","is_ascension_mode":true,"campfire_choices":[{"data":"Metallicize","floor":6,"key":"SMITH"},{"data":"Limit Break","floor":15,"key":"SMITH"}],"neow_cost":"NONE","seed_source_timestamp":1101955389173594,"circlet_count":0,"master_deck":["AscendersBane","Strike_R","Strike_R","Strike_R","Strike_R","Defend_R","Defend_R","Defend_R","Defend_R","Bash","Clothesline","Pommel Strike","Metallicize+1","Armaments+1","Flame Barrier","Limit Break+1","Shrug It Off","True Grit","Shrug It Off"],"relics":["Burning Blood","Vajra","Bronze Scales"],"potions_floor_usage":[14],"damage_taken":[{"damage":7,"enemies":"Cultist","floor":1,"turns":4},{"damage":11,"enemies":"Jaw Worm","floor":2,"turns":4},{"damage":9,"enemies":"2 Louse","floor":3,"turns":2},{"damage":5,"enemies":"Blue Slaver","floor":4,"turns":6},{"damage":25,"enemies":"Lots of Slimes","floor":7,"turns":8},{"damage":1,"enemies":"2 Fungi Beasts","floor":8,"turns":5},{"damage":10,"enemies":"Exordium Wildlife","floor":10,"turns":5},{"damage":7,"enemies":"3 Louse","floor":12,"turns":6},{"damage":24,"enemies":"Lagavulin","floor":13,"turns":8},{"damage":9,"enemies":"Exordium Thugs","floor":14,"turns":6},{"damage":30,"enemies":"Hexaghost","floor":16,"turns":11}],"seed_played":"-7154950175921226776","potions_obtained":[{"floor":7,"key":"Weak Potion"},{"floor":10,"key":"EssenceOfSteel"},{"floor":13,"key":"Fire Potion"}],"is_trial":false,"path_per_floor":["M","M","M","M","?","R","M","M","T","M","?","M","E","M","R","B"],"character_chosen":"IRONCLAD","items_purchased":[],"campfire_rested":0,"item_purchase_floors":[],"current_hp_per_floor":[74,69,66,67,67,67,48,53,53,49,49,48,30,27,27,0],"gold":272,"neow_bonus":"TEN_PERCENT_HP_BONUS","is_prod":false,"is_daily":false,"chose_seed":false,"campfire_upgraded":2,"win_rate":0,"timestamp":1559016020,"path_taken":["M","M","?","M","?","R","M","M","T","?","?","M","E","M","R","BOSS"],"build_version":"2019-01-23","purchased_purges":0,"victory":false,"max_hp_per_floor":[82,82,82,82,82,82,82,82,82,82,82,82,82,82,82,82],"card_choices":[{"not_picked":["Iron Wave","Seeing Red"],"picked":"Clothesline","floor":1},{"not_picked":["Cleave","Twin Strike"],"picked":"Pommel Strike","floor":2},{"not_picked":["Twin Strike","Body Slam"],"picked":"Metallicize","floor":3},{"not_picked":["Heavy Blade","Wild Strike"],"picked":"Armaments","floor":4},{"not_picked":["Armaments","Corruption"],"picked":"Flame Barrier","floor":7},{"not_picked":["Perfected Strike","Dual Wield"],"picked":"Limit Break","floor":8},{"not_picked":["Shockwave","Hemokinesis"],"picked":"Shrug It Off","floor":10},{"not_picked":["Wild Strike","Heavy Blade","Cleave"],"picked":"SKIP","floor":12},{"not_picked":["True Grit","Sentinel","Brutality"],"picked":"SKIP","floor":13},{"not_picked":["Sentinel","Brutality"],"picked":"True Grit","floor":13},{"not_picked":["Wild Strike","Dual Wield"],"picked":"Shrug It Off","floor":14}],"player_experience":741345,"relics_obtained":[{"floor":9,"key":"Vajra"},{"floor":13,"key":"Bronze Scales"}],"event_choices":[{"damage_healed":0,"gold_gain":0,"player_choice":"Upgraded","damage_taken":0,"max_hp_gain":0,"max_hp_loss":0,"event_name":"Upgrade Shrine","floor":5,"gold_loss":0,"cards_upgraded":["Armaments"]},{"cards_removed":["Strike_R"],"damage_healed":0,"gold_gain":0,"player_choice":"Forget","damage_taken":0,"max_hp_gain":0,"max_hp_loss":0,"event_name":"Living Wall","floor":11,"gold_loss":0}],"is_beta":false,"boss_relics":[],"items_purged_floors":[],"is_endless":false,"potions_floor_spawned":[7,10,13],"killed_by":"Hexaghost","ascension_level":20}