{"gold_per_floor":[17,27,41,6,6,6,39,39,39,49,62,90,15,45,45,123,123,138,138,63,83,133,133,159,2,2,2,20,20,30,41,41,41],"floor_reached":33,"playtime":1275,"items_purged":["Strike_G","Strike_G"],"score":570,"play_id":"11d4dadb-3e21-48ee-bf64-04ab18a2326e","local_time":"20190621175504","is_ascension_mode":true,"campfire_choices":[{"data":"Sucker Punch","floor":6.0,"key":"SMITH"},{"data":"Footwork","floor":8.0,"key":"SMITH"},{"floor":15.0,"key":"REST"},{"data":"Well Laid Plans","floor":23,"key":"SMITH"},{"floor":27,"key":"REST"},{"data":"Backstab","floor":32,"key":"SMITH"}],"neow_cost":"NO_GOLD","seed_source_timestamp":862786589861848,"circlet_count":0,"master_deck":["AscendersBane","Defend_G","Defend_G","Defend_G","Defend_G","Strike_G","Strike_G","Survivor","Neutralize","Flying Knee","Backstab+1","Sucker Punch+1","Footwork+1","PiercingWail+1","Deadly Poison+1","Adrenaline+1","Footwork","Adrenaline+1","Well Laid Plans+1","Deadly Poison+1","Noxious Fumes+1","Acrobatics+1","Cloak And Dagger+1"],"special_seed":0,"relics":["Ring of the Snake","Ninja Scroll","Toxic Egg 2","Letter Opener","Omamori","Black Star","Pantograph","Ancient Tea Set","Bottled Flame","WarpedTongs"],"potions_floor_usage":[24],"damage_taken":[{"damage":1.0,"enemies":"Jaw Worm","floor":1.0,"turns":6.0},{"damage":8.0,"enemies":"Small Slimes","floor":2.0,"turns":4.0},{"damage":6.0,"enemies":"2 Louse","floor":3.0,"turns":2.0},{"damage":29.0,"enemies":"3 Sentries","floor":7.0,"turns":10.0},{"damage":0.0,"enemies":"2 Fungi Beasts","floor":10.0,"turns":2.0},{"damage":0.0,"enemies":"Gremlin Gang","floor":11.0,"turns":1.0},{"damage":14.0,"enemies":"Gremlin Nob","floor":12.0,"turns":4.0},{"damage":10.0,"enemies":"3 Sentries","floor":14.0,"turns":10.0},{"damage":4.0,"enemies":"Hexaghost","floor":16.0,"turns":14.0},{"damage":9.0,"enemies":"Spheric Guardian","floor":18.0,"turns":5.0},{"damage":0,"enemies":"3 Byrds","floor":21,"turns":7},{"damage":30,"enemies":"Book of Stabbing","floor":24,"turns":6},{"damage":2,"enemies":"Snake Plant","floor":28,"turns":4},{"damage":2,"enemies":"Chosen and Byrds","floor":30,"turns":7},{"damage":2,"enemies":"3 Cultists","floor":31,"turns":5},{"damage":62,"enemies":"Collector","floor":33,"turns":8}],"seed_played":"518561169875737334","potions_obtained":[{"floor":2.0,"key":"PowerPotion"},{"floor":7.0,"key":"SteroidPotion"},{"floor":12.0,"key":"Swift Potion"},{"floor":16.0,"key":"Energy Potion"},{"floor":18.0,"key":"Dexterity Potion"},{"floor":24,"key":"FearPotion"}],"is_trial":false,"path_per_floor":["M","M","M","?","?","R","E","R","T","M","M","E","$","E","R","B",null,"M","?","$","M","?","R","E","$","T","R","M","?","M","M","R","B"],"character_chosen":"THE_SILENT","items_purchased":["Footwork","Acrobatics+1"],"campfire_rested":2,"item_purchase_floors":[13,25],"current_hp_per_floor":[58,50,44,60,65,65,36,36,36,36,36,22,22,12,33,29,61,52,52,52,52,45,45,15,15,15,36,34,34,32,30,30,0],"gold":41,"neow_bonus":"REMOVE_TWO","is_prod":false,"is_daily":false,"chose_seed":false,"campfire_upgraded":4,"win_rate":0,"timestamp":1561164904,"path_taken":["M","M","M","?","?","R","E","R","T","M","M","E","$","E","R","BOSS","M","?","$","M","?","R","E","$","T","R","?","?","M","M","R","BOSS"],"build_version":"2019-01-23","purchased_purges":2,"victory":false,"max_hp_per_floor":[66,66,66,66,71,71,71,71,71,71,71,71,71,71,71,71,71,71,71,71,71,71,71,71,71,71,71,71,71,71,71,71,71],"card_choices":[{"not_picked":["Quick Slash","Deadly Poison"],"picked":"Flying Knee","floor":1.0},{"not_picked":["Masterful Stab","Reflex"],"picked":"Backstab","floor":2.0},{"not_picked":["Riddle With Holes","Poisoned Stab"],"picked":"Sucker Punch","floor":3.0},{"not_picked":["Eviscerate","Flechettes"],"picked":"Footwork","floor":7.0},{"not_picked":["Distraction+1","Deflect+1"],"picked":"PiercingWail+1","floor":10.0},{"not_picked":["Dagger Throw","Dagger Spray"],"picked":"Deadly Poison+1","floor":11.0},{"not_picked":["Outmaneuver+1","Skewer"],"picked":"Adrenaline+1","floor":12.0},{"not_picked":["Outmaneuver+1","Eviscerate","Footwork"],"picked":"SKIP","floor":14.0},{"not_picked":["Burst+1","Envenom"],"picked":"Adrenaline+1","floor":16.0},{"not_picked":["Sucker Punch","Footwork"],"picked":"Well Laid Plans","floor":18.0},{"not_picked":["Heel Hook+1","Outmaneuver+1"],"picked":"Deadly Poison+1","floor":21},{"not_picked":["All Out Attack+1","Infinite Blades"],"picked":"Noxious Fumes+1","floor":24},{"not_picked":["Underhanded Strike","Glass Knife","Expertise+1"],"picked":"SKIP","floor":28},{"not_picked":["Deadly Poison+1","Underhanded Strike"],"picked":"Cloak And Dagger+1","floor":30},{"not_picked":["Distraction+1","Underhanded Strike+1","Setup+1"],"picked":"SKIP","floor":31}],"player_experience":800310,"relics_obtained":[{"floor":7.0,"key":"Ninja Scroll"},{"floor":9.0,"key":"Toxic Egg 2"},{"floor":12.0,"key":"Letter Opener"},{"floor":14.0,"key":"Omamori"},{"floor":24,"key":"Pantograph"},{"floor":24,"key":"Ancient Tea Set"},{"floor":26,"key":"Bottled Flame"}],"event_choices":[{"damage_healed":16.0,"max_hp_gain":0.0,"max_hp_loss":0.0,"gold_gain":0.0,"event_name":"The Cleric","player_choice":"Healed","floor":4.0,"gold_loss":35.0,"damage_taken":0.0},{"damage_healed":0.0,"max_hp_gain":5.0,"max_hp_loss":0.0,"gold_gain":0.0,"event_name":"Big Fish","player_choice":"Donut","floor":5.0,"gold_loss":0.0,"damage_taken":0.0},{"damage_healed":0,"gold_gain":0,"player_choice":"Ignored","damage_taken":0,"max_hp_gain":0,"max_hp_loss":0,"event_name":"Cursed Tome","floor":19,"gold_loss":0},{"damage_healed":0,"gold_gain":50,"player_choice":"Touch","damage_taken":7,"max_hp_gain":0,"max_hp_loss":0,"event_name":"FaceTrader","floor":22,"gold_loss":0},{"damage_healed":0,"gold_gain":0,"player_choice":"Rummage","damage_taken":0,"relics_obtained":["WarpedTongs"],"max_hp_gain":0,"max_hp_loss":0,"event_name":"Accursed Blacksmith","floor":29,"gold_loss":0,"cards_obtained":["Pain"]}],"is_beta":false,"boss_relics":[{"not_picked":["Coffee Dripper","Pandora\u0027s Box"],"picked":"Black Star"}],"items_purged_floors":[20,25],"is_endless":false,"potions_floor_spawned":[2,7,10,12,16,18,24],"killed_by":"Collector","ascension_level":20}