{"path_per_floor":["M","$","?","?","?","E","R","M","T","M","?","M","$","$","R","B",null,"M","$","?","?","?","M","M"],"character_chosen":"IRONCLAD","items_purchased":["Blue Candle","Madness","Molten Egg 2","Carnage","Combust"],"gold_per_floor":[365,31,31,206,206,268,268,287,287,304,304,323,11,11,11,107,107,124,86,86,86,86,99,109],"floor_reached":25,"campfire_rested":2,"playtime":1769,"current_hp_per_floor":[75,75,63,63,63,22,46,42,42,46,52,44,44,44,69,28,86,69,69,69,69,75,51,17],"items_purged":[],"gold":109,"score":199,"play_id":"b4534ab6-47c5-40f6-ac30-8758a371345d","local_time":"20180306180342","is_prod":false,"is_daily":false,"is_ascension_mode":false,"campfire_upgraded":0,"timestamp":1520377422,"path_taken":["M","$","?","?","?","E","R","M","T","?","?","M","?","$","R","BOSS","M","?","?","?","?","M","?","M"],"build_version":"2018-03-01-PROD1","purchased_purges":0,"victory":false,"master_deck":["Strike_R","Strike_R","Strike_R","Strike_R","Defend_R","Defend_R","Defend_R","Injury","Flex","Madness","Doubt","Infernal Blade","Intimidate","Carnage","Regret","Disarm","Carnage+1","Brutality","Pummel+1","Juggernaut+1","Dropkick+1","Pommel Strike+1","Combust","Flame Barrier","Decay","Sever Soul+1","Warcry"],"max_hp_per_floor":[80,80,80,80,80,80,80,80,80,80,86,86,86,86,86,86,86,86,86,86,86,92,92,92],"relics":["Burning Blood","Blue Candle","Letter Opener","Tiny Chest","Self Forming Clay","Darkstone Periapt","Molten Egg 2","Astrolabe"],"card_choices":[{"not_picked":["Warcry","Wild Strike"],"picked":"Flex"},{"not_picked":["True Grit","Disarm"],"picked":"Infernal Blade"},{"not_picked":["Feel No Pain","Armaments"],"picked":"Intimidate"},{"not_picked":["Shockwave","Heavy Blade"],"picked":"Carnage"},{"not_picked":["Warcry","Havoc"],"picked":"Disarm"},{"not_picked":["Fiend Fire","Impervious"],"picked":"Brutality"},{"not_picked":["Warcry","Battle Trance"],"picked":"Pommel Strike"},{"not_picked":["Dual Wield","Clothesline"],"picked":"Sever Soul"},{"not_picked":["Clothesline","Cleave"],"picked":"Warcry"}],"player_experience":286437,"potions_floor_usage":[12,18,25],"damage_taken":[{"damage":11,"enemies":"Jaw Worm","floor":1,"turns":5},{"damage":47,"enemies":"3 Sentries","floor":6,"turns":14},{"damage":10,"enemies":"Cultist","floor":8,"turns":4},{"damage":2,"enemies":"Small Slimes","floor":10,"turns":4},{"damage":14,"enemies":"Blue Slaver","floor":12,"turns":4},{"damage":47,"enemies":"Hexaghost","floor":16,"turns":11},{"damage":23,"enemies":"3 Byrds","floor":18,"turns":7},{"damage":30,"enemies":"Spheric Guardian","floor":23,"turns":6},{"damage":40,"enemies":"Snake Plant","floor":24,"turns":4},{"damage":22,"enemies":"Sentry and Sphere","floor":25,"turns":5}],"event_choices":[{"event_name":"Scrap Ooze","player_choice":"success","floor":3,"damage_taken":12},{"event_name":"Liars Game","player_choice":"agreed","floor":4,"damage_taken":0},{"event_name":"The Cleric","player_choice":"Leave","floor":5,"damage_taken":0},{"event_name":"Big Fish","player_choice":"Box","floor":11,"damage_taken":0},{"event_name":"The Library","player_choice":"Read","floor":20,"damage_taken":0},{"event_name":"Drug Dealer","player_choice":"Ignored","floor":21,"damage_taken":0},{"event_name":"Forgotten Altar","player_choice":"Smashed Altar","floor":22,"damage_taken":0}],"boss_relics":[{"not_picked":["Tiny House","Runic Dome"],"picked":"Astrolabe"}],"potions_floor_spawned":[10,16,24],"seed_played":"-2763598878228561848","killed_by":"Sentry and Sphere","ascension_level":0,"is_trial":false}