{"gold_per_floor":[115,129,143,156,167,167,181,215,242,242,255,313,333,359,359,359],"floor_reached":16,"playtime":804,"items_purged":[],"score":232,"play_id":"15f0b4ef-94c8-4511-9097-5fc828358ec8","local_time":"20190609144003","is_ascension_mode":true,"campfire_choices":[{"floor":6,"key":"REST"},{"floor":10,"key":"REST"},{"data":"Zap","floor":15,"key":"SMITH"}],"neow_cost":"NONE","seed_source_timestamp":2202226189694875,"circlet_count":0,"master_deck":["AscendersBane","Strike_B","Strike_B","Strike_B","Strike_B","Defend_B","Defend_B","Defend_B","Defend_B","Zap+1","Dualcast","Sweeping Beam","Melter","White Noise","Sunder","Coolheaded","Self Repair","Reboot"],"relics":["Cracked Core","Molten Egg 2","Pen Nib","Tiny Chest","Regal Pillow"],"potions_floor_usage":[12,16],"damage_taken":[{"damage":1,"enemies":"Cultist","floor":1,"turns":3},{"damage":0,"enemies":"2 Louse","floor":2,"turns":2},{"damage":9,"enemies":"Jaw Worm","floor":3,"turns":3},{"damage":24,"enemies":"Exordium Thugs","floor":4,"turns":6},{"damage":16,"enemies":"Blue Slaver","floor":5,"turns":4},{"damage":4,"enemies":"3 Louse","floor":7,"turns":3},{"damage":8,"enemies":"Lagavulin","floor":8,"turns":6},{"damage":10,"enemies":"Exordium Thugs","floor":11,"turns":4},{"damage":8,"enemies":"3 Sentries","floor":12,"turns":5},{"damage":6,"enemies":"Blue Slaver","floor":13,"turns":3},{"damage":38,"enemies":"The Guardian","floor":16,"turns":10}],"seed_played":"-7653770781632277770","potions_obtained":[{"floor":4,"key":"GamblersBrew"},{"floor":5,"key":"Fire Potion"},{"floor":8,"key":"Block Potion"}],"is_trial":false,"path_per_floor":["M","M","M","M","M","R","M","E","T","R","M","E","M","T","R","B"],"character_chosen":"DEFECT","items_purchased":[],"campfire_rested":2,"item_purchase_floors":[],"current_hp_per_floor":[70,70,61,37,21,44,40,32,32,55,45,44,38,38,38,0],"gold":359,"neow_bonus":"TEN_PERCENT_HP_BONUS","is_prod":false,"is_daily":false,"chose_seed":false,"campfire_upgraded":1,"win_rate":0,"timestamp":1560116403,"path_taken":["M","M","M","M","M","R","?","E","T","R","M","E","M","?","R","BOSS"],"build_version":"2019-01-23","purchased_purges":0,"victory":false,"max_hp_per_floor":[78,78,78,78,78,78,78,78,78,78,78,78,78,78,78,78],"card_choices":[{"not_picked":["Turbo","Conserve Battery"],"picked":"Sweeping Beam","floor":1},{"not_picked":["Compile Driver","Auto Shields"],"picked":"Melter","floor":2},{"not_picked":["Gash","Hologram"],"picked":"White Noise","floor":3},{"not_picked":["Redo","Loop"],"picked":"Sunder","floor":4},{"not_picked":["Stack","Capacitor"],"picked":"Coolheaded","floor":5},{"not_picked":["Skim","Streamline","Reprogram"],"picked":"SKIP","floor":7},{"not_picked":["Undo","Hello World","Consume"],"picked":"SKIP","floor":8},{"not_picked":["Storm","Stack"],"picked":"Self Repair","floor":11},{"not_picked":["Gash+1","Blizzard+1"],"picked":"Reboot","floor":12},{"not_picked":["Stack","Steam","Skim"],"picked":"SKIP","floor":13}],"player_experience":788527,"relics_obtained":[{"floor":8,"key":"Molten Egg 2"},{"floor":9,"key":"Pen Nib"},{"floor":12,"key":"Tiny Chest"},{"floor":14,"key":"Regal Pillow"}],"event_choices":[],"is_beta":false,"boss_relics":[],"items_purged_floors":[],"is_endless":false,"potions_floor_spawned":[4,5,7,8,11],"killed_by":"The Guardian","ascension_level":20}