{"gold_per_floor":[111,111,286,9,9,49,49,87,87,87,121,137,161,181,181,301,301,301,316,36,51,13,13,31,31],"floor_reached":25,"playtime":944,"items_purged":[],"score":298,"play_id":"5074eb08-b669-4490-9b26-67780dc6519f","local_time":"20180722023623","is_ascension_mode":true,"campfire_choices":[{"floor":7,"key":"REST"},{"floor":10,"key":"REST"},{"floor":15,"key":"REST"},{"floor":23,"key":"REST"}],"neow_cost":"","seed_source_timestamp":1119896351395219,"circlet_count":0,"master_deck":["Strike_B","Strike_B","Strike_B","Strike_B","Defend_B+1","Defend_B","Defend_B","Defend_B","Zap","Dualcast","Gash","Injury","Doubt","Chaos+1","Rebound","Sunder","Gash","Biased Cognition","Redo","White Noise","Amplify","Gash","Defragment","Loop","Static Discharge","Reboot","Double Energy","Static Discharge","Master of Strategy","Sweeping Beam","Storm","Loop","Fission"],"relics":["Cracked Core","Golden Idol","Sling","Blue Candle","War Paint","Unceasing Top","Question Card","Orrery"],"potions_floor_usage":[6,11,16,18],"damage_taken":[{"damage":1,"enemies":"Cultist","floor":1,"turns":3},{"damage":19,"enemies":"Lagavulin","floor":6,"turns":7},{"damage":36,"enemies":"Gremlin Nob","floor":8,"turns":4},{"damage":4,"enemies":"3 Sentries","floor":11,"turns":5},{"damage":5,"enemies":"Small Slimes","floor":12,"turns":3},{"damage":6,"enemies":"2 Louse","floor":13,"turns":2},{"damage":11,"enemies":"Looter","floor":14,"turns":2},{"damage":0,"enemies":"Slime Boss","floor":16,"turns":6},{"damage":0,"enemies":"2 Thieves","floor":18,"turns":1},{"damage":21,"enemies":"Shell Parasite","floor":19,"turns":2},{"damage":15,"enemies":"Chosen and Byrds","floor":21,"turns":4},{"damage":35,"enemies":"Slaver and Parasite","floor":24,"turns":3},{"damage":32,"enemies":"Snake Plant","floor":25,"turns":3}],"seed_played":"-571668176269826426","potions_obtained":[{"floor":1,"key":"Block Potion"},{"floor":8,"key":"SpeedPotion"},{"floor":11,"key":"SmokeBomb"},{"floor":14,"key":"PowerPotion"}],"is_trial":false,"path_per_floor":["M","?","?","$","?","E","R","E","T","R","E","M","M","M","R","B",null,"M","M","$","M","$","R","M"],"character_chosen":"DEFECT","items_purchased":["Sling","Chaos","Static Discharge","Master of Strategy","Sweeping Beam","Loop"],"campfire_rested":4,"item_purchase_floors":[4,4,20,20,20,22],"current_hp_per_floor":[74,74,74,74,75,56,75,39,39,61,57,52,46,35,57,57,75,75,54,54,39,39,61,26,0],"gold":31,"neow_bonus":"","is_prod":false,"is_daily":false,"chose_seed":false,"campfire_upgraded":0,"win_rate":0,"timestamp":1532241383,"path_taken":["M","?","?","?","?","E","R","E","T","R","E","M","?","M","R","BOSS","M","?","$","M","$","R","M","M"],"build_version":"2018-07-19","purchased_purges":0,"victory":false,"max_hp_per_floor":[75,75,75,75,75,75,75,75,75,75,75,75,75,75,75,75,75,75,75,75,75,75,75,75,75],"card_choices":[{"not_picked":["Reprogram","Rebound"],"picked":"Gash","floor":1},{"not_picked":["Go for the Eyes","Scrape"],"picked":"Rebound","floor":6},{"not_picked":["Go for the Eyes","Double Energy"],"picked":"Sunder","floor":8},{"not_picked":["Scrape","Barrage"],"picked":"Gash","floor":11},{"not_picked":["Hello World","Heatsinks","Turbo"],"picked":"Biased Cognition","floor":12},{"not_picked":["Beam Cell","Go for the Eyes","Doom and Gloom"],"picked":"Redo","floor":13},{"not_picked":["Hologram","Hello World","Steam"],"picked":"White Noise","floor":14},{"not_picked":["Hyperbeam","Multi-Cast","Reboot"],"picked":"Amplify","floor":16},{"not_picked":["Ball Lightning","Chaos","Undo"],"picked":"Gash","floor":17},{"not_picked":["Compile Driver","BootSequence","Go for the Eyes"],"picked":"Defragment","floor":17},{"not_picked":["Scrape","Cold Snap","Go for the Eyes"],"picked":"Loop","floor":17},{"not_picked":["Cold Snap","Compile Driver","Undo"],"picked":"Static Discharge","floor":17},{"not_picked":["Turbo","Redo","Heatsinks"],"picked":"Reboot","floor":17},{"not_picked":["Steam","Sweeping Beam","Chill"],"picked":"Double Energy","floor":19},{"not_picked":["Hologram","Barrage+1","Reprogram"],"picked":"Storm","floor":21},{"not_picked":["Self Repair","Redo+1","Beam Cell"],"picked":"Fission","floor":24}],"player_experience":472006,"relics_obtained":[{"floor":6,"key":"Blue Candle"},{"floor":8,"key":"War Paint"},{"floor":9,"key":"Unceasing Top"},{"floor":11,"key":"Question Card"}],"event_choices":[{"event_name":"Golden Idol","player_choice":"Take Wound","floor":2,"damage_taken":0},{"event_name":"Liars Game","player_choice":"agreed","floor":3,"damage_taken":0},{"event_name":"Wheel of Change","player_choice":"Full Heal","floor":5,"damage_taken":0}],"is_beta":true,"boss_relics":[{"not_picked":["FrozenCore","Fusion Hammer"],"picked":"Orrery"}],"items_purged_floors":[],"is_endless":false,"potions_floor_spawned":[1,8,11,14],"killed_by":"Snake Plant","ascension_level":2}