{"gold_per_floor":[369,380,6,6,21,36,36,49,73,73,87,87,6,45,45,176,176,192,192,208,65,65,104,104,29,29,50,64,64,87,128,128,128],"floor_reached":33,"playtime":1209,"items_purged":["Regret"],"score":359,"play_id":"965c7d81-c772-4689-9da4-772624adf55c","local_time":"20180703020007","is_ascension_mode":true,"campfire_choices":[{"data":"Disarm","floor":7,"key":"SMITH"},{"data":"Rampage","floor":10,"key":"SMITH"},{"data":"Fiend Fire","floor":12,"key":"SMITH"},{"data":"Seeing Red","floor":15,"key":"SMITH"},{"floor":24,"key":"REST"},{"floor":29,"key":"REST"},{"floor":32,"key":"REST"}],"neow_cost":"CURSE","seed_source_timestamp":93741441598024,"circlet_count":0,"master_deck":["Strike_R+1","Strike_R+1","Strike_R+1","Strike_R+1","Strike_R+1","Defend_R+1","Defend_R+1","Defend_R+1","Defend_R+1","Bash","Body Slam","Burning Pact","Corruption","Power Through","Disarm+1","Rampage+1","Fiend Fire+1","Seeing Red+1","Burning Pact","Bludgeon","Evolve","Flex+1","Sever Soul","Disarm+1","Seeing Red","Warcry+1","Flame Barrier","Entrench+1"],"relics":["Burning Blood","Charon\u0027s Ashes","Golden Idol","Bag of Marbles","Vajra","Runic Pyramid","Omamori","Bottled Lightning","War Paint"],"potions_floor_usage":[6,16,16,18,28,30,33],"damage_taken":[{"damage":7,"enemies":"Small Slimes","floor":1,"turns":3},{"damage":17,"enemies":"Cultist","floor":2,"turns":5},{"damage":12,"enemies":"Jaw Worm","floor":5,"turns":4},{"damage":4,"enemies":"Exordium Wildlife","floor":6,"turns":2},{"damage":0,"enemies":"3 Louse","floor":8,"turns":2},{"damage":9,"enemies":"Looter","floor":11,"turns":3},{"damage":0,"enemies":"Gremlin Nob","floor":14,"turns":2},{"damage":60,"enemies":"Hexaghost","floor":16,"turns":10},{"damage":4,"enemies":"2 Thieves","floor":18,"turns":2},{"damage":28,"enemies":"3 Byrds","floor":20,"turns":4},{"damage":43,"enemies":"Slavers","floor":23,"turns":5},{"damage":0,"enemies":"Snecko","floor":27,"turns":2},{"damage":9,"enemies":"Snake Plant","floor":28,"turns":4},{"damage":0,"enemies":"Centurion and Healer","floor":30,"turns":4},{"damage":48,"enemies":"Gremlin Leader","floor":31,"turns":6},{"damage":69,"enemies":"Champ","floor":33,"turns":8}],"seed_played":"-2126936562636599513","potions_obtained":[{"floor":5,"key":"Fire Potion"},{"floor":8,"key":"LiquidBronze"},{"floor":11,"key":"Block Potion"},{"floor":14,"key":"BloodPotion"},{"floor":16,"key":"SkillPotion"},{"floor":23,"key":"Energy Potion"},{"floor":28,"key":"EssenceOfSteel"},{"floor":30,"key":"Dexterity Potion"}],"is_trial":false,"path_per_floor":["M","M","$","?","M","M","R","M","T","R","M","R","$","E","R","B",null,"M","?","M","$","?","E","R","?","T","M","M","R","M","E","R"],"character_chosen":"IRONCLAD","items_purchased":["Charon\u0027s Ashes","Corruption","Seeing Red","Sever Soul"],"campfire_rested":3,"item_purchase_floors":[3,3,13,21],"current_hp_per_floor":[79,68,68,68,62,64,64,70,70,70,67,67,67,73,73,27,80,80,80,58,58,58,21,45,45,45,51,48,72,78,36,60,0],"gold":128,"neow_bonus":"TWO_FIFTY_GOLD","is_prod":false,"is_daily":false,"chose_seed":false,"campfire_upgraded":4,"win_rate":0,"timestamp":1530597607,"path_taken":["M","M","$","?","M","M","R","M","T","R","M","R","$","E","R","BOSS","M","?","M","$","?","E","R","?","T","M","M","R","?","E","R","BOSS"],"build_version":"2018-06-29","purchased_purges":1,"victory":false,"max_hp_per_floor":[80,80,80,80,80,80,80,80,80,80,80,80,80,80,80,80,80,80,80,80,80,80,80,80,80,80,80,80,80,80,80,80,80],"card_choices":[{"not_picked":["Clothesline","Entrench"],"picked":"Body Slam","floor":1},{"not_picked":["Headbutt","Clothesline"],"picked":"Burning Pact","floor":2},{"not_picked":["True Grit","Havoc"],"picked":"Power Through","floor":5},{"not_picked":["Shockwave","Thunderclap"],"picked":"Disarm","floor":6},{"not_picked":["Armaments","Wild Strike"],"picked":"Rampage","floor":8},{"not_picked":["Flame Barrier","Clothesline"],"picked":"Fiend Fire","floor":11},{"not_picked":["Wild Strike","Sword Boomerang"],"picked":"Burning Pact","floor":14},{"not_picked":["Brutality","Berserk"],"picked":"Bludgeon","floor":16},{"not_picked":["Headbutt","Combust"],"picked":"Evolve","floor":18},{"not_picked":["Dual Wield","Clothesline"],"picked":"Flex+1","floor":20},{"not_picked":["Blood for Blood","Headbutt"],"picked":"Disarm","floor":23},{"not_picked":["Perfected Strike","Clash"],"picked":"Seeing Red","floor":27},{"not_picked":["Bloodletting","Clash"],"picked":"Warcry","floor":28},{"not_picked":["Clothesline","Warcry+1"],"picked":"Flame Barrier","floor":30},{"not_picked":["Spot Weakness","Flex"],"picked":"Entrench+1","floor":31}],"player_experience":372577,"relics_obtained":[{"floor":9,"key":"Bag of Marbles"},{"floor":14,"key":"Vajra"},{"floor":23,"key":"Omamori"},{"floor":26,"key":"Bottled Lightning"},{"floor":31,"key":"War Paint"}],"event_choices":[{"event_name":"Golden Idol","player_choice":"Take Wound","floor":4,"damage_taken":0},{"event_name":"Vampires","player_choice":"Ignored","floor":19,"damage_taken":0},{"event_name":"Back to Basics","player_choice":"Simplicity","floor":22,"damage_taken":0},{"event_name":"Beggar","player_choice":"Gave Gold","floor":25,"damage_taken":0}],"boss_relics":[{"not_picked":["Runic Dome","Philosopher\u0027s Stone"],"picked":"Runic Pyramid"}],"items_purged_floors":[21],"is_endless":false,"potions_floor_spawned":[5,8,11,14,16,23,28,30],"killed_by":"Champ","ascension_level":3}