{"gold_per_floor":[118,131,81,93,168,168,268,298,322,353,370,370],"floor_reached":12,"playtime":826,"items_purged":[],"score":106,"play_id":"b8f49ede-6dd3-44a9-9fba-c62d7112d66f","local_time":"20190406234119","is_ascension_mode":true,"campfire_choices":[{"floor":6,"key":"REST"}],"neow_cost":"NONE","seed_source_timestamp":1681271127482900,"circlet_count":0,"master_deck":["Strike_B","Strike_B","Strike_B","Defend_B+1","Defend_B","Defend_B+1","Defend_B","Zap","Dualcast","Scrape","Fusion","Coolheaded","Genetic Algorithm","Hologram","Genetic Algorithm"],"relics":["Cracked Core","Bag of Marbles","War Paint","Smiling Mask"],"potions_floor_usage":[2,10,11,12],"damage_taken":[{"damage":1,"enemies":"Cultist","floor":1,"turns":3},{"damage":7,"enemies":"Jaw Worm","floor":2,"turns":2},{"damage":12,"enemies":"Small Slimes","floor":4,"turns":3},{"damage":42,"enemies":"Gremlin Nob","floor":8,"turns":5},{"damage":12,"enemies":"Lagavulin","floor":10,"turns":6},{"damage":7,"enemies":"2 Fungi Beasts","floor":11,"turns":4},{"damage":19,"enemies":"Lots of Slimes","floor":12,"turns":2}],"seed_played":"4377279848132386707","potions_obtained":[{"floor":1,"key":"Energy Potion"},{"floor":8,"key":"PowerPotion"},{"floor":10,"key":"AttackPotion"},{"floor":11,"key":"GamblersBrew"}],"is_trial":false,"path_per_floor":["M","M","?","M","?","R","?","E","T","E","M","M"],"character_chosen":"DEFECT","items_purchased":[],"campfire_rested":1,"item_purchase_floors":[],"current_hp_per_floor":[81,74,74,62,51,75,75,33,33,21,14,0],"gold":370,"neow_bonus":"TEN_PERCENT_HP_BONUS","is_prod":false,"is_daily":false,"chose_seed":false,"campfire_upgraded":0,"win_rate":0,"timestamp":1554608479,"path_taken":["M","?","?","M","?","R","?","E","T","E","M","?"],"build_version":"2019-04-04","purchased_purges":0,"victory":false,"max_hp_per_floor":[82,82,82,82,82,82,82,82,82,82,82,82],"card_choices":[{"not_picked":["Tempest","Chaos"],"picked":"Scrape","floor":1},{"not_picked":["Sweeping Beam","BootSequence"],"picked":"Fusion","floor":2},{"not_picked":["Streamline","Reprogram"],"picked":"Coolheaded","floor":4},{"not_picked":["Hyperbeam","Sweeping Beam"],"picked":"Genetic Algorithm","floor":8},{"not_picked":["Reprogram","Genetic Algorithm"],"picked":"Hologram","floor":10},{"not_picked":["Hologram","Scrape"],"picked":"Genetic Algorithm","floor":11}],"player_experience":772073,"relics_obtained":[{"floor":8,"key":"Bag of Marbles"},{"floor":9,"key":"War Paint"},{"floor":10,"key":"Smiling Mask"}],"event_choices":[{"cards_removed":["Strike_B"],"damage_healed":0,"gold_gain":0,"player_choice":"Card Removal","damage_taken":0,"max_hp_gain":0,"max_hp_loss":0,"event_name":"The Cleric","floor":3,"gold_loss":50},{"damage_healed":0,"gold_gain":75,"player_choice":"Gather Gold","damage_taken":11,"max_hp_gain":0,"max_hp_loss":0,"event_name":"World of Goop","floor":5,"gold_loss":0},{"damage_healed":0,"gold_gain":100,"player_choice":"Gold","damage_taken":0,"max_hp_gain":0,"max_hp_loss":0,"event_name":"Wheel of Change","floor":7,"gold_loss":0}],"is_beta":true,"boss_relics":[],"items_purged_floors":[],"is_endless":false,"potions_floor_spawned":[1,8,10,11],"killed_by":"Lots of Slimes","ascension_level":4}