{"gold_per_floor":[113,129,145,161,161,161,190,190,190,208,225,225,185,360,360,460,460,480,492,492],"floor_reached":20,"playtime":994,"items_purged":[],"score":202,"play_id":"4b31df5b-c8d4-4152-a6f9-e4388c0442d1","local_time":"20180627183415","is_ascension_mode":true,"campfire_choices":[{"data":"Fiend Fire","floor":6,"key":"SMITH"},{"data":"Body Slam","floor":8,"key":"SMITH"},{"floor":15,"key":"REST"}],"neow_cost":"NONE","seed_source_timestamp":14431493755840,"circlet_count":0,"master_deck":["Strike_R","Strike_R","Strike_R","Strike_R","Strike_R","Defend_R","Defend_R","Defend_R","Defend_R","Bash","Fiend Fire+1","Body Slam","Infernal Blade","Immolate","Clash","Normality","Body Slam+1","Rage","Power Through","Swift Strike","Offering","Bash","Dual Wield","Doubt","Double Tap","Rampage+1","Anger"],"relics":["Burning Blood","Magic Flower","Calipers","Torii","Eternal Feather"],"potions_floor_usage":[7,16,16,16,18,19],"damage_taken":[{"damage":9,"enemies":"2 Louse","floor":1,"turns":4},{"damage":1,"enemies":"Cultist","floor":2,"turns":3},{"damage":11,"enemies":"Small Slimes","floor":3,"turns":3},{"damage":9,"enemies":"Blue Slaver","floor":4,"turns":4},{"damage":36,"enemies":"Gremlin Nob","floor":7,"turns":4},{"damage":21,"enemies":"Lots of Slimes","floor":10,"turns":3},{"damage":18,"enemies":"Exordium Wildlife","floor":11,"turns":2},{"damage":33,"enemies":"The Guardian","floor":16,"turns":9},{"damage":10,"enemies":"3 Byrds","floor":18,"turns":5},{"damage":52,"enemies":"Chosen","floor":19,"turns":6},{"damage":36,"enemies":"Snake Plant","floor":20,"turns":2}],"seed_played":"-37810736454891978","potions_obtained":[{"floor":3,"key":"GamblersBrew"},{"floor":13,"key":"Explosive Potion"},{"floor":13,"key":"Dexterity Potion"},{"floor":13,"key":"Explosive Potion"},{"floor":16,"key":"EssenceOfSteel"},{"floor":18,"key":"Poison Potion"},{"floor":19,"key":"Explosive Potion"}],"is_trial":false,"path_per_floor":["M","M","M","M","?","R","E","R","T","M","M","?","?","?","R","B",null,"M","M"],"character_chosen":"IRONCLAD","items_purchased":[],"campfire_rested":1,"item_purchase_floors":[],"current_hp_per_floor":[77,80,75,72,72,72,45,45,45,33,24,24,24,24,48,24,80,79,36,0],"gold":492,"neow_bonus":"ONE_RANDOM_RARE_CARD","is_prod":false,"is_daily":false,"chose_seed":false,"campfire_upgraded":2,"win_rate":0,"timestamp":1530138855,"path_taken":["M","M","M","M","?","R","E","R","T","M","M","?","?","?","R","BOSS","M","M","?"],"build_version":"2018-06-26","purchased_purges":0,"victory":false,"max_hp_per_floor":[80,80,80,80,80,80,80,80,80,80,80,80,80,80,80,80,80,80,80,80],"card_choices":[{"not_picked":["Cleave","Clash"],"picked":"Body Slam","floor":1},{"not_picked":["Clash","Iron Wave"],"picked":"Infernal Blade","floor":2},{"not_picked":["Warcry","Armaments"],"picked":"Immolate","floor":3},{"not_picked":["Hemokinesis","Sword Boomerang"],"picked":"Clash","floor":4},{"not_picked":["Cleave","Reckless Charge"],"picked":"Body Slam","floor":7},{"not_picked":["Wild Strike","Clash"],"picked":"Rage","floor":10},{"not_picked":["Iron Wave","Fire Breathing"],"picked":"Power Through","floor":11},{"not_picked":["Brutality","Juggernaut"],"picked":"Double Tap","floor":16},{"not_picked":["Searing Blow","Anger+1"],"picked":"Rampage+1","floor":18},{"not_picked":["Headbutt","True Grit"],"picked":"Anger","floor":19}],"player_experience":352702,"relics_obtained":[{"floor":7,"key":"Calipers"},{"floor":9,"key":"Torii"}],"event_choices":[{"event_name":"Accursed Blacksmith","player_choice":"Rummage","floor":5,"damage_taken":0},{"event_name":"Match and Keep!","player_choice":"4 cards matched","floor":12,"damage_taken":0},{"event_name":"The Woman in Blue","player_choice":"Bought 3 Potions","floor":13,"damage_taken":0},{"event_name":"Liars Game","player_choice":"agreed","floor":14,"damage_taken":0}],"boss_relics":[{"not_picked":["Mark of Pain","White Beast Statue"],"picked":"Eternal Feather"}],"items_purged_floors":[],"is_endless":false,"potions_floor_spawned":[3,16,18,19],"killed_by":"Snake Plant","ascension_level":3}