{"path_per_floor":["M","?","?","$","M","R","M","R","T","R","$","M","M","M","R"],"character_chosen":"THE_SILENT","items_purchased":["Deflect","Flying Knee"],"gold_per_floor":[114,114,114,9,24,24,39,39,64,64,64,79,94,109,109],"floor_reached":16,"campfire_rested":1,"playtime":741,"current_hp_per_floor":[70,70,70,70,69,69,69,69,69,69,69,66,34,15,36],"items_purged":[],"gold":109,"score":92,"play_id":"eecd4708-61fa-442d-87e1-a410a4bc62ad","local_time":"20180304042322","daily_mods":[{"name":"Diverse","description":"Start with 2 cards from another class.","modID":"Diverse","img":{"data":{"file":{"file":{"path":"images\\ui\\run_mods\\diverse.png"},"type":"Internal"},"width":64,"height":64,"format":"RGBA8888","useMipMaps":false,"isPrepared":false},"glTarget":3553,"glHandle":685,"minFilter":"Linear","magFilter":"Linear","uWrap":"ClampToEdge","vWrap":"ClampToEdge"},"positive":true},{"name":"Lethal Enemies","description":"All enemies start with +3 Strength.","modID":"Lethal Enemies","img":{"data":{"file":{"file":{"path":"images\\ui\\run_mods\\lethal_enemies.png"},"type":"Internal"},"width":64,"height":64,"format":"RGBA8888","useMipMaps":false,"isPrepared":false},"glTarget":3553,"glHandle":675,"minFilter":"Linear","magFilter":"Linear","uWrap":"ClampToEdge","vWrap":"ClampToEdge"},"positive":false},{"name":"Restless Journey","description":"You no longer heal when entering new acts.","modID":"Restless Journey","img":{"data":{"file":{"file":{"path":"images\\ui\\run_mods\\restless_journey.png"},"type":"Internal"},"width":64,"height":64,"format":"RGBA8888","useMipMaps":false,"isPrepared":false},"glTarget":3553,"glHandle":676,"minFilter":"Linear","magFilter":"Linear","uWrap":"ClampToEdge","vWrap":"ClampToEdge"},"positive":false},{"name":"Binary","description":"Card rewards contain only 2 cards.","modID":"Binary","img":{"data":{"file":{"file":{"path":"images\\ui\\run_mods\\binary.png"},"type":"Internal"},"width":64,"height":64,"format":"RGBA8888","useMipMaps":false,"isPrepared":false},"glTarget":3553,"glHandle":680,"minFilter":"Linear","magFilter":"Linear","uWrap":"ClampToEdge","vWrap":"ClampToEdge"},"positive":false}],"is_prod":false,"is_daily":true,"is_ascension_mode":false,"campfire_upgraded":3,"timestamp":1520155402,"path_taken":["M","?","?","?","M","R","M","R","T","R","$","M","M","M","R","BOSS"],"build_version":"2018-03-01-PROD1","purchased_purges":0,"victory":false,"master_deck":["Defend_G","Defend_G","Defend_G","Defend_G","Defend_G","Strike_G","Strike_G","Strike_G","Strike_G","Survivor+1","Neutralize","Sever Soul","Limit Break+1","Underhanded Strike","Deflect","Flying Knee","Well Laid Plans+1","Slice","Acrobatics","Bullet Time","Deflect"],"max_hp_per_floor":[70,70,70,70,70,70,70,70,70,70,70,70,70,70,70],"relics":["Ring of the Snake","Vajra"],"card_choices":[{"not_picked":["PiercingWail"],"picked":"Corpse Explosion"},{"not_picked":["Cloak And Dagger"],"picked":"Well Laid Plans"},{"not_picked":["Poisoned Stab"],"picked":"Slice"},{"not_picked":["PiercingWail"],"picked":"Acrobatics"},{"not_picked":["Dagger Throw"],"picked":"Bullet Time"},{"not_picked":["Bane"],"picked":"Deflect"}],"player_experience":229904,"potions_floor_usage":[13,14,14],"damage_taken":[{"damage":0,"enemies":"Small Slimes","floor":1,"turns":3},{"damage":1,"enemies":"Cultist","floor":5,"turns":4},{"damage":0,"enemies":"2 Louse","floor":7,"turns":3},{"damage":3,"enemies":"Exordium Wildlife","floor":12,"turns":4},{"damage":32,"enemies":"Exordium Thugs","floor":13,"turns":6},{"damage":19,"enemies":"3 Louse","floor":14,"turns":3},{"damage":46,"enemies":"Slime Boss","floor":16,"turns":6}],"event_choices":[{"event_name":"Transmorgrifier","player_choice":"Transform","floor":2,"damage_taken":0},{"event_name":"Bonfire Elementals","player_choice":"BASIC","floor":3,"damage_taken":0}],"boss_relics":[],"potions_floor_spawned":[1,12,13],"seed_played":"2393319582917663715","killed_by":"Slime Boss","ascension_level":0,"is_trial":false}