{"gold_per_floor":[113,127,140,190,23,23,48,59,131,131,160,160,178,190,190,269,269,287,303,332,344,359,359,359,392,392,392,392,407,84,110,110,185,185,201,211,211,211,226,252,252,286,336,336,349,360,43,77,77,77,77],"floor_reached":52,"playtime":2518,"items_purged":["Strike_G"],"score":2259,"play_id":"c362145e-27e1-419a-8400-f1a263ffd194","local_time":"20181108212141","is_ascension_mode":true,"campfire_choices":[{"data":"Neutralize","floor":6.0,"key":"SMITH"},{"floor":12.0,"key":"REST"},{"data":"Dash","floor":15.0,"key":"SMITH"},{"floor":23.0,"key":"REST"},{"floor":27.0,"key":"REST"},{"floor":32.0,"key":"REST"},{"floor":41.0,"key":"REST"},{"data":"Dash","floor":44,"key":"SMITH"},{"floor":49,"key":"REST"}],"neow_cost":"NONE","seed_source_timestamp":2498247815434214,"circlet_count":0,"master_deck":["AscendersBane","Defend_G","Defend_G","Defend_G","Defend_G","Defend_G","Strike_G","Strike_G","Survivor","Neutralize+1","Finesse","Flying Knee","Die Die Die","Dash+1","PiercingWail","Footwork+1","Wraith Form v2+1","Well Laid Plans+1","Backstab","Flechettes","Deflect","Infinite Blades+1","Quick Slash","Dagger Throw","Dagger Spray+1","Shame","Necronomicurse","Cloak And Dagger","Dash+1","Backstab","Malaise","Leg Sweep","Backflip+1","Writhe","Parasite","Concentrate+1","Blur","Regret","After Image+1"],"special_seed":0,"relics":["Ring of the Serpent","PreservedInsect","Calipers","Frozen Egg 2","Vajra","Cursed Key","Red Mask","Centennial Puzzle","Du-Vu Doll","Necronomicon","Juzu Bracelet","Bottled Flame","Letter Opener","Strawberry","Turnip","FossilizedHelix"],"potions_floor_usage":[51,51],"damage_taken":[{"damage":7.0,"enemies":"Small Slimes","floor":1.0,"turns":5.0},{"damage":2.0,"enemies":"Jaw Worm","floor":2.0,"turns":5.0},{"damage":0.0,"enemies":"2 Louse","floor":3.0,"turns":3.0},{"damage":28.0,"enemies":"Gremlin Nob","floor":7.0,"turns":4.0},{"damage":2.0,"enemies":"Exordium Wildlife","floor":8.0,"turns":6.0},{"damage":14.0,"enemies":"Lagavulin","floor":11.0,"turns":7.0},{"damage":2.0,"enemies":"Exordium Thugs","floor":13.0,"turns":7.0},{"damage":0.0,"enemies":"Large Slime","floor":14.0,"turns":5.0},{"damage":0.0,"enemies":"The Guardian","floor":16.0,"turns":17.0},{"damage":16.0,"enemies":"Shell Parasite","floor":18.0,"turns":6.0},{"damage":11.0,"enemies":"3 Byrds","floor":19.0,"turns":4.0},{"damage":0.0,"enemies":"Masked Bandits","floor":20.0,"turns":6.0},{"damage":16.0,"enemies":"3 Cultists","floor":21.0,"turns":6.0},{"damage":8.0,"enemies":"Centurion and Healer","floor":22.0,"turns":7.0},{"damage":11.0,"enemies":"Slavers","floor":25.0,"turns":5.0},{"damage":3.0,"enemies":"Snake Plant","floor":29.0,"turns":3.0},{"damage":5.0,"enemies":"Book of Stabbing","floor":31.0,"turns":3.0},{"damage":26.0,"enemies":"Automaton","floor":33.0,"turns":9.0},{"damage":11.0,"enemies":"3 Shapes","floor":35.0,"turns":4.0},{"damage":8.0,"enemies":"Orb Walker","floor":36.0,"turns":3.0},{"damage":8.0,"enemies":"Writhing Mass","floor":39.0,"turns":7.0},{"damage":7.0,"enemies":"Giant Head","floor":40.0,"turns":6.0},{"damage":19.0,"enemies":"Reptomancer","floor":42.0,"turns":4.0},{"damage":11,"enemies":"Maw","floor":45,"turns":7},{"damage":4,"enemies":"Transient","floor":46,"turns":6},{"damage":15,"enemies":"Nemesis","floor":48,"turns":5},{"damage":32,"enemies":"Time Eater","floor":50,"turns":13},{"damage":0,"enemies":"Donu and Deca","floor":51,"turns":11}],"seed_played":"74697529009636667","potions_obtained":[{"floor":2.0,"key":"Fruit Juice"},{"floor":3.0,"key":"FearPotion"},{"floor":8.0,"key":"PowerPotion"},{"floor":11.0,"key":"PowerPotion"},{"floor":19.0,"key":"PowerPotion"},{"floor":21.0,"key":"Swift Potion"},{"floor":25.0,"key":"SpeedPotion"},{"floor":42.0,"key":"Dexterity Potion"}],"is_trial":false,"path_per_floor":["M","M","M","?","$","R","E","M","T","?","E","R","M","M","R","B",null,"M","M","?","M","M","R","?","E","T","R","?","M","$","E","R","B",null,"M","M","?","?","M","E","R","E","T","R","M","M","$","E","R","B","B",null],"character_chosen":"THE_SILENT","items_purchased":["PreservedInsect","Dash","Backstab","GhostInAJar","Turnip"],"campfire_rested":6,"item_purchase_floors":[5,30,30,30,47],"current_hp_per_floor":[52,50,55,55,55,55,27,25,25,30,16,38,36,36,36,36,66,50,39,39,23,15,37,37,26,26,48,27,24,24,19,41,15,61,50,42,42,57,49,42,64,45,52,52,41,37,37,22,46,14,14],"gold":77,"neow_bonus":"RANDOM_COLORLESS","is_prod":false,"is_daily":false,"chose_seed":false,"campfire_upgraded":3,"win_rate":0,"timestamp":1541737301,"path_taken":["M","M","M","?","$","R","E","M","T","?","E","R","M","M","R","BOSS","M","M","?","M","M","R","?","E","T","R","?","M","$","E","R","BOSS","M","M","?","?","M","E","R","E","T","R","M","M","$","E","R","BOSS","BOSS"],"build_version":"2018-11-08","purchased_purges":1,"victory":true,"max_hp_per_floor":[66,66,71,71,71,71,71,71,71,76,76,76,76,76,76,76,76,76,76,76,76,76,76,76,76,76,76,76,76,76,76,76,76,76,76,76,76,76,76,76,76,76,83,83,83,83,83,83,83,83,83],"card_choices":[{"not_picked":["Tactician","Backflip","Prepared"],"picked":"SKIP","floor":1.0},{"not_picked":["Backflip","Underhanded Strike"],"picked":"Flying Knee","floor":2.0},{"not_picked":["Crippling Poison","Flying Knee"],"picked":"Die Die Die","floor":3.0},{"not_picked":["Blade Dance","Quick Slash"],"picked":"Dash","floor":7.0},{"not_picked":["Flechettes","Terror"],"picked":"PiercingWail","floor":8.0},{"not_picked":["Masterful Stab","Bane","Crippling Poison"],"picked":"SKIP","floor":11.0},{"not_picked":["Dash","Slice"],"picked":"Footwork+1","floor":13.0},{"not_picked":["Blade Dance","Deadly Poison"],"picked":"Infinite Blades+1","floor":14.0},{"not_picked":["Tools of the Trade+1","Venomology"],"picked":"Wraith Form v2+1","floor":16.0},{"not_picked":["Quick Slash","Cloak And Dagger"],"picked":"Well Laid Plans+1","floor":18.0},{"not_picked":["Blade Dance","Well Laid Plans+1"],"picked":"Backstab","floor":19.0},{"not_picked":["Dagger Throw+1","Bane"],"picked":"Flechettes","floor":20.0},{"not_picked":["Sucker Punch","Quick Slash"],"picked":"Deflect","floor":21.0},{"not_picked":["Outmaneuver","Predator"],"picked":"Infinite Blades+1","floor":22.0},{"not_picked":["Venomology","Underhanded Strike"],"picked":"Dagger Spray+1","floor":25.0},{"not_picked":["Dagger Spray+1","Sucker Punch"],"picked":"Cloak And Dagger","floor":29.0},{"not_picked":["Choke","Slice","Prepared"],"picked":"SKIP","floor":31.0},{"not_picked":["Corpse Explosion","A Thousand Cuts+1"],"picked":"Malaise","floor":33.0},{"not_picked":["Cloak And Dagger","Dagger Spray"],"picked":"Leg Sweep","floor":35.0},{"not_picked":["Flying Knee","Quick Slash"],"picked":"Backflip+1","floor":36.0},{"not_picked":["Dagger Throw","Venomology","Dodge and Roll"],"picked":"SKIP","floor":39.0},{"not_picked":["Calculated Gamble","Quick Slash"],"picked":"Concentrate+1","floor":40.0},{"not_picked":["Finisher","Setup"],"picked":"Blur","floor":42.0},{"not_picked":["Acrobatics+1","Riddle With Holes","Dagger Throw"],"picked":"SKIP","floor":45},{"not_picked":["Quick Slash","Outmaneuver","Underhanded Strike"],"picked":"SKIP","floor":46},{"not_picked":["Infinite Blades+1","Skewer+1"],"picked":"After Image+1","floor":48}],"player_experience":602835,"relics_obtained":[{"floor":7.0,"key":"Calipers"},{"floor":9.0,"key":"Frozen Egg 2"},{"floor":11.0,"key":"Vajra"},{"floor":20.0,"key":"Red Mask"},{"floor":25.0,"key":"Centennial Puzzle"},{"floor":26.0,"key":"Du-Vu Doll"},{"floor":28.0,"key":"Necronomicon"},{"floor":31.0,"key":"Juzu Bracelet"},{"floor":40.0,"key":"Bottled Flame"},{"floor":42.0,"key":"Letter Opener"},{"floor":43.0,"key":"Strawberry"},{"floor":48,"key":"FossilizedHelix"}],"event_choices":[{"damage_healed":0.0,"max_hp_gain":0.0,"max_hp_loss":0.0,"gold_gain":50.0,"event_name":"Golden Wing","player_choice":"Gained Gold","floor":4.0,"gold_loss":0.0,"damage_taken":0.0},{"damage_healed":0.0,"max_hp_gain":5.0,"max_hp_loss":0.0,"gold_gain":0.0,"event_name":"Big Fish","player_choice":"Donut","floor":10.0,"gold_loss":0.0,"damage_taken":0.0},{"damage_healed":0.0,"max_hp_gain":0.0,"max_hp_loss":0.0,"gold_gain":0.0,"event_name":"Masked Bandits","player_choice":"Fought Bandits","floor":20.0,"gold_loss":0.0,"damage_taken":0.0},{"damage_healed":0.0,"max_hp_gain":0.0,"max_hp_loss":0.0,"gold_gain":0.0,"cards_transformed":["Strike_G","Strike_G"],"event_name":"Drug Dealer","player_choice":"Became Test Subject","floor":24.0,"gold_loss":0.0,"damage_taken":0.0,"cards_obtained":["Quick Slash","Dagger Throw"]},{"damage_healed":0.0,"max_hp_gain":0.0,"max_hp_loss":0.0,"gold_gain":0.0,"event_name":"Cursed Tome","player_choice":"Obtained Book","floor":28.0,"gold_loss":0.0,"damage_taken":21.0},{"cards_removed":["Infinite Blades"],"damage_healed":0.0,"max_hp_gain":0.0,"max_hp_loss":0.0,"gold_gain":0.0,"event_name":"Falling","player_choice":"Removed Power","floor":37.0,"gold_loss":0.0,"damage_taken":0.0},{"damage_healed":15.0,"max_hp_gain":0.0,"max_hp_loss":0.0,"gold_gain":0.0,"event_name":"Winding Halls","player_choice":"Writhe","floor":38.0,"gold_loss":0.0,"damage_taken":0.0,"cards_obtained":["Writhe"]}],"is_beta":false,"boss_relics":[{"not_picked":["HoveringKite","Coffee Dripper"],"picked":"Cursed Key"},{"not_picked":["Runic Pyramid","Empty Cage"],"picked":"Ring of the Serpent"}],"items_purged_floors":[30],"is_endless":false,"potions_floor_spawned":[2,3,8,11,13,19,21,25,29,36,42,45],"ascension_level":20}