{"path_per_floor":["M","M","?","M","M","R","?","E","T","$","?","M","R","M","R","B",null,"M","?","M","?"],"character_chosen":"IRONCLAD","items_purchased":["Corruption","Deep Breath"],"gold_per_floor":[110,126,126,141,165,165,165,198,198,31,100,120,120,136,136,260,260,284,284,308,308],"floor_reached":22,"campfire_rested":2,"playtime":1162,"current_hp_per_floor":[80,80,60,65,66,66,71,42,42,42,20,13,39,43,69,25,89,69,69,44,28],"items_purged":[],"gold":308,"score":186,"play_id":"252c3680-fe89-4c6f-a863-990d1a97d4f6","local_time":"20180320225220","is_prod":false,"is_daily":false,"is_ascension_mode":false,"campfire_upgraded":1,"timestamp":1521600740,"path_taken":["M","M","?","M","M","R","?","E","T","?","?","?","R","M","R","BOSS","M","?","M","?","?"],"build_version":"2018-03-15v3","purchased_purges":0,"victory":false,"master_deck":["Strike_R","Strike_R+1","Strike_R","Strike_R","Strike_R","Defend_R","Defend_R","Defend_R","Bash+1","Battle Trance","Infernal Blade","Headbutt+1","Pommel Strike","Corruption","Deep Breath","Infernal Blade","Brutality","Intimidate"],"max_hp_per_floor":[80,80,80,80,80,80,85,85,85,85,87,87,87,89,89,89,89,91,91,93,93],"relics":["Black Blood","Golden Idol","Whetstone","Dead Branch","Singing Bowl"],"card_choices":[{"not_picked":["Intimidate","Body Slam"],"picked":"Battle Trance"},{"not_picked":["Wild Strike","Whirlwind"],"picked":"Infernal Blade"},{"not_picked":["Iron Wave","Fire Breathing"],"picked":"Headbutt"},{"not_picked":["True Grit","Barricade"],"picked":"Pommel Strike"},{"not_picked":["Evolve","Headbutt"],"picked":"Infernal Blade"},{"not_picked":["Limit Break","Juggernaut"],"picked":"Brutality"}],"player_experience":495226,"potions_floor_usage":[4,4,12,12,18],"damage_taken":[{"damage":3,"enemies":"Small Slimes","floor":1,"turns":3},{"damage":0,"enemies":"2 Louse","floor":2,"turns":4},{"damage":1,"enemies":"Jaw Worm","floor":4,"turns":4},{"damage":5,"enemies":"Looter","floor":5,"turns":4},{"damage":35,"enemies":"3 Sentries","floor":8,"turns":7},{"damage":30,"enemies":"Gremlin Nob","floor":11,"turns":4},{"damage":13,"enemies":"Exordium Thugs","floor":12,"turns":5},{"damage":6,"enemies":"Blue Slaver","floor":14,"turns":2},{"damage":50,"enemies":"Hexaghost","floor":16,"turns":9},{"damage":32,"enemies":"3 Byrds","floor":18,"turns":6},{"damage":37,"enemies":"Spheric Guardian","floor":20,"turns":4},{"damage":33,"enemies":"3 Cultists","floor":22,"turns":4}],"event_choices":[{"event_name":"Golden Idol","player_choice":"Take Damage","floor":3,"damage_taken":0},{"event_name":"Big Fish","player_choice":"Donut","floor":7,"damage_taken":0},{"event_name":"Dead Adventurer","player_choice":"Searched \u00272\u0027 times","floor":11,"damage_taken":0},{"event_name":"Transmorgrifier","player_choice":"Transform","floor":19,"damage_taken":0},{"event_name":"Cursed Tome","player_choice":"Obtained Book","floor":21,"damage_taken":0}],"boss_relics":[{"not_picked":["White Beast Statue","Velvet Choker"],"picked":"Black Blood"}],"potions_floor_spawned":[1,2,5,8,11],"seed_played":"4832359376162389435","killed_by":"3 Cultists","ascension_level":0,"is_trial":false}