{"path_per_floor":["M","M","M","M","?","E","R","E","T","$","?","?","M","M","R","B",null,"M","?","T","M","$","R","M","R","T","$","?","M","M","M","R"],"character_chosen":"IRONCLAD","items_purchased":["Regal Pillow","Whirlwind","Dark Shackles","Matryoshka","Burning Pact"],"gold_per_floor":[111,124,138,151,151,195,195,231,310,22,133,133,151,176,176,307,307,322,222,272,288,47,47,63,63,87,53,53,76,101,121,121],"floor_reached":33,"campfire_rested":2,"playtime":1469,"current_hp_per_floor":[80,80,78,80,80,74,74,43,43,43,38,38,46,41,80,38,83,81,81,81,83,83,83,59,69,69,69,69,54,44,35,83],"items_purged":[],"gold":121,"score":259,"play_id":"e43ee383-b8f1-4a3f-be02-437b3599e0cf","local_time":"20180316131741","is_prod":false,"is_daily":false,"is_ascension_mode":false,"campfire_upgraded":3,"timestamp":1521220661,"path_taken":["M","M","M","?","?","E","R","E","T","$","?","?","M","M","R","BOSS","M","?","?","M","?","R","M","R","T","$","?","M","M","M","R","BOSS"],"build_version":"2018-03-15","purchased_purges":0,"victory":false,"master_deck":["Strike_R","Strike_R","Strike_R","Strike_R","Strike_R","Defend_R","Defend_R","Defend_R","Defend_R","Bash","Parasite","Combust","Infernal Blade","Sword Boomerang","Cleave","Bludgeon+1","Iron Wave","Whirlwind","Dark Shackles","Thunderclap","Power Through","Demon Form+1","Impervious+1","Dual Wield","J.A.X.","Bloodletting+1","Carnage","Burning Pact","Flame Barrier","Twin Strike","Pommel Strike+1"],"max_hp_per_floor":[80,80,80,80,80,80,80,80,80,80,80,80,83,83,83,83,83,83,83,83,83,83,83,83,83,83,83,83,83,83,83,83],"relics":["Burning Blood","Dead Branch","Golden Idol","Juzu Bracelet","Ornamental Fan","Bottled Tornado","Regal Pillow","Tiny Chest","Eternal Feather","Omamori","Matryoshka","Orichalcum","Bag of Marbles","Anchor"],"card_choices":[{"not_picked":["Pommel Strike","Anger"],"picked":"Combust"},{"not_picked":["Armaments","Shockwave"],"picked":"Infernal Blade"},{"not_picked":["Sentinel","Clothesline"],"picked":"Sword Boomerang"},{"not_picked":["Evolve","Armaments"],"picked":"Cleave"},{"not_picked":["Pommel Strike","Twin Strike"],"picked":"Bludgeon"},{"not_picked":["Armaments","Heavy Blade"],"picked":"Iron Wave"},{"not_picked":["Perfected Strike","Havoc"],"picked":"Thunderclap"},{"not_picked":["Thunderclap","Clash"],"picked":"Power Through"},{"not_picked":["Ghostly Armor","Fire Breathing"],"picked":"Demon Form"},{"not_picked":["Brutality","Double Tap"],"picked":"Impervious"},{"not_picked":["Heavy Blade","Sword Boomerang"],"picked":"Dual Wield"},{"not_picked":["Sword Boomerang","Clothesline"],"picked":"Bloodletting"},{"not_picked":["Iron Wave","Twin Strike"],"picked":"Carnage"},{"not_picked":["Fire Breathing","Corruption"],"picked":"Flame Barrier"},{"not_picked":["Anger","Intimidate"],"picked":"Twin Strike"},{"not_picked":["Wild Strike","Second Wind"],"picked":"Pommel Strike"}],"player_experience":456245,"potions_floor_usage":[6,6,6,11,13,30,31,33],"damage_taken":[{"damage":1,"enemies":"Cultist","floor":1,"turns":4},{"damage":6,"enemies":"Jaw Worm","floor":2,"turns":5},{"damage":8,"enemies":"Small Slimes","floor":3,"turns":3},{"damage":0,"enemies":"Exordium Wildlife","floor":4,"turns":2},{"damage":12,"enemies":"3 Sentries","floor":6,"turns":3},{"damage":37,"enemies":"Lagavulin","floor":8,"turns":5},{"damage":11,"enemies":"3 Sentries","floor":11,"turns":4},{"damage":1,"enemies":"Large Slime","floor":13,"turns":2},{"damage":11,"enemies":"2 Fungi Beasts","floor":14,"turns":3},{"damage":48,"enemies":"Hexaghost","floor":16,"turns":7},{"damage":8,"enemies":"3 Byrds","floor":18,"turns":4},{"damage":0,"enemies":"Spheric Guardian","floor":21,"turns":2},{"damage":30,"enemies":"Snake Plant","floor":24,"turns":4},{"damage":21,"enemies":"Sentry and Sphere","floor":29,"turns":6},{"damage":16,"enemies":"Slaver and Parasite","floor":30,"turns":5},{"damage":15,"enemies":"Centurion and Healer","floor":31,"turns":7},{"damage":102,"enemies":"Collector","floor":33,"turns":8}],"event_choices":[{"event_name":"Golden Idol","player_choice":"Take Wound","floor":5,"damage_taken":0},{"event_name":"Dead Adventurer","player_choice":"Searched \u00271\u0027 times","floor":11,"damage_taken":0},{"event_name":"Purifier","player_choice":"One Purge","floor":12,"damage_taken":0},{"event_name":"Drug Dealer","player_choice":"Got JAXXED","floor":19,"damage_taken":0},{"event_name":"The Mausoleum","player_choice":"Yes","floor":28,"damage_taken":0}],"boss_relics":[{"not_picked":["Ectoplasm","Runic Pyramid"],"picked":"Eternal Feather"}],"potions_floor_spawned":[2,3,4,6,11,16,21,24],"seed_played":"3315973118362083091","killed_by":"Collector","ascension_level":0,"is_trial":false}