{"gold_per_floor":[112,112,92,38,38,38,38,38,38,53,63,63,82,109,109,214,214,226,325,250,270,12,12,41,58,58,58,73,73],"floor_reached":29,"playtime":1309,"items_purged":[],"score":289,"play_id":"afae30c5-8580-421a-8fd3-ff92ccea0a0c","local_time":"20190513041001","is_ascension_mode":true,"campfire_choices":[{"data":"Electrodynamics","floor":6.0,"key":"SMITH"},{"data":"Go for the Eyes","floor":8.0,"key":"SMITH"},{"floor":12.0,"key":"REST"},{"data":"Echo Form","floor":15.0,"key":"SMITH"},{"floor":23,"key":"REST"},{"floor":27,"key":"REST"}],"neow_cost":"NONE","seed_source_timestamp":115258159846200,"circlet_count":0,"master_deck":["Strike_B","Strike_B","Strike_B","Defend_B","Defend_B","Defend_B","Defend_B","Zap","Dualcast","Electrodynamics+1","Aggregate","Go for the Eyes+1","FTL","Turbo","Go for the Eyes","Echo Form+1","Echo Form","Sweeping Beam","Double Energy+1","Self Repair","Multi-Cast","Rebound+1","Cold Snap"],"special_seed":0,"relics":["Cracked Core","Kunai","Cables","Snecko Eye","Chemical X","Question Card","Letter Opener"],"potions_floor_usage":[21,25],"damage_taken":[{"damage":5.0,"enemies":"Small Slimes","floor":1.0,"turns":3.0},{"damage":10.0,"enemies":"2 Louse","floor":10.0,"turns":2.0},{"damage":12.0,"enemies":"Jaw Worm","floor":11.0,"turns":2.0},{"damage":0.0,"enemies":"2 Fungi Beasts","floor":13.0,"turns":3.0},{"damage":20.0,"enemies":"Lagavulin","floor":14.0,"turns":7.0},{"damage":16.0,"enemies":"Slime Boss","floor":16.0,"turns":8.0},{"damage":12.0,"enemies":"Chosen","floor":18.0,"turns":3.0},{"damage":22,"enemies":"2 Thieves","floor":21,"turns":2},{"damage":55,"enemies":"Slavers","floor":24,"turns":5},{"damage":13,"enemies":"Snecko","floor":25,"turns":3},{"damage":3,"enemies":"Cultist and Chosen","floor":28,"turns":3},{"damage":47,"enemies":"Book of Stabbing","floor":29,"turns":4}],"seed_played":"3423433198427959668","potions_obtained":[{"floor":1.0,"key":"LiquidBronze"},{"floor":11.0,"key":"Dexterity Potion"},{"floor":14.0,"key":"EssenceOfSteel"},{"floor":16.0,"key":"FocusPotion"},{"floor":18,"key":"Swift Potion"},{"floor":24,"key":"Energy Potion"},{"floor":25,"key":"SpeedPotion"}],"is_trial":false,"path_per_floor":["M","?","?","$","?","R","$","R","T","M","M","R","M","E","R","B",null,"M","?","?","M","$","R","E","M","T","R","M","E"],"character_chosen":"DEFECT","items_purchased":["Go for the Eyes","Chemical X","Self Repair"],"campfire_rested":3,"item_purchase_floors":[4,22,22],"current_hp_per_floor":[70,75,75,75,75,75,75,75,75,65,53,77,77,57,57,41,80,68,68,68,46,46,70,29,16,16,40,44,0],"gold":73,"neow_bonus":"ONE_RANDOM_RARE_CARD","is_prod":false,"is_daily":false,"chose_seed":false,"campfire_upgraded":3,"win_rate":0,"timestamp":1557735001,"path_taken":["M","?","?","?","?","R","$","R","T","M","?","R","M","E","R","BOSS","M","?","?","M","$","R","E","M","T","R","M","E"],"build_version":"2019-05-07","purchased_purges":0,"victory":false,"max_hp_per_floor":[75,80,80,80,80,80,80,80,80,80,80,80,80,80,80,80,80,80,80,80,80,80,80,80,80,80,80,80,80],"card_choices":[{"not_picked":["Steam","Conserve Battery"],"picked":"Aggregate","floor":1.0},{"not_picked":["Compile Driver","Undo"],"picked":"FTL","floor":10.0},{"not_picked":["Heatsinks","Sweeping Beam"],"picked":"Turbo","floor":11.0},{"not_picked":["Barrage","Self Repair"],"picked":"Go for the Eyes","floor":13.0},{"not_picked":["Gash","Redo"],"picked":"Echo Form","floor":14.0},{"not_picked":["Electrodynamics","Multi-Cast"],"picked":"Echo Form","floor":16.0},{"not_picked":["Steam Power","Streamline"],"picked":"Sweeping Beam","floor":18},{"not_picked":["Gash","Reinforced Body"],"picked":"Double Energy+1","floor":21},{"not_picked":["Conserve Battery","Rip and Tear"],"picked":"Multi-Cast","floor":24},{"not_picked":["Streamline","Coolheaded","Go for the Eyes"],"picked":"Rebound+1","floor":25},{"not_picked":["Steam","Go for the Eyes","Darkness+1"],"picked":"Cold Snap","floor":28}],"player_experience":873472,"relics_obtained":[{"floor":9.0,"key":"Kunai"},{"floor":14.0,"key":"Cables"},{"floor":24,"key":"Question Card"},{"floor":26,"key":"Letter Opener"}],"event_choices":[{"damage_healed":0.0,"max_hp_gain":5.0,"max_hp_loss":0.0,"gold_gain":0.0,"event_name":"Big Fish","player_choice":"Donut","floor":2.0,"gold_loss":0.0,"damage_taken":0.0},{"damage_healed":0.0,"max_hp_gain":0.0,"max_hp_loss":0.0,"gold_gain":0.0,"event_name":"World of Goop","player_choice":"Left Gold","floor":3.0,"gold_loss":20.0,"damage_taken":0.0},{"damage_healed":0.0,"max_hp_gain":0.0,"max_hp_loss":0.0,"gold_gain":0.0,"event_name":"The Cleric","player_choice":"Leave","floor":5.0,"gold_loss":0.0,"damage_taken":0.0},{"damage_healed":0,"gold_gain":99,"player_choice":"Stole From Cult","damage_taken":0,"max_hp_gain":0,"max_hp_loss":0,"event_name":"Nest","floor":19,"gold_loss":0},{"cards_removed":["Strike_B"],"damage_healed":0,"gold_gain":0,"player_choice":"Gave Gold","damage_taken":0,"max_hp_gain":0,"max_hp_loss":0,"event_name":"Beggar","floor":20,"gold_loss":75}],"is_beta":true,"boss_relics":[{"not_picked":["Ectoplasm","Nuclear Battery"],"picked":"Snecko Eye"}],"items_purged_floors":[],"is_endless":false,"potions_floor_spawned":[1,11,14,16,18,24,25],"killed_by":"Book of Stabbing","ascension_level":4}