{"gold_per_floor":[114,134,150,166,44,72,85,85,112,112,132,51,69,38,38,38],"floor_reached":16,"playtime":1178,"items_purged":["Bash"],"score":111,"play_id":"13fc649b-e292-463b-aedf-f34eea24874a","local_time":"20190703232532","is_ascension_mode":true,"campfire_choices":[{"floor":8,"key":"REST"},{"data":"Entrench","floor":10,"key":"SMITH"},{"floor":15,"key":"REST"}],"neow_cost":"NONE","seed_source_timestamp":8514475886000,"circlet_count":0,"master_deck":["Strike_R","Strike_R","Strike_R","Strike_R","Strike_R","Defend_R","Defend_R","Defend_R","Defend_R","Entrench+1","Entrench","Flex","Iron Wave","Flame Barrier","Pommel Strike"],"relics":["Burning Blood","Darkstone Periapt","Art of War"],"potions_floor_usage":[6,16],"damage_taken":[{"damage":5,"enemies":"Small Slimes","floor":1,"turns":4},{"damage":1,"enemies":"Cultist","floor":2,"turns":4},{"damage":6,"enemies":"2 Louse","floor":3,"turns":4},{"damage":15,"enemies":"Exordium Wildlife","floor":4,"turns":4},{"damage":59,"enemies":"3 Sentries","floor":6,"turns":21},{"damage":24,"enemies":"Red Slaver","floor":7,"turns":5},{"damage":3,"enemies":"2 Fungi Beasts","floor":11,"turns":6},{"damage":1,"enemies":"3 Louse","floor":13,"turns":9},{"damage":15,"enemies":"Exordium Thugs","floor":14,"turns":5},{"damage":67,"enemies":"Hexaghost","floor":16,"turns":14}],"seed_played":"8217464270791467662","potions_obtained":[{"floor":1,"key":"SkillPotion"},{"floor":4,"key":"Swift Potion"},{"floor":6,"key":"Block Potion"},{"floor":7,"key":"SteroidPotion"}],"is_trial":false,"path_per_floor":["M","M","M","M","$","E","M","R","T","R","M","$","M","M","R","B"],"character_chosen":"IRONCLAD","items_purchased":["Flex","Flame Barrier"],"campfire_rested":2,"item_purchase_floors":[5,12],"current_hp_per_floor":[88,88,88,79,79,26,8,34,34,34,37,37,42,33,59,0],"gold":38,"neow_bonus":"TEN_PERCENT_HP_BONUS","is_prod":false,"is_daily":false,"chose_seed":false,"campfire_upgraded":1,"win_rate":0,"timestamp":1562214332,"path_taken":["M","M","M","M","$","E","M","R","T","R","M","$","M","M","R","BOSS"],"build_version":"2019-07-01","purchased_purges":1,"victory":false,"max_hp_per_floor":[88,88,88,88,88,88,88,88,88,88,88,88,88,88,88,88],"card_choices":[{"not_picked":["Metallicize","Sword Boomerang","Wild Strike"],"picked":"SKIP","floor":1},{"not_picked":["Twin Strike","Headbutt"],"picked":"Entrench","floor":2},{"not_picked":["Searing Blow","Armaments"],"picked":"Entrench","floor":3},{"not_picked":["Clothesline","Hemokinesis","Feel No Pain"],"picked":"SKIP","floor":4},{"not_picked":["Clothesline","Fiend Fire","True Grit"],"picked":"SKIP","floor":6},{"not_picked":["Warcry","Perfected Strike"],"picked":"Iron Wave","floor":7},{"not_picked":["Perfected Strike","Sword Boomerang","Havoc"],"picked":"SKIP","floor":11},{"not_picked":["Iron Wave","Clothesline"],"picked":"Pommel Strike","floor":13},{"not_picked":["Rupture","Armaments","Headbutt"],"picked":"SKIP","floor":14}],"player_experience":374079,"relics_obtained":[{"floor":6,"key":"Darkstone Periapt"},{"floor":9,"key":"Art of War"}],"event_choices":[],"is_beta":false,"boss_relics":[],"items_purged_floors":[5],"is_endless":false,"potions_floor_spawned":[1,4,6,7,14],"killed_by":"Hexaghost","ascension_level":1}