{"gold_per_floor":[116,133,133,150,115,148,148,178,178,192,192,222,247,259,259,259],"floor_reached":16,"playtime":643,"items_purged":[],"score":138,"play_id":"5fe601b2-ed8f-4b0a-860c-a5f017e26871","local_time":"20180703013932","is_ascension_mode":true,"campfire_choices":[{"floor":7,"key":"REST"},{"floor":11,"key":"REST"},{"floor":15,"key":"REST"}],"neow_cost":"FIFTY_PERCENT_DAMAGE","seed_source_timestamp":93072458322007,"circlet_count":0,"master_deck":["Strike_R","Strike_R","Strike_R","Strike_R","Strike_R","Defend_R","Defend_R","Defend_R","Bash","Twin Strike","Pummel","Thunderclap","Shrug It Off","Reaper","Rage","True Grit","Feel No Pain","Iron Wave","Anger"],"relics":["Burning Blood","Gambling Chip","Potion Belt","Prayer Wheel","Gremlin Horn","Omamori"],"potions_floor_usage":[2,6,8],"damage_taken":[{"damage":20,"enemies":"Jaw Worm","floor":1,"turns":6},{"damage":5,"enemies":"2 Louse","floor":2,"turns":3},{"damage":12,"enemies":"Small Slimes","floor":4,"turns":3},{"damage":32,"enemies":"Gremlin Nob","floor":6,"turns":4},{"damage":15,"enemies":"3 Sentries","floor":8,"turns":9},{"damage":13,"enemies":"Blue Slaver","floor":10,"turns":4},{"damage":25,"enemies":"Gremlin Nob","floor":13,"turns":4},{"damage":2,"enemies":"2 Fungi Beasts","floor":14,"turns":4},{"damage":57,"enemies":"Hexaghost","floor":16,"turns":9}],"seed_played":"5876822820748116514","potions_obtained":[{"floor":1,"key":"Weak Potion"},{"floor":4,"key":"Energy Potion"},{"floor":6,"key":"Poison Potion"}],"is_trial":false,"path_per_floor":["M","M","?","M","?","E","R","E","T","M","R","?","E","M","R"],"character_chosen":"IRONCLAD","items_purchased":[],"campfire_rested":3,"item_purchase_floors":[],"current_hp_per_floor":[26,27,20,14,34,8,32,23,23,16,40,40,21,25,49,0],"gold":259,"neow_bonus":"ONE_RARE_RELIC","is_prod":false,"is_daily":false,"chose_seed":false,"campfire_upgraded":0,"win_rate":0,"timestamp":1530596372,"path_taken":["M","M","?","M","?","E","R","E","T","M","R","?","E","M","R","BOSS"],"build_version":"2018-06-29","purchased_purges":0,"victory":false,"max_hp_per_floor":[80,80,80,80,80,80,80,80,80,80,80,80,80,80,80,80],"card_choices":[{"not_picked":["Sentinel","Sword Boomerang"],"picked":"Twin Strike","floor":1},{"not_picked":["True Grit","Havoc"],"picked":"Pummel","floor":2},{"not_picked":["Sword Boomerang","Intimidate"],"picked":"Thunderclap","floor":4},{"not_picked":["Anger","True Grit"],"picked":"Shrug It Off","floor":6},{"not_picked":["Cleave","Anger"],"picked":"Reaper","floor":8},{"not_picked":["Sever Soul","Rupture"],"picked":"Rage","floor":10},{"not_picked":["Entrench","Sword Boomerang"],"picked":"True Grit","floor":10},{"not_picked":["Bloodletting","Bludgeon"],"picked":"Feel No Pain","floor":13},{"not_picked":["Rage","Uppercut"],"picked":"Iron Wave","floor":14},{"not_picked":["Body Slam","Evolve"],"picked":"Anger","floor":14}],"player_experience":371934,"relics_obtained":[{"floor":6,"key":"Potion Belt"},{"floor":8,"key":"Prayer Wheel"},{"floor":9,"key":"Gremlin Horn"},{"floor":13,"key":"Omamori"}],"event_choices":[{"event_name":"Golden Wing","player_choice":"Card Removal","floor":3,"damage_taken":0},{"event_name":"The Cleric","player_choice":"Healed","floor":5,"damage_taken":0},{"event_name":"Dead Adventurer","player_choice":"Searched \u00271\u0027 times","floor":12,"damage_taken":0}],"boss_relics":[],"items_purged_floors":[],"is_endless":false,"potions_floor_spawned":[1,4,6],"killed_by":"Hexaghost","ascension_level":3}