{"gold_per_floor":[118,12,12,27,45,45,98,117,117,127,77,50,50,76,76,179,179,190,115,115,128,94,94,126,126,176,176,211,227,241,241,241,241],"floor_reached":33,"playtime":1010,"items_purged":[],"score":340,"play_id":"d8e60752-57ac-4068-a793-176420bb44d9","local_time":"20190515160251","is_ascension_mode":true,"campfire_choices":[{"data":"Rebound","floor":6,"key":"SMITH"},{"data":"Hyperbeam","floor":13,"key":"SMITH"},{"data":"Self Repair","floor":15,"key":"SMITH"},{"data":"Defragment","floor":23,"key":"SMITH"},{"floor":25,"key":"REST"},{"data":"Dualcast","floor":27,"key":"SMITH"},{"floor":32,"key":"REST"}],"neow_cost":"NONE","seed_source_timestamp":331180087130300,"circlet_count":0,"master_deck":["Strike_B","Strike_B","Defend_B","Defend_B","Defend_B","Defend_B","Zap","Dualcast+1","Melter","Defragment+1","Melter","Rebound+1","Rebound","Scrape","Hyperbeam+1","Cold Snap","Self Repair+1","Fission+1","Reprogram+1","Genetic Algorithm+1","Melter","Chill+1","Loop+1","Rebound","Multi-Cast+1"],"relics":["Cracked Core","NeowsBlessing","NlothsMask","Omamori","Toxic Egg 2","Vajra","Art of War","Blood Vial","Symbiotic Virus","Frozen Egg 2"],"potions_floor_usage":[8,8,8,8,8,21,24,28,33],"damage_taken":[{"damage":0,"enemies":"2 Louse","floor":1,"turns":1},{"damage":0,"enemies":"Cultist","floor":4,"turns":1},{"damage":0,"enemies":"Jaw Worm","floor":5,"turns":1},{"damage":8,"enemies":"Exordium Wildlife","floor":8,"turns":2},{"damage":0,"enemies":"3 Louse","floor":10,"turns":2},{"damage":18,"enemies":"3 Sentries","floor":14,"turns":3},{"damage":35,"enemies":"Slime Boss","floor":16,"turns":6},{"damage":0,"enemies":"Spheric Guardian","floor":18,"turns":1},{"damage":13,"enemies":"2 Thieves","floor":21,"turns":3},{"damage":18,"enemies":"Gremlin Leader","floor":24,"turns":6},{"damage":7,"enemies":"Slavers","floor":28,"turns":4},{"damage":25,"enemies":"Centurion and Healer","floor":29,"turns":5},{"damage":37,"enemies":"Snecko","floor":30,"turns":5},{"damage":52,"enemies":"Automaton","floor":33,"turns":6}],"seed_played":"5824421737227167726","potions_obtained":[{"floor":1,"key":"EntropicBrew"},{"floor":4,"key":"EssenceOfSteel"},{"floor":16,"key":"AttackPotion"},{"floor":21,"key":"GamblersBrew"},{"floor":24,"key":"Block Potion"},{"floor":30,"key":"LiquidBronze"}],"is_trial":false,"path_per_floor":["M","$","?","M","M","R","T","M","T","M","?","$","R","E","R","B",null,"M","?","?","M","$","R","E","R","T","R","E","M","M","T","R","B"],"character_chosen":"DEFECT","items_purchased":["Defragment","Melter","Cold Snap","Melter"],"campfire_rested":2,"item_purchase_floors":[2,2,12,22],"current_hp_per_floor":[75,75,75,75,75,75,75,67,67,67,67,67,67,49,49,24,75,75,75,75,62,62,62,54,75,75,75,75,60,25,25,47,0],"gold":241,"neow_bonus":"THREE_ENEMY_KILL","is_prod":false,"is_daily":false,"chose_seed":false,"campfire_upgraded":5,"win_rate":0,"timestamp":1557950571,"path_taken":["M","$","?","?","M","R","?","M","T","M","?","?","R","E","R","BOSS","M","?","?","M","$","R","E","R","T","R","E","M","?","?","R","BOSS"],"build_version":"2019-05-07","purchased_purges":0,"victory":false,"max_hp_per_floor":[75,75,75,75,75,75,75,75,75,75,75,75,75,75,75,75,75,75,75,75,75,75,75,75,75,75,75,75,75,75,75,75,75],"card_choices":[{"not_picked":["BootSequence","Beam Cell"],"picked":"Melter","floor":1},{"not_picked":["Stack","Storm"],"picked":"Rebound","floor":4},{"not_picked":["Cold Snap","Turbo"],"picked":"Rebound","floor":5},{"not_picked":["Ball Lightning","Go for the Eyes"],"picked":"Scrape","floor":8},{"not_picked":["Streamline","Hologram"],"picked":"Hyperbeam","floor":10},{"not_picked":["Lockon","Barrage"],"picked":"Self Repair","floor":14},{"not_picked":["Meteor Strike","Core Surge"],"picked":"Fission+1","floor":16},{"not_picked":["Storm","Capacitor"],"picked":"Reprogram+1","floor":18},{"not_picked":["Ball Lightning","Sweeping Beam"],"picked":"Genetic Algorithm+1","floor":21},{"not_picked":["Reboot+1","Beam Cell+1"],"picked":"Chill+1","floor":24},{"not_picked":["Skim+1","Stack+1"],"picked":"Loop+1","floor":28},{"not_picked":["Beam Cell","Sweeping Beam"],"picked":"Rebound","floor":29},{"not_picked":["Genetic Algorithm+1","Scrape"],"picked":"Multi-Cast+1","floor":30}],"player_experience":881775,"relics_obtained":[{"floor":9,"key":"Omamori"},{"floor":14,"key":"Toxic Egg 2"},{"floor":24,"key":"Art of War"},{"floor":26,"key":"Blood Vial"},{"floor":28,"key":"Symbiotic Virus"},{"floor":31,"key":"Frozen Egg 2"}],"event_choices":[{"damage_healed":0,"gold_gain":0,"player_choice":"Trade","damage_taken":0,"relics_obtained":["NlothsMask"],"max_hp_gain":0,"max_hp_loss":0,"event_name":"FaceTrader","floor":3,"gold_loss":0},{"cards_removed":["Strike_B"],"damage_healed":0,"gold_gain":0,"player_choice":"Card Removal","damage_taken":0,"max_hp_gain":0,"max_hp_loss":0,"event_name":"The Cleric","floor":11,"gold_loss":50},{"cards_removed":["Strike_B"],"damage_healed":0,"gold_gain":0,"player_choice":"Gave Gold","damage_taken":0,"max_hp_gain":0,"max_hp_loss":0,"event_name":"Beggar","floor":19,"gold_loss":75},{"damage_healed":0,"gold_gain":0,"player_choice":"Opened","damage_taken":0,"relics_obtained":["Vajra"],"max_hp_gain":0,"max_hp_loss":0,"event_name":"The Mausoleum","floor":20,"gold_loss":0,"cards_obtained":["Writhe"]}],"is_beta":true,"boss_relics":[{"not_picked":["Philosopher\u0027s Stone","Busted Crown","Velvet Choker"]}],"items_purged_floors":[],"is_endless":false,"potions_floor_spawned":[1,4,16,21,24,30],"killed_by":"Automaton","ascension_level":4}