{"gold_per_floor":[109,128,144,194,209,238,250,288,325,337,378,19,19,35,35,111,111,124,394,394],"floor_reached":20,"playtime":839,"items_purged":[],"score":374,"play_id":"5d24503e-3217-450a-9ddb-dd83dbe42ed3","local_time":"20190619210013","is_ascension_mode":true,"campfire_choices":[{"data":"Unload","floor":7,"key":"SMITH"},{"floor":10,"key":"REST"},{"data":"Noxious Fumes","floor":15,"key":"SMITH"}],"neow_cost":"NONE","seed_source_timestamp":601775406298411,"circlet_count":0,"master_deck":["AscendersBane","Defend_G","Defend_G","Defend_G","Defend_G","Defend_G","Strike_G","Strike_G","Strike_G","Strike_G","Strike_G","Survivor","Neutralize","Unload+1","Backstab","Deadly Poison","Dagger Spray","Dagger Spray","Adrenaline","Footwork","Crippling Poison","Endless Agony","Noxious Fumes+1","Wraith Form v2","Reflex"],"special_seed":0,"relics":["Ring of the Snake","MawBank","Dream Catcher","Strawberry","Regal Pillow","Pantograph","Busted Crown"],"potions_floor_usage":[6,16],"damage_taken":[{"damage":0.0,"enemies":"Jaw Worm","floor":1.0,"turns":5.0},{"damage":0.0,"enemies":"Cultist","floor":2.0,"turns":3.0},{"damage":1.0,"enemies":"Small Slimes","floor":3.0,"turns":3.0},{"damage":6.0,"enemies":"Looter","floor":5.0,"turns":2.0},{"damage":30,"enemies":"Lagavulin","floor":6,"turns":5},{"damage":14,"enemies":"3 Sentries","floor":8,"turns":6},{"damage":16,"enemies":"Lagavulin","floor":11,"turns":8},{"damage":3,"enemies":"Red Slaver","floor":14,"turns":3},{"damage":19,"enemies":"The Guardian","floor":16,"turns":9},{"damage":13,"enemies":"2 Thieves","floor":18,"turns":5},{"damage":21,"enemies":"Spheric Guardian","floor":20,"turns":4}],"seed_played":"8656572717145781758","potions_obtained":[{"floor":1.0,"key":"Energy Potion"},{"floor":2.0,"key":"FearPotion"},{"floor":3.0,"key":"Swift Potion"},{"floor":11,"key":"Weak Potion"}],"is_trial":false,"path_per_floor":["M","M","M","?","M","E","R","E","T","R","E","$","$","M","R","B",null,"M","?","M"],"character_chosen":"THE_SILENT","items_purchased":["Pantograph","Noxious Fumes"],"campfire_rested":1,"item_purchase_floors":[12,12],"current_hp_per_floor":[59,59,58,58,52,22,22,8,15,36,20,20,20,17,17,23,61,48,20,0],"gold":394,"neow_bonus":"ONE_RANDOM_RARE_CARD","is_prod":false,"is_daily":false,"chose_seed":false,"campfire_upgraded":2,"win_rate":0,"timestamp":1560970813,"path_taken":["M","M","M","?","M","E","R","E","T","R","E","?","$","M","R","BOSS","M","?","?"],"build_version":"2019-01-23","purchased_purges":0,"victory":false,"max_hp_per_floor":[66,66,66,66,66,66,66,66,73,73,73,73,73,73,73,73,73,73,73,73],"card_choices":[{"not_picked":["Reflex","Quick Slash"],"picked":"Backstab","floor":1.0},{"not_picked":["Quick Slash","Dodge and Roll"],"picked":"Deadly Poison","floor":2.0},{"not_picked":["Dodge and Roll","Acrobatics"],"picked":"Dagger Spray","floor":3.0},{"not_picked":["Choke","Poisoned Stab"],"picked":"Dagger Spray","floor":5.0},{"not_picked":["Outmaneuver","Backflip"],"picked":"Adrenaline","floor":6},{"not_picked":["Flying Knee","Masterful Stab"],"picked":"Footwork","floor":8},{"not_picked":["Deflect","Expertise"],"picked":"Crippling Poison","floor":10},{"not_picked":["Poisoned Stab","Reflex"],"picked":"Endless Agony","floor":11},{"not_picked":["Flechettes","Prepared","Acrobatics"],"picked":"SKIP","floor":14},{"not_picked":["Phantasmal Killer","Die Die Die"],"picked":"Wraith Form v2","floor":16},{"not_picked":[],"picked":"Reflex","floor":18}],"player_experience":601796,"relics_obtained":[{"floor":6,"key":"MawBank"},{"floor":8,"key":"Dream Catcher"},{"floor":9,"key":"Strawberry"},{"floor":11,"key":"Regal Pillow"}],"event_choices":[{"damage_healed":0.0,"max_hp_gain":0.0,"max_hp_loss":0.0,"gold_gain":50.0,"event_name":"Golden Shrine","player_choice":"Pray","floor":4.0,"gold_loss":0.0,"damage_taken":0.0},{"damage_healed":0,"gold_gain":270,"player_choice":"GOLD GOLD GOLD ","damage_taken":28,"max_hp_gain":0,"max_hp_loss":0,"event_name":"Knowing Skull","floor":19,"potions_obtained":[],"gold_loss":0,"cards_obtained":[]}],"is_beta":false,"boss_relics":[{"not_picked":["White Beast Statue","HoveringKite"],"picked":"Busted Crown"}],"items_purged_floors":[],"is_endless":false,"potions_floor_spawned":[1,2,3,11],"killed_by":"Spheric Guardian","ascension_level":19}