{"gold_per_floor":[113,288,307,307,307,341,341,49,97,111,37,50,78,98,98,98],"floor_reached":16,"playtime":579,"items_purged":[],"score":143,"play_id":"67c94dad-796f-444b-ad21-a998676663dd","local_time":"20190610043102","is_ascension_mode":true,"campfire_choices":[{"floor":7,"key":"REST"},{"floor":15,"key":"REST"}],"neow_cost":"TEN_PERCENT_HP_LOSS","seed_source_timestamp":1680484756638500,"circlet_count":0,"master_deck":["Strike_R","Strike_R","Strike_R","Strike_R","Strike_R","Defend_R","Defend_R","Defend_R","Defend_R","Bash+1","Impatience","Purity","Carnage","Doubt","Headbutt","Pummel","Trip","Ghostly Armor","Feel No Pain","Body Slam","Demon Form"],"relics":["Burning Blood","Centennial Puzzle","Gremlin Horn","OrangePellets","Anchor","Bronze Scales"],"potions_floor_usage":[3,14,16],"damage_taken":[{"damage":11,"enemies":"Small Slimes","floor":1,"turns":5},{"damage":0,"enemies":"2 Louse","floor":3,"turns":3},{"damage":37,"enemies":"Gremlin Nob","floor":6,"turns":4},{"damage":2,"enemies":"Jaw Worm","floor":10,"turns":2},{"damage":0,"enemies":"Blue Slaver","floor":12,"turns":2},{"damage":46,"enemies":"Lagavulin","floor":13,"turns":7},{"damage":14,"enemies":"Exordium Thugs","floor":14,"turns":5},{"damage":38,"enemies":"Slime Boss","floor":16,"turns":6}],"seed_played":"-3628487423516107964","potions_obtained":[{"floor":1,"key":"SteroidPotion"},{"floor":6,"key":"PowerPotion"},{"floor":14,"key":"SteroidPotion"}],"is_trial":false,"path_per_floor":["M","?","M","?","?","E","R","$","T","M","$","M","E","M","R","B"],"character_chosen":"IRONCLAD","items_purchased":["OrangePellets","Trip","Feel No Pain"],"campfire_rested":2,"item_purchase_floors":[8,8,11],"current_hp_per_floor":[67,67,72,72,60,29,50,50,50,54,54,60,20,12,33,0],"gold":98,"neow_bonus":"RANDOM_COLORLESS_2","is_prod":false,"is_daily":false,"chose_seed":false,"campfire_upgraded":0,"win_rate":0,"timestamp":1560155462,"path_taken":["M","?","M","?","?","E","R","?","T","M","$","M","E","M","R","BOSS"],"build_version":"2019-06-07","purchased_purges":0,"victory":false,"max_hp_per_floor":[72,72,72,72,72,72,72,72,72,72,72,72,72,72,72,72],"card_choices":[{"not_picked":["Body Slam","Havoc"],"picked":"Carnage","floor":1},{"not_picked":["Havoc","Wild Strike"],"picked":"Headbutt","floor":3},{"not_picked":["True Grit","Rage"],"picked":"Pummel","floor":6},{"not_picked":["Armaments","Second Wind"],"picked":"Ghostly Armor","floor":10},{"not_picked":["Warcry","Intimidate"],"picked":"Body Slam","floor":12},{"not_picked":["Blood for Blood","Flex"],"picked":"Demon Form","floor":13},{"not_picked":["Havoc","Second Wind","Sword Boomerang"],"picked":"SKIP","floor":14}],"player_experience":1018286,"relics_obtained":[{"floor":6,"key":"Gremlin Horn"},{"floor":9,"key":"Anchor"},{"floor":13,"key":"Bronze Scales"}],"event_choices":[{"damage_healed":0,"gold_gain":175,"player_choice":"AGREE","damage_taken":0,"max_hp_gain":0,"max_hp_loss":0,"event_name":"Liars Game","floor":2,"gold_loss":0,"cards_obtained":["Doubt"]},{"damage_healed":0,"gold_gain":0,"player_choice":"Grow","damage_taken":0,"max_hp_gain":0,"max_hp_loss":0,"event_name":"Living Wall","floor":4,"gold_loss":0,"cards_upgraded":["Bash"]},{"damage_healed":0,"gold_gain":0,"player_choice":"Success","damage_taken":12,"relics_obtained":["Centennial Puzzle"],"max_hp_gain":0,"max_hp_loss":0,"event_name":"Scrap Ooze","floor":5,"gold_loss":0}],"is_beta":true,"boss_relics":[],"items_purged_floors":[],"is_endless":false,"potions_floor_spawned":[1,6,14],"killed_by":"Slime Boss","ascension_level":6}