{"gold_per_floor":[116,291,251,263,283,315,326,0,23,50,50,50,63,75,75,75],"floor_reached":16,"playtime":561,"items_purged":[],"score":102,"play_id":"c460599d-0cf8-4cae-ac57-671cc7e37b86","local_time":"20190623232324","is_ascension_mode":false,"campfire_choices":[{"floor":11,"key":"REST"},{"floor":15,"key":"REST"}],"neow_cost":"TEN_PERCENT_HP_LOSS","seed_source_timestamp":211066676639900,"circlet_count":0,"master_deck":["Strike_B","Strike_B","Strike_B","Strike_B","Defend_B","Defend_B","Defend_B","Defend_B","Zap","Dualcast","Hologram","Doubt","Streamline","Gash","Rainbow","Capacitor","Leap","Conserve Battery","Beam Cell"],"relics":["Cracked Core","Peace Pipe","Bag of Marbles","PreservedInsect","Omamori","DataDisk"],"potions_floor_usage":[5,5,5,6,6,6,7,13,16],"damage_taken":[{"damage":1,"enemies":"Jaw Worm","floor":1,"turns":3},{"damage":0,"enemies":"Small Slimes","floor":4,"turns":2},{"damage":0,"enemies":"Cultist","floor":5,"turns":2},{"damage":20,"enemies":"3 Sentries","floor":6,"turns":6},{"damage":13,"enemies":"Exordium Thugs","floor":7,"turns":2},{"damage":2,"enemies":"3 Louse","floor":13,"turns":2},{"damage":21,"enemies":"Gremlin Gang","floor":14,"turns":5},{"damage":57,"enemies":"Slime Boss","floor":16,"turns":6}],"seed_played":"2978761832875740027","potions_obtained":[{"floor":3,"key":"EntropicBrew"},{"floor":3,"key":"Poison Potion"},{"floor":3,"key":"Energy Potion"},{"floor":6,"key":"Explosive Potion"},{"floor":7,"key":"AttackPotion"},{"floor":14,"key":"Dexterity Potion"}],"is_trial":false,"path_per_floor":["M","?","?","M","M","E","M","$","T","T","R","$","M","M","R","B"],"character_chosen":"DEFECT","items_purchased":["PreservedInsect","Omamori","Leap"],"campfire_rested":2,"item_purchase_floors":[8,8,8],"current_hp_per_floor":[67,67,67,67,67,47,34,34,34,34,54,54,52,31,51,0],"gold":75,"neow_bonus":"ONE_RARE_RELIC","is_prod":false,"is_daily":false,"chose_seed":false,"campfire_upgraded":0,"win_rate":0,"timestamp":1561346604,"path_taken":["M","?","?","?","M","E","M","$","T","?","R","?","?","M","R","BOSS"],"build_version":"2019-06-21","purchased_purges":0,"victory":false,"max_hp_per_floor":[68,68,68,68,68,68,68,68,68,68,68,68,68,68,68,68],"card_choices":[{"not_picked":["Rebound","Redo"],"picked":"Hologram","floor":1},{"not_picked":["Compile Driver","Barrage"],"picked":"Streamline","floor":4},{"not_picked":["Redo","Stack"],"picked":"Gash","floor":5},{"not_picked":["Hyperbeam","Force Field"],"picked":"Rainbow","floor":6},{"not_picked":["Steam","Conserve Battery"],"picked":"Capacitor","floor":7},{"not_picked":["Recycle","Rebound"],"picked":"Conserve Battery","floor":13},{"not_picked":["Go for the Eyes","Coolheaded"],"picked":"Beam Cell","floor":14}],"player_experience":1121503,"relics_obtained":[{"floor":6,"key":"Bag of Marbles"},{"floor":9,"key":"DataDisk"}],"event_choices":[{"damage_healed":0,"gold_gain":175,"player_choice":"AGREE","damage_taken":0,"max_hp_gain":0,"max_hp_loss":0,"event_name":"Liars Game","floor":2,"gold_loss":0,"cards_obtained":["Doubt"]},{"damage_healed":0,"gold_gain":0,"player_choice":"Bought 3 Potions","damage_taken":0,"max_hp_gain":0,"max_hp_loss":0,"event_name":"The Woman in Blue","floor":3,"gold_loss":0}],"is_beta":true,"boss_relics":[],"items_purged_floors":[],"is_endless":false,"potions_floor_spawned":[5,6,7,14],"killed_by":"Slime Boss","ascension_level":0}