{"path_per_floor":["M","M","?","$","?","E","?","R","T","M","M","T","?","$","R","B",null,"M","$","?","M","M","R","M","?","T","?","R","M","M","M","R"],"character_chosen":"IRONCLAD","items_purchased":["Dropkick","Iron Wave","Iron Wave","Whetstone"],"gold_per_floor":[116,132,132,7,7,38,38,38,38,54,74,148,124,27,27,128,158,129,7,107,121,139,139,153,153,153,123,123,140,152,166,166,166],"floor_reached":33,"campfire_rested":2,"playtime":2515,"current_hp_per_floor":[80,80,73,73,73,50,76,76,76,80,80,80,80,80,80,58,85,62,62,62,58,41,66,54,54,54,54,79,85,81,76,76,0],"items_purged":["Strike_R"],"gold":166,"score":247,"play_id":"5ee73d3a-5510-4752-b56d-d69dc99770d1","local_time":"20180426103615","is_prod":false,"is_daily":false,"chose_seed":false,"is_ascension_mode":false,"campfire_upgraded":3,"timestamp":1524753375,"path_taken":["M","M","?","$","?","E","?","R","T","M","?","?","?","$","R","BOSS","M","$","?","?","M","R","?","?","T","?","R","M","M","M","R","BOSS"],"build_version":"2018-04-19","seed_source_timestamp":922139564413424,"purchased_purges":3,"victory":false,"master_deck":["Strike_R","Strike_R+1","Defend_R","Defend_R","Bash","Shrug It Off+1","Armaments+1","Dropkick","Iron Wave+1","Metallicize","Bloodletting","Barricade+1","Iron Wave+1","Offering","Flex","Shrug It Off","Flex+1","Bloodletting","Rage+1"],"max_hp_per_floor":[80,80,80,80,80,80,80,80,80,80,80,80,80,80,80,80,85,85,85,85,85,85,85,85,85,85,85,85,85,85,85,85,85],"relics":["Burning Blood","Calipers","Bottled Tornado","The Courier","Tiny House","Whetstone","Mercury Hourglass"],"card_choices":[{"not_picked":["Perfected Strike","Wild Strike"],"picked":"Shrug It Off","floor":1},{"not_picked":["Perfected Strike","Iron Wave"],"picked":"Armaments","floor":2},{"not_picked":["Battle Trance","Clothesline"],"picked":"Metallicize","floor":6},{"not_picked":["Entrench","Perfected Strike"],"picked":"Bloodletting","floor":10},{"not_picked":["Hemokinesis","Armaments"],"picked":"Barricade","floor":11},{"not_picked":["Limit Break","Reaper"],"picked":"Offering","floor":16},{"not_picked":["Havoc","Pommel Strike"],"picked":"Flex","floor":17},{"not_picked":["Evolve","Havoc"],"picked":"Shrug It Off","floor":18},{"not_picked":["Carnage","Whirlwind"],"picked":"Flex","floor":21},{"not_picked":["Dual Wield","Flex"],"picked":"Bloodletting","floor":24},{"not_picked":["Headbutt","True Grit"],"picked":"Rage","floor":30}],"player_experience":758095,"potions_floor_usage":[11,16,18,18,29,29,29,30,31],"damage_taken":[{"damage":6,"enemies":"Jaw Worm","floor":1,"turns":5},{"damage":0,"enemies":"2 Louse","floor":2,"turns":3},{"damage":29,"enemies":"Gremlin Nob","floor":6,"turns":5},{"damage":1,"enemies":"Cultist","floor":10,"turns":4},{"damage":4,"enemies":"Gremlin Gang","floor":11,"turns":5},{"damage":28,"enemies":"The Guardian","floor":16,"turns":15},{"damage":29,"enemies":"2 Thieves","floor":18,"turns":5},{"damage":10,"enemies":"Shell Parasite","floor":21,"turns":10},{"damage":23,"enemies":"Centurion and Healer","floor":22,"turns":7},{"damage":18,"enemies":"Snake Plant","floor":24,"turns":6},{"damage":4,"enemies":"Chosen and Byrds","floor":29,"turns":8},{"damage":10,"enemies":"Snecko","floor":30,"turns":8},{"damage":11,"enemies":"Cultist and Chosen","floor":31,"turns":10},{"damage":87,"enemies":"Collector","floor":33,"turns":23}],"event_choices":[{"event_name":"Golden Wing","player_choice":"Card Removal","floor":3,"damage_taken":0},{"event_name":"Bonfire Elementals","player_choice":"BASIC","floor":5,"damage_taken":0},{"event_name":"Big Fish","player_choice":"Banana","floor":7,"damage_taken":0},{"event_name":"World of Goop","player_choice":"Left","floor":13,"damage_taken":0},{"event_name":"Golden Shrine","player_choice":"Pray","floor":20,"damage_taken":0},{"event_name":"Back to Basics","player_choice":"Elegance","floor":25,"damage_taken":0},{"event_name":"The Woman in Blue","player_choice":"Bought 2 Potions","floor":27,"damage_taken":0}],"boss_relics":[{"not_picked":["Velvet Choker","White Beast Statue"],"picked":"Tiny House"}],"potions_floor_spawned":[10,11,16,24,29,30],"seed_played":"-5858215405433106806","killed_by":"Collector","ascension_level":0,"is_trial":false}