{"gold_per_floor":[13,13,26,40,40,40,81,104,127,198,198,123,141,191,191,280,280,293,293,100,100,115,115,131,175,175,210,210,156,172,185,185,283,283,297,297,316,329,292,292,333,352,375,390,404,404,93,112,112,112,112],"floor_reached":51,"playtime":2379,"items_purged":["Strike_B","Dualcast"],"score":1393,"play_id":"41421dbf-254b-4e4e-8100-42d06de9e081","local_time":"20181110154259","is_ascension_mode":true,"campfire_choices":[{"data":"Zap","floor":6.0,"key":"SMITH"},{"data":"Go for the Eyes","floor":11.0,"key":"SMITH"},{"data":"Machine Learning","floor":15.0,"key":"SMITH"},{"data":"Biased Cognition","floor":23.0,"key":"SMITH"},{"floor":28.0,"key":"REST"},{"data":"Turbo","floor":32.0,"key":"SMITH"},{"data":"Defragment","floor":40.0,"key":"SMITH"},{"data":"Rainbow","floor":46.0,"key":"SMITH"},{"data":"Multi-Cast","floor":49.0,"key":"SMITH"}],"neow_cost":"NO_GOLD","seed_source_timestamp":15300612285778,"circlet_count":0,"master_deck":["AscendersBane","Strike_B+1","Strike_B+1","Defend_B","Defend_B","Defend_B","Defend_B","Zap+1","Self Repair","Conserve Battery","Ball Lightning","Machine Learning+1","Go for the Eyes+1","Cold Snap","Compile Driver","Biased Cognition+1","Turbo+1","Good Instincts","Gash","Turbo+1","Rainbow+1","Coolheaded","Chill+1","Echo Form","BootSequence+1","Defragment+1","Fusion+1","Multi-Cast+1","Conserve Battery"],"special_seed":0,"relics":["Cracked Core","Golden Idol","DataDisk","Whetstone","Tiny Chest","Centennial Puzzle","Runic Pyramid","Unceasing Top","Mango","Ginger","Regal Pillow","Red Mask","Busted Crown","Emotion Chip","Pen Nib"],"potions_floor_usage":[51,51],"damage_taken":[{"damage":2.0,"enemies":"Jaw Worm","floor":1.0,"turns":4.0},{"damage":9.0,"enemies":"2 Louse","floor":3.0,"turns":4.0},{"damage":12.0,"enemies":"Small Slimes","floor":4.0,"turns":3.0},{"damage":3.0,"enemies":"3 Sentries","floor":7.0,"turns":3.0},{"damage":4.0,"enemies":"Exordium Wildlife","floor":8.0,"turns":3.0},{"damage":13.0,"enemies":"Lagavulin","floor":10.0,"turns":6.0},{"damage":1.0,"enemies":"Blue Slaver","floor":13.0,"turns":2.0},{"damage":29.0,"enemies":"Hexaghost","floor":16.0,"turns":9.0},{"damage":16.0,"enemies":"Spheric Guardian","floor":18.0,"turns":4.0},{"damage":18.0,"enemies":"Shell Parasite","floor":22.0,"turns":3.0},{"damage":2.0,"enemies":"Snecko","floor":24.0,"turns":4.0},{"damage":34.0,"enemies":"Gremlin Leader","floor":25.0,"turns":8.0},{"damage":28.0,"enemies":"Masked Bandits","floor":27.0,"turns":4.0},{"damage":19.0,"enemies":"Snake Plant","floor":30.0,"turns":4.0},{"damage":6.0,"enemies":"Centurion and Healer","floor":31.0,"turns":7.0},{"damage":46.0,"enemies":"Champ","floor":33.0,"turns":23.0},{"damage":5.0,"enemies":"3 Shapes","floor":35.0,"turns":5.0},{"damage":0.0,"enemies":"Orb Walker","floor":37.0,"turns":2.0},{"damage":10.0,"enemies":"Jaw Worm Horde","floor":38.0,"turns":5.0},{"damage":12.0,"enemies":"Nemesis","floor":41.0,"turns":9.0},{"damage":16.0,"enemies":"Spire Growth","floor":42.0,"turns":5.0},{"damage":0.0,"enemies":"3 Darklings","floor":44.0,"turns":6.0},{"damage":0.0,"enemies":"4 Shapes","floor":45.0,"turns":6.0},{"damage":28.0,"enemies":"Jaw Worm Horde","floor":48.0,"turns":5.0},{"damage":37.0,"enemies":"Time Eater","floor":50.0,"turns":7.0},{"damage":52,"enemies":"Awakened One","floor":51,"turns":5}],"seed_played":"-630775872798190753","potions_obtained":[{"floor":4.0,"key":"PowerPotion"},{"floor":7.0,"key":"Fire Potion"},{"floor":10.0,"key":"SpeedPotion"},{"floor":22.0,"key":"SmokeBomb"},{"floor":27.0,"key":"PowerPotion"},{"floor":31.0,"key":"Dexterity Potion"},{"floor":38.0,"key":"Explosive Potion"},{"floor":44.0,"key":"Dexterity Potion"}],"is_trial":false,"path_per_floor":["M","?","M","M","?","R","E","M","T","E","R","?","M","T","R","B",null,"M","T","$","T","M","R","M","E","T","?","R","$","M","M","R","B",null,"M","$","M","M","$","R","E","M","T","M","M","R","$","M","R","B","B"],"character_chosen":"DEFECT","items_purchased":["Turbo","Good Instincts","Coolheaded","Defragment","Multi-Cast","Conserve Battery"],"campfire_rested":1,"item_purchase_floors":[20,20,29,39,47,47],"current_hp_per_floor":[76,81,79,74,74,74,78,81,81,75,75,75,81,81,81,59,76,67,67,67,81,70,70,75,48,48,27,70,70,58,59,59,20,76,78,78,85,89,89,89,84,75,75,82,95,95,95,81,81,51,0],"gold":112,"neow_bonus":"TWENTY_PERCENT_HP_BONUS","is_prod":false,"is_daily":false,"chose_seed":false,"campfire_upgraded":8,"win_rate":0,"timestamp":1541889779,"path_taken":["M","?","M","M","?","R","E","M","T","E","R","?","?","?","R","BOSS","M","?","$","?","?","R","M","E","T","?","R","?","M","M","R","BOSS","M","$","M","M","$","R","E","M","T","?","M","R","$","M","R","BOSS","BOSS"],"build_version":"2018-11-08","purchased_purges":2,"victory":false,"max_hp_per_floor":[85,90,90,90,81,81,81,81,81,81,81,81,81,81,81,81,81,81,81,81,95,95,95,95,95,95,95,95,95,95,95,95,95,95,95,95,95,95,95,95,95,95,95,95,95,95,95,95,95,95,95],"card_choices":[{"not_picked":["Hologram","Scrape"],"picked":"Self Repair","floor":1.0},{"not_picked":["Fusion","Coolheaded"],"picked":"Conserve Battery","floor":3.0},{"not_picked":["Leap","Rebound"],"picked":"Ball Lightning","floor":4.0},{"not_picked":["Stack","Skim"],"picked":"Machine Learning","floor":7.0},{"not_picked":["Turbo","Double Energy"],"picked":"Go for the Eyes","floor":8.0},{"not_picked":["Static Discharge","Genetic Algorithm"],"picked":"Cold Snap","floor":10.0},{"not_picked":["Sweeping Beam","Doom and Gloom"],"picked":"Compile Driver","floor":13.0},{"not_picked":["Thunder Strike","Seek"],"picked":"Biased Cognition","floor":16.0},{"not_picked":["Streamline","Compile Driver","Gash"],"picked":"SKIP","floor":18.0},{"not_picked":["Hologram","Auto Shields"],"picked":"Gash","floor":22.0},{"not_picked":["Steam Power","Steam"],"picked":"Turbo+1","floor":24.0},{"not_picked":["Tempest","Conserve Battery"],"picked":"Rainbow","floor":25.0},{"not_picked":["Coolheaded","Go for the Eyes"],"picked":"Chill+1","floor":30.0},{"not_picked":["Coolheaded","Redo","Steam Power"],"picked":"SKIP","floor":31.0},{"not_picked":["Biased Cognition","Thunder Strike"],"picked":"Echo Form","floor":33.0},{"not_picked":["Tempest"],"picked":"SKIP","floor":35.0},{"not_picked":[],"picked":"BootSequence+1","floor":37.0},{"not_picked":["Conserve Battery"],"picked":"SKIP","floor":38.0},{"not_picked":["Undo"],"picked":"SKIP","floor":41.0},{"not_picked":["Ball Lightning"],"picked":"SKIP","floor":42.0},{"not_picked":[],"picked":"Fusion+1","floor":44.0},{"not_picked":["Recycle"],"picked":"SKIP","floor":45.0},{"not_picked":["Sunder"],"picked":"SKIP","floor":48.0}],"player_experience":613298,"relics_obtained":[{"floor":7.0,"key":"DataDisk"},{"floor":9.0,"key":"Whetstone"},{"floor":10.0,"key":"Tiny Chest"},{"floor":14.0,"key":"Centennial Puzzle"},{"floor":19.0,"key":"Unceasing Top"},{"floor":21.0,"key":"Mango"},{"floor":25.0,"key":"Ginger"},{"floor":26.0,"key":"Regal Pillow"},{"floor":27.0,"key":"Red Mask"},{"floor":41.0,"key":"Emotion Chip"},{"floor":43.0,"key":"Pen Nib"}],"event_choices":[{"damage_healed":0.0,"max_hp_gain":5.0,"max_hp_loss":0.0,"gold_gain":0.0,"event_name":"Big Fish","player_choice":"Donut","floor":2.0,"gold_loss":0.0,"damage_taken":0.0},{"damage_healed":0.0,"max_hp_gain":0.0,"max_hp_loss":9.0,"gold_gain":0.0,"event_name":"Golden Idol","player_choice":"Lose Max HP","floor":5.0,"gold_loss":0.0,"damage_taken":0.0,"relics_obtained":["Golden Idol"]},{"cards_removed":["Strike_B"],"damage_healed":0.0,"max_hp_gain":0.0,"max_hp_loss":0.0,"gold_gain":0.0,"event_name":"The Cleric","player_choice":"Card Removal","floor":12.0,"gold_loss":75.0,"damage_taken":0.0},{"damage_healed":0.0,"max_hp_gain":0.0,"max_hp_loss":0.0,"gold_gain":0.0,"event_name":"Masked Bandits","player_choice":"Fought Bandits","floor":27.0,"gold_loss":0.0,"damage_taken":0.0}],"is_beta":false,"boss_relics":[{"not_picked":["Lizard Tail","Fusion Hammer"],"picked":"Runic Pyramid"},{"not_picked":["Black Star","Nuclear Battery"],"picked":"Busted Crown"}],"items_purged_floors":[20,47],"is_endless":false,"potions_floor_spawned":[4,7,10,22,27,30,31,38,41,44],"killed_by":"Awakened One","ascension_level":20}