{"gold_per_floor":[110,123,47,62,237,237,247,247,247,3,30,30,57,82,82,82],"floor_reached":16,"playtime":368,"items_purged":[],"score":124,"play_id":"7de49443-8ea4-408a-9224-524af169b3b3","local_time":"20180703033017","is_ascension_mode":true,"campfire_choices":[{"data":"Feed","floor":6,"key":"SMITH"},{"data":"Whirlwind","floor":8,"key":"SMITH"},{"floor":15,"key":"REST"}],"neow_cost":"NONE","seed_source_timestamp":99994670668129,"circlet_count":0,"master_deck":["Strike_R","Strike_R","Strike_R","Strike_R","Defend_R","Defend_R","Defend_R","Defend_R","Bash","Perfected Strike","Rampage","Feed+1","Perfected Strike","Doubt","Whirlwind+1","Spot Weakness","Combust","Flex"],"relics":["Burning Blood","Vajra","Paper Frog","Gremlin Horn","Shuriken","Molten Egg 2","Juzu Bracelet"],"potions_floor_usage":[11,16],"damage_taken":[{"damage":0,"enemies":"Small Slimes","floor":1,"turns":3},{"damage":7,"enemies":"2 Louse","floor":2,"turns":3},{"damage":7,"enemies":"Jaw Worm","floor":4,"turns":2},{"damage":26,"enemies":"Lots of Slimes","floor":7,"turns":3},{"damage":40,"enemies":"Lagavulin","floor":11,"turns":5},{"damage":9,"enemies":"3 Sentries","floor":13,"turns":2},{"damage":59,"enemies":"Hexaghost","floor":16,"turns":9}],"seed_played":"6010776352421687194","potions_obtained":[{"floor":4,"key":"Strength Potion"},{"floor":11,"key":"Ancient Potion"},{"floor":13,"key":"Strength Potion"}],"is_trial":false,"path_per_floor":["M","M","$","M","?","R","M","R","T","$","E","?","E","T","R"],"character_chosen":"IRONCLAD","items_purchased":["Feed","Gremlin Horn"],"campfire_rested":1,"item_purchase_floors":[3,10],"current_hp_per_floor":[80,79,79,78,78,78,62,62,62,62,28,28,29,29,55,0],"gold":82,"neow_bonus":"RANDOM_COMMON_RELIC","is_prod":false,"is_daily":false,"chose_seed":false,"campfire_upgraded":2,"win_rate":0,"timestamp":1530603017,"path_taken":["M","M","$","M","?","R","?","R","T","$","E","?","E","?","R","BOSS"],"build_version":"2018-06-29","purchased_purges":0,"victory":false,"max_hp_per_floor":[80,80,80,80,80,80,84,84,84,84,84,84,88,88,88,88],"card_choices":[{"not_picked":["Wild Strike","Blood for Blood"],"picked":"Perfected Strike","floor":1},{"not_picked":["Battle Trance","Burning Pact"],"picked":"Rampage","floor":2},{"not_picked":["Clash","Carnage"],"picked":"Perfected Strike","floor":4},{"not_picked":["Flex","Seeing Red"],"picked":"Whirlwind","floor":7},{"not_picked":["Rupture","Hemokinesis"],"picked":"Spot Weakness","floor":11},{"not_picked":["Burning Pact","Fire Breathing"],"picked":"Flex","floor":13}],"player_experience":377368,"relics_obtained":[{"floor":9,"key":"Paper Frog"},{"floor":11,"key":"Shuriken"},{"floor":13,"key":"Molten Egg 2"},{"floor":14,"key":"Juzu Bracelet"}],"event_choices":[{"event_name":"Liars Game","player_choice":"agreed","floor":5,"damage_taken":0},{"event_name":"Transmorgrifier","player_choice":"Transform","floor":12,"damage_taken":0}],"boss_relics":[],"items_purged_floors":[],"is_endless":false,"potions_floor_spawned":[4,11,13],"killed_by":"Hexaghost","ascension_level":3}