{"gold_per_floor":[211,223,298,573,238,269,269,281,307,307,319,30,61,236,236,236],"floor_reached":16,"playtime":543,"items_purged":["Regret"],"score":135,"play_id":"f2c98ccf-6d91-4a9f-87ad-7c56f3134682","local_time":"20190606031705","is_ascension_mode":true,"campfire_choices":[{"data":"Seeing Red","floor":7,"key":"SMITH"},{"data":"Bash","floor":10,"key":"SMITH"},{"floor":15,"key":"REST"}],"neow_cost":"NONE","seed_source_timestamp":1330517745681500,"circlet_count":0,"master_deck":["Strike_R","Strike_R","Strike_R","Strike_R","Strike_R","Defend_R+1","Defend_R","Defend_R","Defend_R","Bash+1","Discovery+1","Headbutt","Seeing Red+1","Pommel Strike","Pommel Strike","Doubt"],"relics":["Burning Blood","War Paint","Art of War","Blood Vial","Prayer Wheel","Ancient Tea Set"],"potions_floor_usage":[6,8,16],"damage_taken":[{"damage":14,"enemies":"Small Slimes","floor":1,"turns":4},{"damage":1,"enemies":"Cultist","floor":2,"turns":3},{"damage":32,"enemies":"Gremlin Nob","floor":6,"turns":4},{"damage":2,"enemies":"Jaw Worm","floor":8,"turns":2},{"damage":0,"enemies":"Looter","floor":11,"turns":1},{"damage":27,"enemies":"3 Sentries","floor":13,"turns":7},{"damage":60,"enemies":"Hexaghost","floor":16,"turns":9}],"seed_played":"-3734583570258285472","potions_obtained":[{"floor":2,"key":"Energy Potion"},{"floor":6,"key":"Swift Potion"},{"floor":13,"key":"SteroidPotion"}],"is_trial":false,"path_per_floor":["M","M","?","?","$","E","R","M","T","R","M","$","E","?","R","B"],"character_chosen":"IRONCLAD","items_purchased":["Discovery","War Paint","Headbutt","Prayer Wheel"],"campfire_rested":1,"item_purchase_floors":[5,5,5,12],"current_hp_per_floor":[72,77,66,66,66,40,40,44,44,44,52,52,33,33,57,0],"gold":236,"neow_bonus":"HUNDRED_GOLD","is_prod":false,"is_daily":false,"chose_seed":false,"campfire_upgraded":2,"win_rate":0,"timestamp":1559805425,"path_taken":["M","M","?","?","$","E","R","?","T","R","M","$","E","?","R","BOSS"],"build_version":"2019-06-05","purchased_purges":1,"victory":false,"max_hp_per_floor":[80,80,80,80,80,80,80,80,80,80,80,80,80,80,80,80],"card_choices":[{"not_picked":["Sword Boomerang","Armaments","Headbutt"],"picked":"SKIP","floor":1},{"not_picked":["Anger","Sword Boomerang","Whirlwind"],"picked":"SKIP","floor":2},{"not_picked":["Berserk","Armaments"],"picked":"Seeing Red","floor":6},{"not_picked":["Shrug It Off","Blood for Blood"],"picked":"Pommel Strike","floor":8},{"not_picked":["True Grit","Cleave","Armaments"],"picked":"SKIP","floor":11},{"not_picked":["Clothesline","Headbutt"],"picked":"Pommel Strike","floor":13}],"player_experience":979084,"relics_obtained":[{"floor":6,"key":"Art of War"},{"floor":9,"key":"Blood Vial"},{"floor":13,"key":"Ancient Tea Set"}],"event_choices":[{"damage_healed":0,"gold_gain":75,"player_choice":"Gather Gold","damage_taken":11,"max_hp_gain":0,"max_hp_loss":0,"event_name":"World of Goop","floor":3,"gold_loss":0},{"damage_healed":0,"gold_gain":275,"player_choice":"Desecrate","damage_taken":0,"max_hp_gain":0,"max_hp_loss":0,"event_name":"Golden Shrine","floor":4,"gold_loss":0,"cards_obtained":["Regret"]},{"damage_healed":0,"gold_gain":175,"player_choice":"AGREE","damage_taken":0,"max_hp_gain":0,"max_hp_loss":0,"event_name":"Liars Game","floor":14,"gold_loss":0,"cards_obtained":["Doubt"]}],"is_beta":true,"boss_relics":[],"items_purged_floors":[5],"is_endless":false,"potions_floor_spawned":[2,6,13],"killed_by":"Hexaghost","ascension_level":5}