{"gold_per_floor":[361,379,394,118,193,193,227,402,402,63,82,82,82],"floor_reached":13,"playtime":487,"items_purged":["Regret","Doubt"],"score":116,"play_id":"7b5fbeaa-639b-4172-8ff0-999e5559477c","local_time":"20190703184240","is_ascension_mode":true,"campfire_choices":[{"data":"Demon Form","floor":6,"key":"SMITH"}],"neow_cost":"CURSE","seed_source_timestamp":92489883802400,"circlet_count":0,"master_deck":["Strike_R","Strike_R","Strike_R","Strike_R","Strike_R","Defend_R","Defend_R","Defend_R","Defend_R","Bash","Headbutt","Infernal Blade","Cleave","Demon Form+1","Anger","Reckless Charge","Panacea","Anger"],"relics":["Burning Blood","Pocketwatch","Pear","Regal Pillow"],"potions_floor_usage":[11],"damage_taken":[{"damage":12,"enemies":"Jaw Worm","floor":1,"turns":3},{"damage":20,"enemies":"Small Slimes","floor":2,"turns":3},{"damage":8,"enemies":"Cultist","floor":3,"turns":3},{"damage":15,"enemies":"Lagavulin","floor":7,"turns":5},{"damage":16,"enemies":"Blue Slaver","floor":11,"turns":3},{"damage":30,"enemies":"Gremlin Gang","floor":13,"turns":3}],"seed_played":"5104071370134389302","potions_obtained":[{"floor":7,"key":"AttackPotion"}],"is_trial":false,"path_per_floor":["M","M","M","$","?","R","E","?","T","$","M","?","M"],"character_chosen":"IRONCLAD","items_purchased":["Demon Form","Anger","Panacea","Regal Pillow"],"campfire_rested":0,"item_purchase_floors":[4,4,10,10],"current_hp_per_floor":[66,52,50,50,39,39,30,30,40,40,30,30,0],"gold":82,"neow_bonus":"TWO_FIFTY_GOLD","is_prod":false,"is_daily":false,"chose_seed":false,"campfire_upgraded":1,"win_rate":0,"timestamp":1562193760,"path_taken":["M","M","M","$","?","R","E","?","T","$","M","?","M"],"build_version":"2019-06-30","purchased_purges":2,"victory":false,"max_hp_per_floor":[80,80,80,80,80,80,80,80,90,90,90,90,90],"card_choices":[{"not_picked":["True Grit","Perfected Strike"],"picked":"Headbutt","floor":1},{"not_picked":["True Grit","Heavy Blade"],"picked":"Infernal Blade","floor":2},{"not_picked":["Wild Strike","Clothesline"],"picked":"Cleave","floor":3},{"not_picked":["Clothesline","Power Through"],"picked":"Reckless Charge","floor":7},{"not_picked":["Spot Weakness","Fire Breathing"],"picked":"Anger","floor":11}],"player_experience":1174976,"relics_obtained":[{"floor":7,"key":"Pocketwatch"},{"floor":9,"key":"Pear"}],"event_choices":[{"damage_healed":0,"gold_gain":75,"player_choice":"Gather Gold","damage_taken":11,"max_hp_gain":0,"max_hp_loss":0,"event_name":"World of Goop","floor":5,"gold_loss":0},{"damage_healed":0,"gold_gain":175,"player_choice":"AGREE","damage_taken":0,"max_hp_gain":0,"max_hp_loss":0,"event_name":"Liars Game","floor":8,"gold_loss":0,"cards_obtained":["Doubt"]},{"damage_healed":0,"gold_gain":0,"player_choice":"Ignored","damage_taken":0,"max_hp_gain":0,"max_hp_loss":0,"event_name":"Shining Light","floor":12,"gold_loss":0}],"is_beta":true,"boss_relics":[],"items_purged_floors":[4,10],"is_endless":false,"potions_floor_spawned":[7],"killed_by":"Gremlin Gang","ascension_level":8}