{"gold_per_floor":[117,130,130,130,205,232,232,257,257,272,284,284,311,328,328,433,433,452,208,208,32,32,88,88,122,122,122,137,151,184,198,198,198],"floor_reached":33,"playtime":2079,"items_purged":[],"score":404,"play_id":"97da4f36-02a0-4e4c-9b18-01e9262636bd","local_time":"20190630090537","is_ascension_mode":true,"campfire_choices":[{"floor":7,"key":"REST"},{"floor":15,"key":"REST"},{"floor":27,"key":"REST"},{"floor":32,"key":"REST"}],"neow_cost":"NONE","seed_source_timestamp":236984425968900,"circlet_count":0,"master_deck":["Strike_B+1","Strike_B+1","Strike_B+1","Defend_B+1","Defend_B+1","Defend_B+1","Defend_B+1","Zap","Dualcast","Hologram","Glacier","Streamline","Consume","Streamline","Reboot","Buffer","Force Field","Echo Form","Recycle","Hologram","Force Field+1"],"relics":["Snecko Eye","Pocketwatch","Smiling Mask","Gambling Chip","Torii","Nunchaku","Nuclear Battery","Frozen Egg 2","Boot","Tiny Chest","Singing Bowl","Orichalcum","Blood Vial"],"potions_floor_usage":[8,11,13,14,16,23,25,29,33,33],"damage_taken":[{"damage":0,"enemies":"2 Louse","floor":1,"turns":2},{"damage":4,"enemies":"Small Slimes","floor":2,"turns":4},{"damage":15,"enemies":"3 Sentries","floor":6,"turns":9},{"damage":23,"enemies":"Lagavulin","floor":8,"turns":4},{"damage":0,"enemies":"Jaw Worm","floor":10,"turns":2},{"damage":0,"enemies":"Looter","floor":11,"turns":3},{"damage":1,"enemies":"3 Sentries","floor":13,"turns":6},{"damage":2,"enemies":"Gremlin Gang","floor":14,"turns":4},{"damage":9,"enemies":"Slime Boss","floor":16,"turns":13},{"damage":7,"enemies":"Shell Parasite","floor":18,"turns":4},{"damage":1,"enemies":"Slavers","floor":23,"turns":10},{"damage":19,"enemies":"Gremlin Leader","floor":25,"turns":11},{"damage":0,"enemies":"Spheric Guardian","floor":28,"turns":6},{"damage":9,"enemies":"Centurion and Healer","floor":29,"turns":6},{"damage":41,"enemies":"Slavers","floor":30,"turns":6},{"damage":15,"enemies":"Snake Plant","floor":31,"turns":5},{"damage":37,"enemies":"Automaton","floor":33,"turns":12}],"seed_played":"-3856753457466001419","potions_obtained":[{"floor":2,"key":"Block Potion"},{"floor":10,"key":"EntropicBrew"},{"floor":14,"key":"SkillPotion"},{"floor":23,"key":"Swift Potion"},{"floor":25,"key":"SpeedPotion"},{"floor":30,"key":"Ancient Potion"},{"floor":31,"key":"Strength Potion"}],"is_trial":false,"path_per_floor":["M","M","?","?","?","E","R","E","T","M","M","?","E","M","R","B",null,"M","$","?","$","?","E","?","E","T","R","M","M","E","M","R","B"],"character_chosen":"DEFECT","items_purchased":["Frozen Egg 2","Boot","Hologram"],"campfire_rested":4,"item_purchase_floors":[19,21,21],"current_hp_per_floor":[75,71,71,71,60,45,67,44,44,44,44,44,43,41,63,54,70,63,63,63,63,63,62,62,43,43,65,67,60,21,10,34,0],"gold":198,"neow_bonus":"BOSS_RELIC","is_prod":false,"is_daily":false,"chose_seed":false,"campfire_upgraded":0,"win_rate":0,"timestamp":1561899937,"path_taken":["M","M","?","?","?","E","R","E","T","M","?","?","E","?","R","BOSS","M","$","?","$","?","E","?","E","T","R","M","?","E","M","R","BOSS"],"build_version":"2019-06-29","purchased_purges":0,"victory":false,"max_hp_per_floor":[75,75,75,75,75,75,75,75,75,75,75,75,75,75,75,75,75,75,75,75,75,75,75,75,75,75,75,77,79,81,83,83,83],"card_choices":[{"not_picked":["Beam Cell","Steam"],"picked":"Hologram","floor":1},{"not_picked":["Reprogram","Fusion"],"picked":"Glacier","floor":2},{"not_picked":["Steam","Reboot"],"picked":"Streamline","floor":6},{"not_picked":["Ball Lightning","Darkness"],"picked":"Consume","floor":8},{"not_picked":["Gash","Storm"],"picked":"Streamline","floor":10},{"not_picked":["Compile Driver","Leap","Gash"],"picked":"SKIP","floor":11},{"not_picked":["Coolheaded","Go for the Eyes"],"picked":"Buffer","floor":13},{"not_picked":["Redo","Coolheaded"],"picked":"Force Field","floor":14},{"not_picked":["Creative AI","Core Surge"],"picked":"Echo Form","floor":16},{"not_picked":["Self Repair+1","Force Field"],"picked":"Recycle","floor":18},{"not_picked":["Steam Power","Turbo","Rebound"],"picked":"SKIP","floor":23},{"not_picked":["Static Discharge+1","Conserve Battery"],"picked":"Force Field+1","floor":25},{"not_picked":["Heatsinks+1","Turbo+1","Barrage+1"],"picked":"Singing Bowl","floor":28},{"not_picked":["Go for the Eyes","Gash+1","Sweeping Beam"],"picked":"Singing Bowl","floor":29},{"not_picked":["Genetic Algorithm+1","Reboot","Blizzard"],"picked":"Singing Bowl","floor":30},{"not_picked":["Steam Power","Melter+1","Hologram+1"],"picked":"Singing Bowl","floor":31}],"player_experience":1154255,"relics_obtained":[{"floor":6,"key":"Smiling Mask"},{"floor":8,"key":"Gambling Chip"},{"floor":9,"key":"Torii"},{"floor":13,"key":"Nunchaku"},{"floor":23,"key":"Tiny Chest"},{"floor":25,"key":"Singing Bowl"},{"floor":26,"key":"Orichalcum"},{"floor":30,"key":"Blood Vial"}],"event_choices":[{"damage_healed":0,"gold_gain":0,"player_choice":"Box","damage_taken":0,"relics_obtained":["Pocketwatch"],"max_hp_gain":0,"max_hp_loss":0,"event_name":"Big Fish","floor":3,"gold_loss":0,"cards_obtained":["Regret"]},{"cards_removed":["Regret"],"damage_healed":0,"gold_gain":0,"player_choice":"Forget","damage_taken":0,"max_hp_gain":0,"max_hp_loss":0,"event_name":"Living Wall","floor":4,"gold_loss":0},{"damage_healed":0,"gold_gain":75,"player_choice":"Gather Gold","damage_taken":11,"max_hp_gain":0,"max_hp_loss":0,"event_name":"World of Goop","floor":5,"gold_loss":0},{"damage_healed":0,"gold_gain":0,"cards_transformed":["Strike_B"],"player_choice":"Transformed","damage_taken":0,"max_hp_gain":0,"max_hp_loss":0,"event_name":"Transmorgrifier","floor":12,"gold_loss":0,"cards_obtained":["Reboot"]},{"damage_healed":0,"gold_gain":0,"player_choice":"Simplicity","damage_taken":0,"max_hp_gain":0,"max_hp_loss":0,"event_name":"Back to Basics","floor":20,"gold_loss":0,"cards_upgraded":["Strike_B","Strike_B","Strike_B","Defend_B","Defend_B","Defend_B","Defend_B"]},{"damage_healed":0,"gold_gain":0,"player_choice":"Ignored","damage_taken":0,"max_hp_gain":0,"max_hp_loss":0,"event_name":"Ghosts","floor":22,"gold_loss":0},{"damage_healed":0,"gold_gain":0,"player_choice":"Ignored","damage_taken":0,"max_hp_gain":0,"max_hp_loss":0,"event_name":"Vampires","floor":24,"gold_loss":0}],"is_beta":true,"boss_relics":[{"not_picked":["Eternal Feather","Astrolabe"],"picked":"Nuclear Battery"}],"items_purged_floors":[],"is_endless":false,"potions_floor_spawned":[2,10,11,14,23,25,30,31],"killed_by":"Automaton","ascension_level":5}