{"gold_per_floor":[115,4,4,4,24,52,52,2,2,36,36,61,76,95,95,174,174,189,203,79,79,79,79,109,109,109,109,121,155,155,165,165,238,288,302,315,335,335,346,346,375,375,375,392,403,416,4,18,18,18,18,18,18,18,52,52],"floor_reached":57,"playtime":3651,"items_purged":["Strike_G","Strike_G","Strike_G"],"score":2809,"play_id":"a05d0bca-159c-473c-836f-4f6f6b4fcaae","local_time":"20190707130619","is_ascension_mode":true,"campfire_choices":[{"data":"Quick Slash","floor":7.0,"key":"SMITH"},{"data":"Noxious Fumes","floor":15.0,"key":"SMITH"},{"data":"Footwork","floor":23.0,"key":"SMITH"},{"data":"After Image","floor":25.0,"key":"SMITH"},{"data":"Footwork","floor":27.0,"key":"SMITH"},{"data":"Corpse Explosion","floor":32.0,"key":"SMITH"},{"data":"Night Terror","floor":40.0,"key":"SMITH"},{"floor":42.0,"key":"RECALL"},{"data":"Catalyst","floor":49.0,"key":"SMITH"},{"data":"Caltrops","floor":53.0,"key":"SMITH"}],"neow_cost":"NONE","seed_source_timestamp":1433334090762,"circlet_count":0,"master_deck":["AscendersBane","Strike_G","Defend_G+1","Defend_G","Defend_G","Defend_G","Defend_G","Survivor","Neutralize","PiercingWail","Footwork+1","Backflip","Quick Slash+1","Noxious Fumes+1","After Image+1","Escape Plan","Caltrops+1","Corpse Explosion+1","Deadly Poison+1","Footwork+1","PiercingWail","Caltrops+1","Acrobatics","Night Terror+1","PiercingWail+1","Deflect","Leg Sweep+1","Backflip","Neutralize","Dodge and Roll","Catalyst+1","Escape Plan+1","Blur","Adrenaline"],"special_seed":0,"relics":["Ring of the Snake","NeowsBlessing","Vajra","Letter Opener","Art of War","PreservedInsect","Bird Faced Urn","Blood Vial","Runic Pyramid","Anchor","Mummified Hand","Ornamental Fan","Tiny House","Ancient Tea Set","Bottled Lightning","Torii"],"potions_floor_usage":[56],"damage_taken":[{"damage":0.0,"enemies":"Jaw Worm","floor":1.0,"turns":1.0},{"damage":0.0,"enemies":"2 Louse","floor":5.0,"turns":1.0},{"damage":0.0,"enemies":"Lagavulin","floor":6.0,"turns":1.0},{"damage":3.0,"enemies":"3 Sentries","floor":10.0,"turns":7.0},{"damage":0.0,"enemies":"Lagavulin","floor":12.0,"turns":6.0},{"damage":0.0,"enemies":"Cultist","floor":13.0,"turns":5.0},{"damage":2.0,"enemies":"Exordium Wildlife","floor":14.0,"turns":5.0},{"damage":9.0,"enemies":"The Guardian","floor":16.0,"turns":11.0},{"damage":2.0,"enemies":"3 Byrds","floor":18.0,"turns":3.0},{"damage":4.0,"enemies":"Shell Parasite","floor":19.0,"turns":5.0},{"damage":28.0,"enemies":"Book of Stabbing","floor":24.0,"turns":7.0},{"damage":5.0,"enemies":"Centurion and Healer","floor":28.0,"turns":5.0},{"damage":0.0,"enemies":"Gremlin Leader","floor":29.0,"turns":6.0},{"damage":0.0,"enemies":"3 Cultists","floor":31.0,"turns":3.0},{"damage":7.0,"enemies":"Collector","floor":33.0,"turns":8.0},{"damage":0.0,"enemies":"3 Shapes","floor":35.0,"turns":5.0},{"damage":0.0,"enemies":"3 Darklings","floor":36.0,"turns":4.0},{"damage":6.0,"enemies":"Maw","floor":37.0,"turns":10.0},{"damage":0.0,"enemies":"4 Shapes","floor":39.0,"turns":4.0},{"damage":38.0,"enemies":"Giant Head","floor":41.0,"turns":9.0},{"damage":0.0,"enemies":"Sphere and 2 Shapes","floor":44.0,"turns":5.0},{"damage":4.0,"enemies":"Transient","floor":45.0,"turns":6.0},{"damage":0.0,"enemies":"Maw","floor":46.0,"turns":5.0},{"damage":25.0,"enemies":"Jaw Worm Horde","floor":48.0,"turns":6.0},{"damage":14.0,"enemies":"Donu and Deca","floor":50.0,"turns":9.0},{"damage":89.0,"enemies":"Awakened One","floor":51.0,"turns":20.0},{"damage":16.0,"enemies":"Shield and Spear","floor":55.0,"turns":7.0},{"damage":25,"enemies":"The Heart","floor":56,"turns":11}],"seed_played":"-7879841266371408260","potions_obtained":[{"floor":6.0,"key":"Block Potion"},{"floor":10.0,"key":"Regen Potion"},{"floor":14.0,"key":"Dexterity Potion"},{"floor":16.0,"key":"Fruit Juice"},{"floor":18.0,"key":"Explosive Potion"},{"floor":28.0,"key":"SteroidPotion"},{"floor":31.0,"key":"EssenceOfSteel"},{"floor":34.0,"key":"Fruit Juice"},{"floor":37.0,"key":"Ancient Potion"},{"floor":39.0,"key":"FearPotion"},{"floor":44.0,"key":"Fire Potion"},{"floor":46.0,"key":"Weak Potion"},{"floor":55.0,"key":"FearPotion"}],"is_trial":false,"path_per_floor":["M","$","?","?","M","E","R","?","T","E","$","E","M","M","R","B",null,"M","M","$","?","?","R","E","R","T","R","M","E","?","M","R","B",null,"M","M","M","?","M","R","E","R","T","M","M","M","$","M","R","B","B",null,"R","$","E","B",null],"character_chosen":"THE_SILENT","items_purchased":["Footwork","PiercingWail","Bottled Lightning"],"campfire_rested":0,"item_purchase_floors":[2,20,47],"current_hp_per_floor":[59,59,41,41,41,41,41,41,41,38,38,42,50,56,56,57,64,71,71,71,71,71,71,48,48,48,48,55,69,49,61,61,68,84,86,86,85,85,86,86,48,48,48,68,84,86,86,77,77,80,11,67,67,67,71,66],"gold":52,"neow_bonus":"THREE_ENEMY_KILL","is_prod":false,"is_daily":false,"chose_seed":false,"campfire_upgraded":9,"win_rate":0,"timestamp":1562497579,"path_taken":["M","$","?","?","?","E","R","?","T","E","$","E","M","?","R","BOSS","M","M","$","?","?","R","E","R","T","R","M","E","?","M","R","BOSS","M","M","M","?","M","R","E","R","T","?","M","M","$","M","R","BOSS","BOSS","R","$","E","BOSS"],"build_version":"2019-07-05","purchased_purges":3,"victory":true,"max_hp_per_floor":[66,66,66,66,66,66,66,66,66,66,66,66,66,66,66,66,66,71,71,71,71,71,71,71,71,71,71,71,71,76,76,76,76,86,86,86,86,86,86,86,86,86,86,86,86,86,86,86,86,86,86,86,86,86,86,86],"card_choices":[{"not_picked":["Deflect","Sucker Punch"],"picked":"PiercingWail","floor":1.0},{"not_picked":["Outmaneuver","Flying Knee"],"picked":"Backflip","floor":5.0},{"not_picked":["Distraction","Doppelganger"],"picked":"Quick Slash","floor":6.0},{"not_picked":["Crippling Poison","PiercingWail"],"picked":"Noxious Fumes","floor":10.0},{"not_picked":["Prepared","Flying Knee"],"picked":"After Image","floor":12.0},{"not_picked":["Endless Agony","Flechettes"],"picked":"Escape Plan","floor":13.0},{"not_picked":["Bane","Noxious Fumes"],"picked":"Caltrops","floor":14.0},{"not_picked":["Storm of Steel","Glass Knife"],"picked":"Corpse Explosion","floor":16.0},{"not_picked":["Blade Dance","Calculated Gamble"],"picked":"Deadly Poison+1","floor":18.0},{"not_picked":["Deadly Poison+1","Bane+1"],"picked":"Footwork","floor":19.0},{"not_picked":["Poisoned Stab+1","Quick Slash","Blade Dance"],"picked":"SKIP","floor":24.0},{"not_picked":["Underhanded Strike","Bouncing Flask"],"picked":"Caltrops+1","floor":28.0},{"not_picked":["Poisoned Stab","Dagger Spray","All Out Attack"],"picked":"SKIP","floor":29.0},{"not_picked":["All Out Attack","Tactician"],"picked":"Acrobatics","floor":31.0},{"not_picked":["Glass Knife","Grand Finale"],"picked":"Night Terror","floor":33.0},{"not_picked":["Reflex","Flying Knee"],"picked":"PiercingWail+1","floor":34.0},{"not_picked":["Dagger Spray","Slice"],"picked":"Deflect","floor":35.0},{"not_picked":["Dodge and Roll","Prepared"],"picked":"Leg Sweep+1","floor":36.0},{"not_picked":["Prepared","Distraction"],"picked":"Backflip","floor":37.0},{"not_picked":["Tools of the Trade","Dagger Spray","Acrobatics"],"picked":"SKIP","floor":39.0},{"not_picked":["Masterful Stab","Slice+1"],"picked":"Dodge and Roll","floor":41.0},{"not_picked":["Tactician+1","PiercingWail"],"picked":"Catalyst","floor":44.0},{"not_picked":["Bane","Blade Dance","Quick Slash+1"],"picked":"SKIP","floor":45.0},{"not_picked":["Poisoned Stab","Sucker Punch+1"],"picked":"Escape Plan+1","floor":46.0},{"not_picked":["Dodge and Roll","Storm of Steel"],"picked":"Blur","floor":48.0},{"not_picked":["Flechettes+1","Venomology"],"picked":"Adrenaline","floor":55.0}],"player_experience":886776,"relics_obtained":[{"floor":6.0,"key":"Letter Opener"},{"floor":9.0,"key":"PreservedInsect"},{"floor":10.0,"key":"Bird Faced Urn"},{"floor":12.0,"key":"Blood Vial"},{"floor":24.0,"key":"Anchor"},{"floor":26.0,"key":"Mummified Hand"},{"floor":29.0,"key":"Ornamental Fan"},{"floor":41.0,"key":"Ancient Tea Set"},{"floor":55.0,"key":"Torii"}],"event_choices":[{"damage_healed":0.0,"max_hp_gain":0.0,"max_hp_loss":0.0,"gold_gain":0.0,"event_name":"Scrap Ooze","player_choice":"Success","floor":3.0,"gold_loss":0.0,"damage_taken":18.0,"relics_obtained":["Vajra"]},{"cards_removed":["Strike_G"],"damage_healed":0.0,"max_hp_gain":0.0,"max_hp_loss":0.0,"gold_gain":0.0,"event_name":"Bonfire Elementals","player_choice":"Offered Basic","floor":4.0,"gold_loss":0.0,"damage_taken":0.0},{"damage_healed":0.0,"max_hp_gain":0.0,"max_hp_loss":0.0,"gold_gain":0.0,"event_name":"WeMeetAgain","player_choice":"Paid Gold","floor":8.0,"gold_loss":50.0,"damage_taken":0.0,"relics_obtained":["Art of War"]},{"damage_healed":0.0,"max_hp_gain":0.0,"max_hp_loss":0.0,"gold_gain":0.0,"event_name":"Cursed Tome","player_choice":"Ignored","floor":21.0,"gold_loss":0.0,"damage_taken":0.0},{"damage_healed":0.0,"max_hp_gain":0.0,"max_hp_loss":0.0,"gold_gain":0.0,"event_name":"The Mausoleum","player_choice":"Ignored","floor":22.0,"gold_loss":0.0,"damage_taken":0.0},{"damage_healed":0.0,"max_hp_gain":5.0,"max_hp_loss":0.0,"gold_gain":0.0,"event_name":"Forgotten Altar","player_choice":"Shed Blood","floor":30.0,"gold_loss":0.0,"damage_taken":25.0},{"damage_healed":0.0,"max_hp_gain":0.0,"max_hp_loss":0.0,"gold_gain":0.0,"event_name":"Match and Keep!","player_choice":"1 cards matched","floor":38.0,"gold_loss":0.0,"damage_taken":0.0,"cards_obtained":["Neutralize"]}],"is_beta":false,"boss_relics":[{"not_picked":["Orrery","Philosopher\u0027s Stone"],"picked":"Runic Pyramid"},{"not_picked":["Calling Bell","Eternal Feather"],"picked":"Tiny House"}],"items_purged_floors":[2,20,47],"is_endless":false,"potions_floor_spawned":[6,10,13,14,16,18,28,31,37,39,44,46,55],"ascension_level":20}