{"path_per_floor":["M","?","M","M","?","R","$","?","T","M","$","M","?","M","R"],"character_chosen":"DEFECT","items_purchased":["Blind","DataDisk"],"gold_per_floor":[116,116,131,144,144,144,44,104,130,149,6,20,20,35,35,35],"floor_reached":16,"campfire_rested":1,"playtime":747,"current_hp_per_floor":[75,75,74,74,67,67,67,36,36,21,21,14,14,13,35,0],"items_purged":[],"gold":35,"score":92,"play_id":"2520a371-3c4a-49db-80f3-cc3f031ff48a","local_time":"20180507171453","is_prod":false,"is_daily":false,"chose_seed":false,"is_ascension_mode":false,"campfire_upgraded":1,"timestamp":1525727693,"path_taken":["M","?","M","?","?","R","$","?","T","M","?","M","?","M","R","BOSS"],"build_version":"2018-05-03","seed_source_timestamp":1898203670933317,"purchased_purges":0,"victory":false,"master_deck":["Strike_B","Strike_B","Strike_B","Defend_B","Defend_B","Defend_B","Zap","Dualcast","Echo Form","Defragment","BootSequence","BootSequence","Genetic Algorithm+1","Blind","Conserve Battery","Rebound","Streamline"],"max_hp_per_floor":[75,75,75,75,75,75,75,75,75,75,75,75,75,75,75,75],"relics":["Cracked Core","Unceasing Top","Happy Flower","DataDisk"],"card_choices":[{"not_picked":["Recycle","Blizzard"],"picked":"Defragment","floor":1},{"not_picked":["White Noise","Capacitor"],"picked":"BootSequence","floor":3},{"not_picked":["Rebound","Ball Lightning"],"picked":"Genetic Algorithm","floor":4},{"not_picked":["Hologram","Beam Cell"],"picked":"Conserve Battery","floor":8},{"not_picked":["Stack","Axe Kick"],"picked":"Rebound","floor":10},{"not_picked":["Turbo","Leap"],"picked":"Streamline","floor":14}],"player_experience":172916,"potions_floor_usage":[8,8,12,14],"damage_taken":[{"damage":0,"enemies":"2 Louse","floor":1,"turns":1},{"damage":1,"enemies":"Cultist","floor":3,"turns":4},{"damage":0,"enemies":"Small Slimes","floor":4,"turns":4},{"damage":31,"enemies":"Lagavulin Event","floor":8,"turns":7},{"damage":15,"enemies":"3 Louse","floor":10,"turns":5},{"damage":7,"enemies":"Looter","floor":12,"turns":3},{"damage":1,"enemies":"Lots of Slimes","floor":14,"turns":4},{"damage":35,"enemies":"Hexaghost","floor":16,"turns":9}],"event_choices":[{"event_name":"Transmorgrifier","player_choice":"Transform","floor":2,"damage_taken":0},{"event_name":"Golden Wing","player_choice":"Card Removal","floor":5,"damage_taken":0},{"event_name":"Dead Adventurer","player_choice":"Searched \u00273\u0027 times","floor":8,"damage_taken":0},{"event_name":"The Cleric","player_choice":"Leave","floor":13,"damage_taken":0}],"boss_relics":[],"potions_floor_spawned":[1,4,8,10],"seed_played":"1043983661258215529","killed_by":"Hexaghost","ascension_level":0,"is_trial":false}