{"gold_per_floor":[114,114,129,79,79,79,94,109,109,124,124,124,124,139,139,239,239,254,254,284,484,162,162,162,162,162,162,177,252,267,282,282,382,382,397,440,440,440,72,72,0,0,75,75,90,120,120,135,135,135],"floor_reached":51,"playtime":2667,"items_purged":[],"score":857,"play_id":"7b25b0f3-0e38-4a65-a91c-12064738b69b","local_time":"20180907191535","daily_mods":["Allstar","Cursed Run","Night Terrors"],"is_ascension_mode":false,"campfire_choices":[{"data":"Transmutation","floor":6,"key":"SMITH"},{"data":"Metamorphosis","floor":11,"key":"SMITH"},{"data":"Dark Shackles","floor":13,"key":"SMITH"},{"data":"Skewer","floor":15,"key":"SMITH"},{"data":"Night Terror","floor":23,"key":"SMITH"},{"data":"Crippling Poison","floor":25,"key":"SMITH"},{"data":"Crippling Poison","floor":27,"key":"SMITH"},{"data":"Tools of the Trade","floor":32,"key":"SMITH"},{"data":"Catalyst","floor":40,"key":"SMITH"},{"data":"Magnetism","floor":44,"key":"SMITH"},{"data":"Madness","floor":47,"key":"SMITH"},{"data":"Backstab","floor":49,"key":"SMITH"}],"neow_cost":"","seed_source_timestamp":0,"circlet_count":0,"master_deck":["Defend_G","Defend_G","Defend_G","Defend_G","Defend_G","Strike_G","Strike_G","Strike_G","Survivor","Neutralize","Dark Shackles+1","Transmutation+1","Metamorphosis+1","Madness","Swift Strike","Dash","Poisoned Stab","Backstab+1","Skewer+1","Crippling Poison+1","Decay","Night Terror+1","Crippling Poison+1","PiercingWail","Decay","Decay","PiercingWail","Tools of the Trade+1","Parasite","Adrenaline","Accuracy+1","PiercingWail+1","Parasite","Panacea","Magnetism+1","Madness+1","Catalyst+1","Doubt","Normality","Deadly Poison","Backstab","Skewer+1","Shame"],"special_seed":17781,"relics":["Cursed Key","Darkstone Periapt","Du-Vu Doll","CultistMask","Ornamental Fan","Art of War","Spirit Poop","Tiny Chest","Dead Branch","Shuriken","Matryoshka","White Beast Statue","The Specimen","Strawberry","Pear","Bird Faced Urn","Red Mask","Dream Catcher","Meat on the Bone"],"potions_floor_usage":[8,10,16,18,28,33,35,36,36,46,46,50],"damage_taken":[{"damage":5,"enemies":"Small Slimes","floor":1,"turns":3},{"damage":6,"enemies":"Cultist","floor":3,"turns":5},{"damage":0,"enemies":"Jaw Worm","floor":7,"turns":3},{"damage":7,"enemies":"Looter","floor":8,"turns":4},{"damage":0,"enemies":"Lots of Slimes","floor":10,"turns":3},{"damage":0,"enemies":"Large Slime","floor":14,"turns":5},{"damage":14,"enemies":"Hexaghost","floor":16,"turns":8},{"damage":2,"enemies":"3 Byrds","floor":18,"turns":5},{"damage":0,"enemies":"2 Thieves","floor":28,"turns":2},{"damage":0,"enemies":"Snake Plant","floor":30,"turns":3},{"damage":7,"enemies":"Cultist and Chosen","floor":31,"turns":3},{"damage":4,"enemies":"Collector","floor":33,"turns":7},{"damage":7,"enemies":"3 Darklings","floor":35,"turns":4},{"damage":21,"enemies":"Mysterious Sphere","floor":36,"turns":4},{"damage":0,"enemies":"3 Shapes","floor":45,"turns":3},{"damage":11,"enemies":"Jaw Worm Horde","floor":46,"turns":4},{"damage":26,"enemies":"Maw","floor":48,"turns":7},{"damage":56,"enemies":"Donu and Deca","floor":50,"turns":7}],"seed_played":"-778787433029275369","potions_obtained":[{"floor":7,"key":"EssenceOfSteel"},{"floor":8,"key":"SkillPotion"},{"floor":14,"key":"Regen Potion"},{"floor":16,"key":"Swift Potion"},{"floor":18,"key":"SteroidPotion"},{"floor":33,"key":"PowerPotion"},{"floor":35,"key":"PowerPotion"},{"floor":36,"key":"FearPotion"},{"floor":45,"key":"SteroidPotion"},{"floor":46,"key":"EssenceOfSteel"},{"floor":48,"key":"SkillPotion"}],"is_trial":false,"path_per_floor":["M","?","M","?","?","R","M","M","T","M","R","?","R","M","R","B",null,"M","?","?","?","$","R","$","R","T","R","M","T","M","M","R","B",null,"M","?","T","?","$","R","?","?","T","R","M","M","R","M","R","B"],"character_chosen":"THE_SILENT","items_purchased":["Dead Branch","PiercingWail","Bird Faced Urn","Catalyst"],"campfire_rested":0,"item_purchase_floors":[22,22,39,39],"current_hp_per_floor":[70,70,64,64,57,57,57,50,56,56,56,56,56,56,56,63,82,80,80,80,80,80,80,80,80,86,86,86,92,92,85,85,87,100,93,72,95,85,85,85,85,129,135,135,135,126,126,106,106,76],"gold":135,"neow_bonus":"","is_prod":false,"is_daily":true,"chose_seed":false,"campfire_upgraded":12,"win_rate":0,"timestamp":1536362135,"path_taken":["M","?","?","?","?","R","M","?","T","M","R","?","R","M","R","BOSS","M","?","?","?","$","R","$","R","T","R","M","?","?","M","R","BOSS","M","?","?","?","$","R","?","?","T","R","M","M","R","M","R","BOSS"],"build_version":"2018-09-06","purchased_purges":0,"victory":true,"max_hp_per_floor":[70,70,70,70,70,70,70,70,76,76,76,76,76,76,76,82,82,82,82,82,82,82,82,82,82,88,88,88,94,94,94,94,100,100,100,100,123,123,123,123,123,129,135,135,135,135,135,135,135,141],"card_choices":[{"not_picked":["Underhanded Strike","Dodge and Roll"],"picked":"Dash","floor":1},{"not_picked":["Acrobatics","Cloak And Dagger"],"picked":"Poisoned Stab","floor":3},{"not_picked":["Sucker Punch","Expertise","Concentrate"],"picked":"SKIP","floor":7},{"not_picked":["Riddle With Holes","Poisoned Stab"],"picked":"Backstab","floor":8},{"not_picked":["PiercingWail","Dagger Spray"],"picked":"Skewer","floor":10},{"not_picked":["Riddle With Holes","Setup"],"picked":"Crippling Poison","floor":14},{"not_picked":["Storm of Steel","Glass Knife"],"picked":"Night Terror","floor":16},{"not_picked":["Infinite Blades","Prepared"],"picked":"Crippling Poison","floor":18},{"not_picked":["Skewer","Expertise","Tactician"],"picked":"SKIP","floor":28},{"not_picked":["Poisoned Stab+1","Dagger Spray"],"picked":"PiercingWail","floor":30},{"not_picked":["Backflip+1","Quick Slash"],"picked":"Tools of the Trade","floor":31},{"not_picked":["Doppelganger","Phantasmal Killer"],"picked":"Adrenaline","floor":33},{"not_picked":["Heel Hook","Dagger Throw+1"],"picked":"Accuracy+1","floor":35},{"not_picked":["Dash+1","Sucker Punch"],"picked":"PiercingWail+1","floor":36},{"not_picked":["Swift Strike","Transmutation"],"picked":"Panacea","floor":38},{"not_picked":["Metamorphosis","Finesse"],"picked":"Magnetism","floor":38},{"not_picked":["Forethought","Swift Strike"],"picked":"Madness","floor":38},{"not_picked":["Slice+1","Leg Sweep+1"],"picked":"Deadly Poison","floor":45},{"not_picked":["PiercingWail","Infinite Blades"],"picked":"Backstab","floor":46},{"not_picked":["Riddle With Holes+1","Leg Sweep+1"],"picked":"Skewer+1","floor":48}],"player_experience":609123,"relics_obtained":[{"floor":9,"key":"Ornamental Fan"},{"floor":12,"key":"Art of War"},{"floor":26,"key":"Shuriken"},{"floor":29,"key":"Matryoshka"},{"floor":36,"key":"The Specimen"},{"floor":37,"key":"Strawberry"},{"floor":37,"key":"Pear"},{"floor":43,"key":"Dream Catcher"},{"floor":43,"key":"Meat on the Bone"}],"event_choices":[{"event_name":"FaceTrader","player_choice":"Trade","floor":2,"damage_taken":0},{"event_name":"The Cleric","player_choice":"Card Removal","floor":4,"damage_taken":0},{"event_name":"Golden Wing","player_choice":"Card Removal","floor":5,"damage_taken":0},{"event_name":"Wheel of Change","player_choice":"Relic","floor":12,"damage_taken":0},{"event_name":"Bonfire Elementals","player_choice":"CURSE","floor":19,"damage_taken":0},{"event_name":"The Mausoleum","player_choice":"Yes","floor":20,"damage_taken":0},{"event_name":"The Joust","player_choice":"Bet on Owner","floor":21,"damage_taken":0},{"event_name":"Mysterious Sphere","player_choice":"Fight","floor":36,"damage_taken":0},{"event_name":"SensoryStone","player_choice":"Memory 3","floor":38,"damage_taken":0},{"event_name":"Tomb of Lord Red Mask","player_choice":"Paid","floor":41,"damage_taken":0},{"event_name":"MindBloom","player_choice":"Heal","floor":42,"damage_taken":0}],"is_beta":true,"boss_relics":[{"not_picked":["Philosopher\u0027s Stone","Velvet Choker","Runic Dome"]},{"not_picked":["Eternal Feather","Empty Cage"],"picked":"White Beast Statue"}],"items_purged_floors":[],"is_endless":false,"potions_floor_spawned":[7,8,14,16,18,33,35,36,45,46,48],"ascension_level":0}