{"path_per_floor":["M","M","?","M","?","M","$","R","T","?","E","M","E","?","R","B",null,"M","M","$","M","?","R","M"],"character_chosen":"IRONCLAD","items_purchased":["Inflame","Omamori","Jack Of All Trades"],"gold_per_floor":[113,132,132,152,152,164,18,18,18,43,74,85,112,287,287,390,390,409,429,82,96,96,96,111],"floor_reached":25,"campfire_rested":0,"playtime":1458,"current_hp_per_floor":[80,80,80,80,80,80,80,80,80,69,64,70,71,71,71,59,94,90,91,91,69,69,69,24],"items_purged":["Strike_R","Strike_R"],"gold":111,"score":213,"play_id":"9b18401c-d0f1-4726-b598-565e17742f16","local_time":"20180304044916","is_prod":false,"is_daily":false,"is_ascension_mode":false,"campfire_upgraded":3,"timestamp":1520156956,"path_taken":["M","M","?","M","?","?","$","R","T","?","E","M","E","?","R","BOSS","M","M","$","M","?","R","?","M"],"build_version":"2018-03-01-PROD1","purchased_purges":2,"victory":false,"master_deck":["Strike_R","Defend_R","Defend_R","Defend_R","Defend_R","Bash","Pommel Strike","Flame Barrier","Pommel Strike","Bludgeon+1","Armaments","Inflame","Pommel Strike","Flame Barrier","Brutality+1","Clothesline","Doubt","Double Tap+1","Decay","Parasite","Normality","Sword Boomerang+1","Cleave","Jack Of All Trades+1","Flex","Exhume"],"max_hp_per_floor":[80,80,80,80,80,80,80,80,80,80,80,80,80,80,80,80,94,94,94,94,94,94,94,94],"relics":["Burning Blood","Thread and Needle","Odd Mushroom","Orichalcum","Bronze Scales","Calling Bell","Mango","Art of War","Darkstone Periapt","Omamori"],"card_choices":[{"not_picked":["Hemokinesis","Thunderclap"],"picked":"Pommel Strike"},{"not_picked":["Headbutt","Armaments"],"picked":"Flame Barrier"},{"not_picked":["Clothesline","Feel No Pain"],"picked":"Pommel Strike"},{"not_picked":["Warcry","Clash"],"picked":"Armaments"},{"not_picked":["Body Slam","Warcry"],"picked":"Pommel Strike"},{"not_picked":["Clash","Warcry"],"picked":"Flame Barrier"},{"not_picked":["Searing Blow","Anger"],"picked":"Brutality"},{"not_picked":["Corruption","Perfected Strike"],"picked":"Clothesline"},{"not_picked":["Impervious","Brutality"],"picked":"Double Tap"},{"not_picked":["Perfected Strike","Havoc"],"picked":"Sword Boomerang"},{"not_picked":["Heavy Blade","Body Slam"],"picked":"Cleave"},{"not_picked":["Anger","Wild Strike"],"picked":"Flex"},{"not_picked":["Armaments","Clothesline"],"picked":"Exhume"}],"player_experience":230645,"potions_floor_usage":[10,12,13,16,16,21],"damage_taken":[{"damage":6,"enemies":"Jaw Worm","floor":1,"turns":5},{"damage":5,"enemies":"Cultist","floor":2,"turns":4},{"damage":0,"enemies":"Small Slimes","floor":4,"turns":4},{"damage":2,"enemies":"Blue Slaver","floor":6,"turns":4},{"damage":17,"enemies":"The Mushroom Lair","floor":10,"turns":5},{"damage":11,"enemies":"Gremlin Nob","floor":11,"turns":4},{"damage":0,"enemies":"Large Slime","floor":12,"turns":5},{"damage":5,"enemies":"Lagavulin","floor":13,"turns":5},{"damage":31,"enemies":"Slime Boss","floor":16,"turns":11},{"damage":10,"enemies":"3 Byrds","floor":18,"turns":3},{"damage":5,"enemies":"Shell Parasite","floor":19,"turns":3},{"damage":28,"enemies":"Centurion and Healer","floor":21,"turns":10},{"damage":51,"enemies":"Slaver and Parasite","floor":24,"turns":6},{"damage":24,"enemies":"Snake Plant","floor":25,"turns":4}],"event_choices":[{"event_name":"Purifier","player_choice":"One Purge","floor":3,"damage_taken":0},{"event_name":"Living Wall","player_choice":"Change","floor":5,"damage_taken":0},{"event_name":"Mushrooms","player_choice":"Fought Mushrooms","floor":10,"damage_taken":0},{"event_name":"Liars Game","player_choice":"agreed","floor":14,"damage_taken":0},{"event_name":"Upgrade Shrine","player_choice":"Upgraded","floor":22,"damage_taken":0}],"boss_relics":[{"not_picked":["Runic Dome","Mark of Pain"],"picked":"Calling Bell"}],"potions_floor_spawned":[4,6,11,12,13,19],"seed_played":"650866396299520291","killed_by":"Snake Plant","ascension_level":0,"is_trial":false}