{"gold_per_floor":[115,115,187,205,220,220,264,279,279,315,330,19,19,39,39,165,165,183,308,346,362,362,396,408,458,494,706,718,765,777,827,839,981,993,1021,1033,1267,837,855,855,920,934,985,985,42,57,57,81,81,81],"floor_reached":50,"playtime":2071,"items_purged":[],"score":937,"play_id":"72bcb506-5685-425d-a1e8-7c0437f90197","local_time":"20180914044216","is_ascension_mode":true,"campfire_choices":[{"data":"Streamline","floor":6,"key":"SMITH"},{"floor":13,"key":"REST"},{"floor":15,"key":"REST"},{"floor":24,"key":"REST"},{"floor":30,"key":"REST"},{"floor":32,"key":"REST"},{"floor":40,"key":"DIG"},{"floor":49,"key":"REST"}],"neow_cost":"","seed_source_timestamp":607430721739983,"circlet_count":0,"master_deck":["Strike_B","Strike_B","Strike_B","Strike_B","Defend_B","Defend_B","Defend_B","Defend_B","Zap","Dualcast","Streamline","Streamline+1","Cold Snap","Reboot","Doom and Gloom","Gash","Auto Shields","Gash","Meteor Strike","Rebound+1","Gash","Gash","Double Energy+1","Sunder","Chill","Necronomicurse","Meteor Strike","Leap+1","Rainbow","Streamline+1","Electrodynamics","Storm","Doom and Gloom+1","Storm+1","Barrage+1","Self Repair+1","Coolheaded+1","The Bomb","Hyperbeam+1","Core Surge+1","Amplify","Melter+1","Amplify"],"relics":["Cracked Core","Golden Idol","Dead Branch","Pear","Cables","Bag of Marbles","Vajra","Snecko Eye","Shovel","Matryoshka","Red Mask","PreservedInsect","Gremlin Horn","MawBank","Boot","Blood Vial","Art of War","Necronomicon","Bag of Preparation","Molten Egg 2","Eternal Feather","Runic Capacitor","Anchor","Bronze Scales","Tiny Chest","Potion Belt","Nunchaku","WingedGreaves"],"potions_floor_usage":[7,10,11,16,19,19,33,33,35,41,46,48,50],"damage_taken":[{"damage":1,"enemies":"2 Louse","floor":1,"turns":2},{"damage":0,"enemies":"Small Slimes","floor":4,"turns":2},{"damage":12,"enemies":"Jaw Worm","floor":5,"turns":2},{"damage":30,"enemies":"Gremlin Nob","floor":7,"turns":4},{"damage":7,"enemies":"2 Fungi Beasts","floor":8,"turns":2},{"damage":16,"enemies":"3 Sentries","floor":10,"turns":4},{"damage":11,"enemies":"Blue Slaver","floor":11,"turns":3},{"damage":7,"enemies":"Exordium Wildlife","floor":14,"turns":2},{"damage":9,"enemies":"Hexaghost","floor":16,"turns":8},{"damage":8,"enemies":"3 Byrds","floor":18,"turns":3},{"damage":0,"enemies":"Colosseum Slavers","floor":19,"turns":1},{"damage":27,"enemies":"Colosseum Nobs","floor":19,"turns":4},{"damage":12,"enemies":"Masked Bandits","floor":20,"turns":2},{"damage":8,"enemies":"Chosen","floor":21,"turns":3},{"damage":0,"enemies":"Book of Stabbing","floor":23,"turns":2},{"damage":0,"enemies":"Gremlin Leader","floor":25,"turns":2},{"damage":0,"enemies":"Slavers","floor":29,"turns":1},{"damage":0,"enemies":"Gremlin Leader","floor":31,"turns":2},{"damage":0,"enemies":"Collector","floor":33,"turns":6},{"damage":1,"enemies":"Orb Walker","floor":35,"turns":2},{"damage":2,"enemies":"3 Shapes","floor":39,"turns":1},{"damage":6,"enemies":"Giant Head","floor":41,"turns":4},{"damage":0,"enemies":"Transient","floor":42,"turns":5},{"damage":42,"enemies":"Mind Bloom Boss Battle","floor":44,"turns":4},{"damage":21,"enemies":"Reptomancer","floor":46,"turns":4},{"damage":14,"enemies":"Jaw Worm Horde","floor":48,"turns":2},{"damage":112,"enemies":"Awakened One","floor":50,"turns":7}],"seed_played":"7188104376665274119","potions_obtained":[{"floor":1,"key":"Explosive Potion"},{"floor":8,"key":"Energy Potion"},{"floor":10,"key":"Swift Potion"},{"floor":11,"key":"FairyPotion"},{"floor":14,"key":"Block Potion"},{"floor":16,"key":"Strength Potion"},{"floor":18,"key":"EssenceOfSteel"},{"floor":19,"key":"LiquidBronze"},{"floor":31,"key":"AttackPotion"},{"floor":33,"key":"SkillPotion"},{"floor":39,"key":"Strength Potion"},{"floor":42,"key":"SpeedPotion"},{"floor":46,"key":"FocusPotion"},{"floor":48,"key":"Block Potion"}],"is_trial":false,"path_per_floor":["M","?","?","M","M","R","E","M","T","E","M","$","R","M","R","B",null,"M","?","?","M","T","E","R","E","T","?","?","E","R","E","R","B",null,"M","?","?","$","M","R","E","M","T","?","$","M","?","M","R"],"character_chosen":"DEFECT","items_purchased":["Bag of Marbles","Vajra","Runic Capacitor","Doom and Gloom+1","Anchor","The Bomb","WingedGreaves","Hyperbeam+1","Core Surge+1","Amplify"],"campfire_rested":6,"item_purchase_floors":[12,12,38,38,38,45,45,45,45,45],"current_hp_per_floor":[74,69,69,69,57,57,27,20,30,14,3,3,26,19,42,33,79,71,44,32,24,24,24,47,47,47,47,31,33,56,58,79,79,79,78,78,78,78,77,79,73,75,75,35,35,16,16,14,61,0],"gold":81,"neow_bonus":"","is_prod":false,"is_daily":false,"chose_seed":false,"campfire_upgraded":1,"win_rate":0,"timestamp":1536914536,"path_taken":["M","?","?","?","M","R","E","M","T","E","M","$","R","?","R","BOSS","M","?","?","M","?","E","R","E","T","?","?","E","R","E","R","BOSS","M","?","?","$","M","R","E","M","T","?","$","M","?","?","R","BOSS"],"build_version":"2018-09-12","purchased_purges":0,"victory":false,"max_hp_per_floor":[75,69,69,69,69,69,69,69,79,79,79,79,79,79,79,79,79,79,79,79,79,79,79,79,79,79,79,79,79,79,79,79,79,79,79,79,79,79,79,79,79,79,79,79,79,79,79,79,79,79],"card_choices":[{"not_picked":["Steam Power","Stack"],"picked":"Streamline","floor":1},{"not_picked":["Rip and Tear","Ball Lightning"],"picked":"Streamline","floor":4},{"not_picked":["Steam","Fusion"],"picked":"Cold Snap","floor":5},{"not_picked":["Redo","Skim"],"picked":"Reboot","floor":7},{"not_picked":["Force Field","Go for the Eyes"],"picked":"Doom and Gloom","floor":8},{"not_picked":["Capacitor","Beam Cell"],"picked":"Gash","floor":10},{"not_picked":["Go for the Eyes","Barrage"],"picked":"Auto Shields","floor":11},{"not_picked":["Reprogram","Skim"],"picked":"Gash","floor":14},{"not_picked":["Fission","Multi-Cast"],"picked":"Meteor Strike","floor":16},{"not_picked":["Leap+1","Redo+1"],"picked":"Rebound+1","floor":18},{"not_picked":["Reprogram","BootSequence+1"],"picked":"Gash","floor":19},{"not_picked":["Ball Lightning+1","Genetic Algorithm"],"picked":"Gash","floor":20},{"not_picked":["Stack","BootSequence"],"picked":"Double Energy+1","floor":21},{"not_picked":["Ball Lightning+1","Lockon+1"],"picked":"Sunder","floor":23},{"not_picked":["Gash+1","Consume"],"picked":"Chill","floor":25},{"not_picked":["Redo","Undo"],"picked":"Meteor Strike","floor":29},{"not_picked":["Hologram+1","BootSequence"],"picked":"Leap+1","floor":31},{"not_picked":["Biased Cognition","Amplify"],"picked":"Rainbow","floor":33},{"not_picked":["Ball Lightning+1","BootSequence+1"],"picked":"Streamline+1","floor":35},{"not_picked":["Steam","Hyperbeam+1"],"picked":"Storm+1","floor":39},{"not_picked":["Conserve Battery","Tempest"],"picked":"Barrage+1","floor":41},{"not_picked":["Go for the Eyes+1","Beam Cell+1"],"picked":"Self Repair+1","floor":42},{"not_picked":["Gash+1","Stack"],"picked":"Coolheaded+1","floor":44},{"not_picked":["Barrage+1","Gash+1"],"picked":"Melter+1","floor":46},{"not_picked":["Stack+1","BootSequence"],"picked":"Amplify","floor":48}],"player_experience":666803,"relics_obtained":[{"floor":7,"key":"Dead Branch"},{"floor":9,"key":"Pear"},{"floor":10,"key":"Cables"},{"floor":19,"key":"Shovel"},{"floor":19,"key":"Matryoshka"},{"floor":20,"key":"Red Mask"},{"floor":22,"key":"PreservedInsect"},{"floor":22,"key":"Gremlin Horn"},{"floor":23,"key":"MawBank"},{"floor":25,"key":"Boot"},{"floor":26,"key":"Blood Vial"},{"floor":26,"key":"Art of War"},{"floor":28,"key":"Necronomicon"},{"floor":29,"key":"Bag of Preparation"},{"floor":31,"key":"Molten Egg 2"},{"floor":40,"key":"Bronze Scales"},{"floor":41,"key":"Tiny Chest"},{"floor":43,"key":"Potion Belt"},{"floor":44,"key":"Nunchaku"}],"event_choices":[{"event_name":"Golden Idol","player_choice":"Lose Max HP","floor":2,"damage_taken":0},{"event_name":"Golden Wing","player_choice":"Gained Gold","floor":3,"damage_taken":0},{"event_name":"Colosseum","player_choice":"Fight","floor":19,"damage_taken":0},{"event_name":"Colosseum","player_choice":"Fought Nobs","floor":19,"damage_taken":0},{"event_name":"Masked Bandits","player_choice":"Fought Bandits","floor":20,"damage_taken":0},{"event_name":"The Joust","player_choice":"Bet on Owner","floor":27,"damage_taken":0},{"event_name":"Cursed Tome","player_choice":"Obtained Book","floor":28,"damage_taken":0},{"event_name":"Match and Keep!","player_choice":"2 cards matched","floor":36,"damage_taken":0},{"event_name":"Tomb of Lord Red Mask","player_choice":"Wore Mask","floor":37,"damage_taken":0},{"event_name":"MindBloom","player_choice":"Fight","floor":44,"damage_taken":0},{"event_name":"Mysterious Sphere","player_choice":"Ignore","floor":47,"damage_taken":0}],"is_beta":true,"boss_relics":[{"not_picked":["Lizard Tail","Orrery"],"picked":"Snecko Eye"},{"not_picked":["Sozu","Busted Crown"],"picked":"Eternal Feather"}],"items_purged_floors":[],"is_endless":false,"potions_floor_spawned":[1,8,10,11,14,16,18,19,31,33,39,42,46,48],"killed_by":"Awakened One","ascension_level":3}