{"path_per_floor":["M","$","M","?","M","E","R","M","T","M","M","M","M","M","R","B",null,"M","T","$","?","M","R","?","E","T"],"character_chosen":"IRONCLAD","items_purchased":["Mercury Hourglass","Finesse","Whirlwind","Toxic Egg 2","Havoc"],"gold_per_floor":[360,24,38,68,87,119,119,138,138,156,172,185,201,219,219,316,316,326,350,15,15,34,34,34,64,91,91],"floor_reached":27,"campfire_rested":2,"playtime":1352,"current_hp_per_floor":[72,72,72,72,72,61,61,37,37,16,10,14,16,22,43,8,72,72,72,72,72,42,63,63,12,14,0],"items_purged":[],"gold":91,"score":261,"play_id":"200955ae-edc5-4248-ba6c-2008eeb555ef","local_time":"20180411130849","is_prod":false,"is_daily":false,"is_ascension_mode":true,"campfire_upgraded":1,"timestamp":1523466529,"path_taken":["M","$","M","?","M","E","R","M","T","M","M","M","M","M","R","BOSS","M","?","$","?","M","R","?","E","T","M"],"build_version":"2018-04-05v2","purchased_purges":0,"victory":false,"master_deck":["Strike_R","Strike_R","Strike_R+1","Strike_R","Strike_R","Defend_R","Defend_R","Defend_R","Defend_R","Bash+1","Finesse","Normality","Whirlwind+1","Thunderclap","Demon Form","Rage","Feel No Pain","Carnage","Thunderclap","Limit Break","Decay","Whirlwind","Havoc+1","Brutality","Pain"],"max_hp_per_floor":[72,72,72,72,72,72,72,72,72,72,72,72,72,72,72,72,72,72,72,72,72,72,72,72,72,74,74],"relics":["Burning Blood","Mercury Hourglass","Tiny Chest","Prayer Wheel","Cursed Key","Whetstone","Toxic Egg 2","Nloth\u0027s Gift","Matryoshka","Juzu Bracelet","Singing Bowl"],"card_choices":[{"not_picked":["Anger","Headbutt"],"picked":"Whirlwind","floor":5},{"not_picked":["True Grit","Pommel Strike"],"picked":"Thunderclap","floor":8},{"not_picked":["Clash","Power Through"],"picked":"Demon Form","floor":9},{"not_picked":["Flex","Clash"],"picked":"Rage","floor":10},{"not_picked":["Sword Boomerang","Warcry"],"picked":"Feel No Pain","floor":11},{"not_picked":["Shrug It Off","Flex"],"picked":"Carnage","floor":12},{"not_picked":["Cleave","Iron Wave"],"picked":"Thunderclap","floor":14},{"not_picked":["Fiend Fire","Juggernaut"],"picked":"Limit Break","floor":16},{"not_picked":["Rampage","Power Through"],"picked":"Brutality","floor":22}],"player_experience":627068,"potions_floor_usage":[5,8,10,12,16,22,22,25,27],"damage_taken":[{"damage":0,"enemies":"2 Louse","floor":1,"turns":2},{"damage":0,"enemies":"Cultist","floor":3,"turns":3},{"damage":2,"enemies":"Jaw Worm","floor":5,"turns":2},{"damage":17,"enemies":"3 Sentries","floor":6,"turns":4},{"damage":30,"enemies":"Large Slime","floor":8,"turns":4},{"damage":27,"enemies":"Exordium Thugs","floor":10,"turns":3},{"damage":12,"enemies":"2 Fungi Beasts","floor":11,"turns":3},{"damage":2,"enemies":"Blue Slaver","floor":12,"turns":2},{"damage":4,"enemies":"Large Slime","floor":13,"turns":5},{"damage":0,"enemies":"Lots of Slimes","floor":14,"turns":1},{"damage":41,"enemies":"Slime Boss","floor":16,"turns":9},{"damage":0,"enemies":"3 Byrds","floor":18,"turns":2},{"damage":36,"enemies":"Shell Parasite","floor":22,"turns":4},{"damage":57,"enemies":"Slavers","floor":25,"turns":5},{"damage":30,"enemies":"Snecko","floor":27,"turns":3}],"event_choices":[{"event_name":"Accursed Blacksmith","player_choice":"Rummage","floor":4,"damage_taken":0},{"event_name":"N\u0027loth","player_choice":"Traded a Dead Branch","floor":21,"damage_taken":0},{"event_name":"Addict","player_choice":"Ignored","floor":24,"damage_taken":0}],"boss_relics":[{"not_picked":["Runic Dome","Pandora\u0027s Box"],"picked":"Cursed Key"}],"potions_floor_spawned":[3,5,8,11,13,16,18,22,25],"seed_played":"1696217820434207528","killed_by":"Snecko","ascension_level":2,"is_trial":false}