{"gold_per_floor":[118,128,145,164,180,180,9,9,63,63,98,113,113],"floor_reached":13,"playtime":325,"items_purged":["Strike_B"],"score":174,"play_id":"01cef64b-ebe5-49c3-b8f6-b8c20aac45a7","local_time":"20181122200536","is_ascension_mode":true,"campfire_choices":[{"data":"Zap","floor":6,"key":"SMITH"}],"neow_cost":"NONE","seed_source_timestamp":753563015249867,"circlet_count":0,"master_deck":["AscendersBane","Strike_B","Strike_B","Strike_B","Defend_B","Defend_B","Defend_B","Defend_B","Zap+1","Dualcast","All For One","Chill","Go for the Eyes+1","Gash","FTL","Beam Cell","Undo","Decay","Biased Cognition","Cold Snap"],"special_seed":0,"relics":["Cracked Core","Shuriken"],"potions_floor_usage":[4,5,5],"damage_taken":[{"damage":0.0,"enemies":"Small Slimes","floor":1.0,"turns":3.0},{"damage":2.0,"enemies":"Jaw Worm","floor":2.0,"turns":4.0},{"damage":0,"enemies":"Cultist","floor":3,"turns":4},{"damage":15,"enemies":"Large Slime","floor":4,"turns":6},{"damage":10,"enemies":"Exordium Thugs","floor":5,"turns":4},{"damage":30,"enemies":"Gremlin Nob","floor":11,"turns":4},{"damage":9,"enemies":"2 Fungi Beasts","floor":12,"turns":2},{"damage":10,"enemies":"3 Louse","floor":13,"turns":1}],"seed_played":"-363761037109107597","potions_obtained":[{"floor":2,"key":"SkillPotion"},{"floor":3,"key":"Explosive Potion"},{"floor":4,"key":"Regen Potion"}],"is_trial":false,"path_per_floor":["M","M","M","M","M","M","R","$","?","T","?","E","M","M"],"character_chosen":"DEFECT","items_purchased":["Beam Cell","Undo"],"campfire_rested":0,"item_purchase_floors":[7,7],"current_hp_per_floor":[64,62,62,47,49,49,49,49,49,49,19,10,0],"gold":113,"neow_bonus":"ONE_RANDOM_RARE_CARD","is_prod":false,"is_daily":false,"chose_seed":false,"campfire_upgraded":1,"win_rate":0,"timestamp":1542942336,"path_taken":["M","M","M","M","M","R","$","?","T","?","E","M","?"],"build_version":"2018-11-15","purchased_purges":1,"victory":false,"max_hp_per_floor":[71,71,71,71,71,71,71,71,71,71,71,71,71],"card_choices":[{"not_picked":["Steam","Scrape"],"picked":"Chill","floor":1.0},{"not_picked":["Gash","Tempest"],"picked":"Go for the Eyes","floor":2},{"not_picked":["Compile Driver","Leap"],"picked":"Gash","floor":3},{"not_picked":["Melter","Leap","Compile Driver"],"picked":"SKIP","floor":4},{"not_picked":["Stack","Redo"],"picked":"FTL","floor":5},{"not_picked":["Fusion","Heatsinks"],"picked":"Biased Cognition","floor":11},{"not_picked":["Leap","Ball Lightning"],"picked":"Cold Snap","floor":12}],"player_experience":653687,"relics_obtained":[{"floor":11,"key":"Shuriken"}],"event_choices":[{"damage_healed":0,"gold_gain":0,"player_choice":"Grow","damage_taken":0,"max_hp_gain":0,"max_hp_loss":0,"event_name":"Living Wall","floor":8,"gold_loss":0,"cards_upgraded":["Go for the Eyes"]},{"damage_healed":0,"gold_gain":0,"player_choice":"Cursed","damage_taken":0,"max_hp_gain":0,"max_hp_loss":0,"event_name":"Wheel of Change","floor":10,"gold_loss":0,"cards_obtained":["Decay"]}],"is_beta":false,"boss_relics":[],"items_purged_floors":[7],"is_endless":false,"potions_floor_spawned":[2,3,4],"killed_by":"3 Louse","ascension_level":20}