{"gold_per_floor":[116,25,40,40,50,50,69,85,110,110,124,138,148,166,166,269,269,281,15,35,35,52,52,72,72,72,72,89,102,102,115,115,220,220,230,230,245,263,41,41,52,52,52,63,74,74,74,74,74,74],"floor_reached":50,"playtime":2772,"items_purged":[],"score":469,"play_id":"f3e03aba-2b98-48db-b886-d030478528ba","local_time":"20190109230109","is_ascension_mode":false,"campfire_choices":[{"data":"Static Discharge","floor":6,"key":"SMITH"},{"data":"Storm","floor":15,"key":"SMITH"},{"data":"Amplify","floor":23,"key":"SMITH"},{"data":"Double Energy","floor":25,"key":"SMITH"},{"data":"Fission","floor":32,"key":"SMITH"},{"data":"Creative AI","floor":40,"key":"SMITH"},{"floor":42,"key":"REST"},{"floor":46,"key":"REST"},{"floor":49,"key":"REST"}],"neow_cost":"NONE","seed_source_timestamp":5366884457914,"circlet_count":0,"master_deck":["Zap","Dualcast","Auto Shields","Rainbow+1","Amplify+1","Cold Snap","Reinforced Body","Hologram","Reboot","Static Discharge+1","Defragment+1","Leap","Storm+1","Steam","Redo","Echo Form","Loop","Heatsinks","Stack","Conserve Battery","Fission+1","Glacier+1","Hello World","Thinking Ahead","Double Energy+1","Coolheaded+1","Steam","Steam Power+1","Turbo+1","Creative AI+1","Loop","Conserve Battery+1","Cold Snap+1","The Bomb","Static Discharge","Static Discharge"],"relics":["Pandora\u0027s Box"],"potions_floor_usage":[16,20,31,33,37,38,45,50,50],"damage_taken":[{"damage":0,"enemies":"Cultist","floor":1,"turns":3},{"damage":1,"enemies":"Small Slimes","floor":3,"turns":4},{"damage":8,"enemies":"Jaw Worm","floor":5,"turns":4},{"damage":6,"enemies":"Gremlin Gang","floor":7,"turns":4},{"damage":1,"enemies":"Looter","floor":8,"turns":4},{"damage":4,"enemies":"Blue Slaver","floor":11,"turns":3},{"damage":7,"enemies":"Gremlin Gang","floor":12,"turns":3},{"damage":9,"enemies":"Exordium Thugs","floor":13,"turns":4},{"damage":4,"enemies":"Looter","floor":14,"turns":3},{"damage":22,"enemies":"The Guardian","floor":16,"turns":8},{"damage":12,"enemies":"Shell Parasite","floor":18,"turns":4},{"damage":2,"enemies":"3 Byrds","floor":20,"turns":4},{"damage":0,"enemies":"Sentry and Sphere","floor":22,"turns":6},{"damage":0,"enemies":"Snake Plant","floor":24,"turns":2},{"damage":30,"enemies":"Shelled Parasite and Fungi","floor":28,"turns":7},{"damage":0,"enemies":"Snecko","floor":29,"turns":7},{"damage":0,"enemies":"Chosen and Byrds","floor":31,"turns":8},{"damage":28,"enemies":"Automaton","floor":33,"turns":14},{"damage":0,"enemies":"3 Shapes","floor":35,"turns":6},{"damage":17,"enemies":"3 Darklings","floor":37,"turns":5},{"damage":29,"enemies":"Writhing Mass","floor":38,"turns":7},{"damage":22,"enemies":"Sphere and 2 Shapes","floor":41,"turns":5},{"damage":3,"enemies":"Maw","floor":44,"turns":6},{"damage":32,"enemies":"3 Darklings","floor":45,"turns":4},{"damage":65,"enemies":"Awakened One","floor":50,"turns":4}],"seed_played":"470992542567724935","potions_obtained":[{"floor":1,"key":"FocusPotion"},{"floor":5,"key":"LiquidBronze"},{"floor":7,"key":"SkillPotion"},{"floor":24,"key":"Fire Potion"},{"floor":28,"key":"GamblersBrew"},{"floor":31,"key":"Dexterity Potion"},{"floor":35,"key":"Explosive Potion"},{"floor":37,"key":"LiquidBronze"}],"is_trial":false,"path_per_floor":["M","$","M","?","M","R","M","M","T","?","M","M","M","M","R","B",null,"M","$","M","?","M","R","M","R","T","?","M","M","?","M","R","B",null,"M","?","M","M","$","R","M","R","T","M","M","R","?","?","R","B"],"character_chosen":"DEFECT","items_purchased":["Defragment","Leap","Hello World","Thinking Ahead","The Bomb","PowerPotion"],"campfire_rested":3,"item_purchase_floors":[2,2,19,19,39,39],"current_hp_per_floor":[75,75,74,74,66,66,60,59,59,59,55,48,39,35,35,13,75,63,63,61,61,61,61,61,61,61,61,31,31,31,31,31,3,75,75,85,68,39,39,39,17,42,42,39,7,32,32,32,57,0],"gold":74,"neow_bonus":"BOSS_RELIC","is_prod":false,"is_daily":false,"chose_seed":false,"campfire_upgraded":6,"win_rate":0,"timestamp":1547071269,"path_taken":["M","$","?","?","M","R","M","?","T","?","M","M","?","M","R","BOSS","M","$","M","?","M","R","?","R","T","?","M","M","?","M","R","BOSS","M","?","M","M","$","R","M","R","T","?","M","R","?","?","R","BOSS"],"build_version":"2019-01-03v4","purchased_purges":0,"victory":false,"max_hp_per_floor":[75,75,75,75,75,75,75,75,75,75,75,75,75,75,75,75,75,75,75,75,75,75,75,75,75,75,75,75,75,75,75,75,75,75,75,85,85,85,85,85,85,85,85,85,85,85,85,85,85,85],"card_choices":[{"not_picked":["Compile Driver","Stack"],"picked":"Static Discharge","floor":1},{"not_picked":["Ball Lightning","Skim"],"picked":"Storm","floor":3},{"not_picked":["Compile Driver","Sweeping Beam"],"picked":"Steam","floor":5},{"not_picked":["Compile Driver","Barrage"],"picked":"Redo","floor":7},{"not_picked":["Hologram","Doom and Gloom"],"picked":"Echo Form","floor":8},{"not_picked":["Barrage","Leap"],"picked":"Loop","floor":11},{"not_picked":["Glacier","Cold Snap"],"picked":"Heatsinks","floor":12},{"not_picked":["Blizzard","Compile Driver"],"picked":"Stack","floor":13},{"not_picked":["Rip and Tear","Undo"],"picked":"Conserve Battery","floor":14},{"not_picked":["Core Surge","Amplify"],"picked":"Fission","floor":16},{"not_picked":["Self Repair","Turbo"],"picked":"Glacier+1","floor":18},{"not_picked":["Streamline","Ball Lightning"],"picked":"Double Energy","floor":20},{"not_picked":["Blizzard","Barrage"],"picked":"Coolheaded+1","floor":22},{"not_picked":["Redo","Ball Lightning"],"picked":"Steam","floor":24},{"not_picked":["Echo Form","Coolheaded"],"picked":"Steam Power+1","floor":28},{"not_picked":["Cold Snap+1","Scrape+1","Compile Driver+1"],"picked":"SKIP","floor":29},{"not_picked":["Compile Driver","Streamline"],"picked":"Turbo+1","floor":31},{"not_picked":["Hyperbeam","Fission"],"picked":"Creative AI","floor":33},{"not_picked":["Gash+1","Blizzard"],"picked":"Loop","floor":35},{"not_picked":["Coolheaded","Redo"],"picked":"Conserve Battery+1","floor":37},{"not_picked":["Hologram","FTL"],"picked":"Cold Snap+1","floor":38},{"not_picked":["Beam Cell+1","Coolheaded","Stack"],"picked":"SKIP","floor":41},{"not_picked":["Go for the Eyes","Blizzard"],"picked":"Static Discharge","floor":44},{"not_picked":["Ball Lightning","Compile Driver"],"picked":"Static Discharge","floor":45}],"player_experience":423837,"relics_obtained":[],"event_choices":[{"damage_healed":0,"gold_gain":0,"player_choice":"Upgraded","damage_taken":0,"max_hp_gain":0,"max_hp_loss":0,"event_name":"Upgrade Shrine","floor":4,"gold_loss":0,"cards_upgraded":["Rainbow"]},{"damage_healed":0,"gold_gain":0,"player_choice":"0 cards matched","damage_taken":0,"max_hp_gain":0,"max_hp_loss":0,"event_name":"Match and Keep!","floor":10,"gold_loss":0,"cards_obtained":[]},{"damage_healed":0,"gold_gain":0,"player_choice":"Ignored","damage_taken":0,"max_hp_gain":0,"max_hp_loss":0,"event_name":"WeMeetAgain","floor":21,"gold_loss":0},{"damage_healed":0,"gold_gain":0,"player_choice":"Ignored","damage_taken":0,"max_hp_gain":0,"max_hp_loss":0,"event_name":"Ghosts","floor":27,"gold_loss":0},{"damage_healed":0,"gold_gain":0,"player_choice":"Ignored","damage_taken":0,"max_hp_gain":0,"max_hp_loss":0,"event_name":"Cursed Tome","floor":30,"gold_loss":0},{"cards_removed":["Multi-Cast"],"damage_healed":0,"gold_gain":0,"player_choice":"Offered Rare","damage_taken":0,"max_hp_gain":10,"max_hp_loss":0,"event_name":"Bonfire Elementals","floor":36,"gold_loss":0},{"damage_healed":0,"gold_gain":0,"player_choice":"Ignored","damage_taken":0,"max_hp_gain":0,"max_hp_loss":0,"event_name":"Mysterious Sphere","floor":47,"gold_loss":0},{"damage_healed":0,"gold_gain":0,"player_choice":"Forge","damage_taken":0,"max_hp_gain":0,"max_hp_loss":0,"event_name":"Accursed Blacksmith","floor":48,"gold_loss":0,"cards_upgraded":["Defragment"]}],"is_beta":false,"boss_relics":[{"not_picked":["Runic Pyramid","Black Star","Inserter"]},{"not_picked":["Cursed Key","Orrery","Busted Crown"]}],"items_purged_floors":[],"is_endless":false,"potions_floor_spawned":[1,5,7,8,14,24,28,29,31,35,37],"killed_by":"Awakened One","ascension_level":0}