{"gold_per_floor":[112,132,132,152,169,169,169,194,247,278,293,293],"floor_reached":12,"playtime":343,"items_purged":[],"score":180,"play_id":"48c4572b-de3c-4191-a4c2-f868100ef2b2","local_time":"20190623110905","is_ascension_mode":true,"campfire_choices":[{"data":"Zap","floor":6.0,"key":"SMITH"}],"neow_cost":"NONE","seed_source_timestamp":1012298394620078,"circlet_count":0,"master_deck":["AscendersBane","Strike_B","Strike_B","Strike_B","Strike_B","Defend_B","Defend_B","Defend_B","Defend_B","Zap+1","Dualcast","Rip and Tear","Darkness","Coolheaded","Conserve Battery","Buffer"],"special_seed":0,"relics":["Cracked Core","Bottled Flame","Bag of Preparation","Art of War"],"potions_floor_usage":[10],"damage_taken":[{"damage":7.0,"enemies":"Jaw Worm","floor":1.0,"turns":3.0},{"damage":0.0,"enemies":"Cultist","floor":2.0,"turns":3.0},{"damage":4.0,"enemies":"Small Slimes","floor":4.0,"turns":3.0},{"damage":7.0,"enemies":"Exordium Wildlife","floor":5.0,"turns":3.0},{"damage":21.0,"enemies":"Lagavulin","floor":8.0,"turns":6.0},{"damage":5,"enemies":"Gremlin Nob","floor":10,"turns":3},{"damage":0,"enemies":"Large Slime","floor":11,"turns":4},{"damage":28,"enemies":"Gremlin Gang","floor":12,"turns":3}],"seed_played":"-779382570213995667","potions_obtained":[{"floor":2.0,"key":"Fire Potion"},{"floor":5.0,"key":"EssenceOfSteel"},{"floor":11,"key":"GamblersBrew"}],"is_trial":false,"path_per_floor":["M","M","?","M","M","R","?","E","T","E","M","M"],"character_chosen":"DEFECT","items_purchased":[],"campfire_rested":0,"item_purchase_floors":[],"current_hp_per_floor":[64,64,64,60,53,53,53,32,32,27,27,0],"gold":293,"neow_bonus":"TEN_PERCENT_HP_BONUS","is_prod":false,"is_daily":false,"chose_seed":false,"campfire_upgraded":1,"win_rate":0,"timestamp":1561313345,"path_taken":["M","M","?","M","M","R","?","E","T","E","M","M"],"build_version":"2019-01-23","purchased_purges":0,"victory":false,"max_hp_per_floor":[78,78,78,78,78,78,78,78,78,78,78,78],"card_choices":[{"not_picked":["Coolheaded","Storm"],"picked":"Rip and Tear","floor":1.0},{"not_picked":["Stack","Force Field"],"picked":"Darkness","floor":2.0},{"not_picked":["Hello World","Conserve Battery"],"picked":"Coolheaded","floor":4.0},{"not_picked":["Go for the Eyes","Reprogram","Reinforced Body"],"picked":"SKIP","floor":5.0},{"not_picked":["Stack","Force Field"],"picked":"Conserve Battery","floor":8},{"not_picked":["Chaos","Rebound"],"picked":"Buffer","floor":10},{"not_picked":["Barrage","Go for the Eyes","Steam"],"picked":"SKIP","floor":11}],"player_experience":812011,"relics_obtained":[{"floor":8,"key":"Bottled Flame"},{"floor":9,"key":"Bag of Preparation"},{"floor":10,"key":"Art of War"}],"event_choices":[{"damage_healed":0.0,"max_hp_gain":0.0,"max_hp_loss":0.0,"gold_gain":0.0,"event_name":"Liars Game","player_choice":"Ignored","floor":3.0,"gold_loss":0.0,"damage_taken":0.0},{"damage_healed":0.0,"max_hp_gain":0.0,"max_hp_loss":0.0,"gold_gain":0.0,"event_name":"Match and Keep!","player_choice":"0 cards matched","floor":7.0,"gold_loss":0.0,"damage_taken":0.0,"cards_obtained":[]}],"is_beta":false,"boss_relics":[],"items_purged_floors":[],"is_endless":false,"potions_floor_spawned":[2,5,8,11],"killed_by":"Gremlin Gang","ascension_level":20}