{"path_per_floor":["M","?","?","$","M","R","$","M","T","M","M","R","$","M","R","B",null,"M","?","$","M","?","$","R","M","T","?","M","M","M","?","R","B",null,"M","M","$","?","M","M","R","?","T","M","$","M"],"character_chosen":"DEFECT","items_purchased":["Membership Card","Cold Snap","Singing Bowl","Self Repair","Redo","Double Energy","Cold Snap","PowerPotion","Buffer","Capacitor","Coolheaded","Apotheosis","Strawberry","Self Repair","EntropicBrew"],"gold_per_floor":[315,565,515,271,284,284,47,66,135,148,159,159,43,54,54,158,158,172,203,146,162,162,78,78,96,122,122,135,154,165,165,165,267,267,281,297,150,150,161,161,161,383,383,394,155,175,175],"floor_reached":47,"campfire_rested":3,"playtime":2953,"item_purchase_floors":[4,4,7,7,7,13,13,13,20,23,23,37,45,45,45],"current_hp_per_floor":[72,72,72,72,72,72,72,72,72,47,49,72,72,76,76,65,89,90,69,69,79,79,79,79,60,60,60,38,35,26,26,55,32,101,101,101,101,101,40,40,70,70,70,19,26,38,0],"items_purged":[],"gold":175,"score":496,"play_id":"1acf4149-8b44-456a-89df-580bbab15af7","local_time":"20180519091530","is_prod":false,"is_daily":false,"chose_seed":false,"is_ascension_mode":false,"campfire_upgraded":3,"timestamp":1526735730,"campfire_choices":[{"data":"Rebound","floor":6,"key":"SMITH"},{"floor":12,"key":"REST"},{"data":"Self Repair","floor":15,"key":"SMITH"},{"data":"Defragment","floor":24,"key":"SMITH"},{"floor":32,"key":"REST"},{"floor":41,"key":"REST"}],"path_taken":["M","?","?","$","M","R","?","M","T","M","M","R","$","M","R","BOSS","M","?","$","M","?","$","R","M","T","?","M","M","?","?","R","BOSS","M","M","$","?","?","M","R","?","T","M","$","M","M"],"build_version":"2018-05-18","seed_source_timestamp":495774082377788,"purchased_purges":0,"victory":false,"master_deck":["Strike_B+1","Strike_B+1","Strike_B+1","Strike_B+1","Defend_B+1","Defend_B+1","Defend_B+1","Defend_B+1","Zap","Dualcast","Cold Snap","Rebound+1","Self Repair+1","Redo","Defragment+1","Redo","Double Energy","Cold Snap","Chill","Buffer","Echo Form+1","Capacitor","Coolheaded","Barrage+1","Regret","Loop+1","Amplify","Apotheosis","Self Repair"],"max_hp_per_floor":[75,75,75,75,75,75,75,77,77,77,77,77,77,79,79,81,89,91,93,93,93,93,93,93,93,93,93,95,97,99,99,99,101,101,101,101,101,101,103,103,103,103,103,105,112,114,114],"relics":["Cracked Core","Old Coin","Membership Card","Singing Bowl","Orrery","Red Mask","Omamori","Nloth\u0027s Gift","Calling Bell","Potion Belt","Toolbox","Shovel","Bag of Marbles","Strawberry"],"card_choices":[{"not_picked":["Reprogram","Tempest"],"picked":"Cold Snap","floor":1},{"not_picked":["Steam","Ball Lightning"],"picked":"Rebound","floor":5},{"not_picked":["Axe Kick","Lockon","Reprogram"],"picked":"Singing Bowl","floor":8},{"not_picked":["Capacitor","Streamline"],"picked":"Defragment","floor":10},{"not_picked":["Skim","Cold Snap"],"picked":"Redo","floor":11},{"not_picked":["Coolheaded","Cold Snap","Gash"],"picked":"Singing Bowl","floor":14},{"not_picked":["Amplify","Nova","Meteor Strike"],"picked":"Singing Bowl","floor":16},{"not_picked":["Steam","Gash","Genetic Algorithm"],"picked":"Singing Bowl","floor":17},{"not_picked":["Ball Lightning","Stack"],"picked":"Chill","floor":17},{"not_picked":["Cold Snap","Streamline","Sweeping Beam"],"picked":"Singing Bowl","floor":17},{"not_picked":["Conserve Battery","Hologram","Sweeping Beam"],"picked":"Singing Bowl","floor":17},{"not_picked":["Rebound","Sweeping Beam","Coolheaded"],"picked":"Singing Bowl","floor":17},{"not_picked":["Rip and Tear+1","Storm","Conserve Battery"],"picked":"Singing Bowl","floor":18},{"not_picked":["Turbo","Aggregate","Go for the Eyes"],"picked":"Singing Bowl","floor":19},{"not_picked":["Undo","Axe Kick"],"picked":"Echo Form","floor":21},{"not_picked":["Lockon","Turbo"],"picked":"Barrage+1","floor":25},{"not_picked":["Streamline","Axe Kick+1","Capacitor"],"picked":"Singing Bowl","floor":28},{"not_picked":["Static Discharge+1","Chill","Recycle"],"picked":"Singing Bowl","floor":29},{"not_picked":["Beam Cell","Sweeping Beam+1","Streamline"],"picked":"Singing Bowl","floor":30},{"not_picked":["Meteor Strike","Biased Cognition","Reboot"],"picked":"Singing Bowl","floor":33},{"not_picked":["Skim","Sweeping Beam"],"picked":"Loop+1","floor":35},{"not_picked":["Axe Kick","Steam+1"],"picked":"Amplify","floor":36},{"not_picked":["Coolheaded","Steam+1","Hologram+1"],"picked":"Singing Bowl","floor":39},{"not_picked":["Leap","Cold Snap","Steam"],"picked":"Singing Bowl","floor":44},{"not_picked":["Fusion+1","Cold Snap","Electrodynamics"],"picked":"Singing Bowl","floor":46}],"player_experience":291865,"potions_floor_usage":[8,14,16,18,21,28,29,35,40,44,46,46,46,46,46,46,46,46,46,47],"damage_taken":[{"damage":3,"enemies":"Jaw Worm","floor":1,"turns":5},{"damage":0,"enemies":"Cultist","floor":5,"turns":3},{"damage":2,"enemies":"2 Louse","floor":8,"turns":2},{"damage":25,"enemies":"Exordium Thugs","floor":10,"turns":4},{"damage":5,"enemies":"Red Slaver","floor":11,"turns":3},{"damage":5,"enemies":"Blue Slaver","floor":14,"turns":3},{"damage":23,"enemies":"The Guardian","floor":16,"turns":13},{"damage":11,"enemies":"Spheric Guardian","floor":18,"turns":8},{"damage":33,"enemies":"Masked Bandits","floor":19,"turns":7},{"damage":0,"enemies":"3 Byrds","floor":21,"turns":6},{"damage":29,"enemies":"Centurion and Healer","floor":25,"turns":13},{"damage":34,"enemies":"Chosen and Byrds","floor":28,"turns":9},{"damage":25,"enemies":"Slaver and Parasite","floor":29,"turns":10},{"damage":21,"enemies":"Centurion and Healer","floor":30,"turns":12},{"damage":45,"enemies":"Champ","floor":33,"turns":18},{"damage":3,"enemies":"3 Shapes","floor":35,"turns":8},{"damage":19,"enemies":"Orb Walker","floor":36,"turns":6},{"damage":83,"enemies":"Spire Growth","floor":39,"turns":7},{"damage":0,"enemies":"3 Darklings","floor":40,"turns":1},{"damage":63,"enemies":"Maw","floor":44,"turns":9},{"damage":32,"enemies":"Sphere and 2 Shapes","floor":46,"turns":10},{"damage":58,"enemies":"3 Darklings","floor":47,"turns":6}],"relics_obtained":[{"floor":9,"key":"Letter Opener"},{"floor":19,"key":"Red Mask"},{"floor":26,"key":"Omamori"},{"floor":34,"key":"Potion Belt"},{"floor":34,"key":"Toolbox"},{"floor":34,"key":"Shovel"},{"floor":43,"key":"Bag of Marbles"}],"event_choices":[{"event_name":"Golden Shrine","player_choice":"Desecrate","floor":2,"damage_taken":0},{"event_name":"The Cleric","player_choice":"Card Removal","floor":3,"damage_taken":0},{"event_name":"Masked Bandits","player_choice":"Fought over 172 gold","floor":19,"damage_taken":0},{"event_name":"Upgrade Shrine","player_choice":"Upgraded","floor":22,"damage_taken":0},{"event_name":"N\u0027loth","player_choice":"Traded a Letter Opener","floor":27,"damage_taken":0},{"event_name":"Back to Basics","player_choice":"Simplicity","floor":31,"damage_taken":0},{"event_name":"Tomb of Lord Red Mask","player_choice":"Wore Mask","floor":42,"damage_taken":0}],"boss_relics":[{"not_picked":["Pandora\u0027s Box","Velvet Choker"],"picked":"Orrery"},{"not_picked":["Lizard Tail","Inserter"],"picked":"Calling Bell"}],"items_purged_floors":[],"potions_floor_spawned":[5,14,16,19,25,28,30,33,39,40,44,46],"seed_played":"7475914784708668290","killed_by":"3 Darklings","ascension_level":0,"potions_obtained":[{"floor":5,"key":"PowerPotion"},{"floor":14,"key":"SkillPotion"},{"floor":16,"key":"Explosive Potion"},{"floor":19,"key":"GamblersBrew"},{"floor":25,"key":"Poison Potion"},{"floor":28,"key":"Weak Potion"},{"floor":30,"key":"SmokeBomb"},{"floor":33,"key":"FocusPotion"},{"floor":39,"key":"SteroidPotion"},{"floor":44,"key":"FairyPotion"},{"floor":46,"key":"PowerPotion"}],"is_trial":false}