{"path_per_floor":["M","?","?","$","M","R","M","M","T","M","M","M","R","M","R","B",null,"M","$","?","?","T","E","R","M","T","M"],"character_chosen":"IRONCLAD","items_purchased":["Dramatic Entrance","Strange Spoon"],"gold_per_floor":[111,111,111,17,34,34,52,63,63,73,87,105,105,123,123,218,218,234,31,31,31,57,85,85,98,174,187,187],"floor_reached":28,"campfire_rested":2,"playtime":1403,"current_hp_per_floor":[71,71,57,57,60,60,55,52,52,56,62,31,31,23,44,28,72,55,55,55,55,55,19,40,46,46,39,0],"items_purged":[],"gold":187,"score":255,"play_id":"366454f9-c3e8-40bd-a89c-6d8f34791e29","local_time":"20180415194325","is_prod":false,"is_daily":false,"chose_seed":false,"is_ascension_mode":true,"campfire_upgraded":2,"timestamp":1523835805,"path_taken":["M","?","?","$","M","R","M","?","T","?","?","M","R","?","R","BOSS","M","$","?","?","?","E","R","M","T","M","E"],"build_version":"2018-04-12","seed_source_timestamp":5699448440653,"purchased_purges":0,"victory":false,"master_deck":["Strike_R","Strike_R","Strike_R","Strike_R","Strike_R","Defend_R+1","Defend_R","Defend_R","Bash","Inflame+1","Dramatic Entrance","Second Wind+1","Dropkick","Rupture","Berserk+1","Dual Wield","Limit Break","Reckless Charge+1","Writhe","Clumsy","Pummel+1","Cleave+1","Inflame","Regret","Shockwave"],"max_hp_per_floor":[72,72,72,72,72,72,72,72,72,72,72,72,72,72,72,72,72,72,72,72,72,72,72,72,72,72,72,72],"relics":["Burning Blood","Red Skull","Dead Branch","Cursed Key","Strange Spoon","Dream Catcher","Orichalcum","Magic Flower","Bottled Flame"],"card_choices":[{"not_picked":["Heavy Blade","Armaments"],"picked":"Inflame","floor":1},{"not_picked":["Cleave","True Grit"],"picked":"Second Wind","floor":5},{"not_picked":["Pommel Strike","Heavy Blade"],"picked":"Dropkick","floor":7},{"not_picked":["Shrug It Off","Reckless Charge"],"picked":"Rupture","floor":10},{"not_picked":["Pommel Strike","Power Through"],"picked":"Berserk","floor":11},{"not_picked":["Body Slam","Havoc"],"picked":"Dual Wield","floor":14},{"not_picked":["Brutality","Berserk"],"picked":"Limit Break","floor":16},{"not_picked":["Cleave","Iron Wave"],"picked":"Reckless Charge","floor":18},{"not_picked":["Shockwave","Clash"],"picked":"Pummel","floor":23},{"not_picked":["Pommel Strike","Ghostly Armor"],"picked":"Cleave","floor":24},{"not_picked":["Shrug It Off","Power Through"],"picked":"Inflame","floor":25},{"not_picked":["Pommel Strike","Clash"],"picked":"Shockwave","floor":27}],"player_experience":644498,"potions_floor_usage":[12,16,18,23,28],"damage_taken":[{"damage":7,"enemies":"Small Slimes","floor":1,"turns":3},{"damage":3,"enemies":"2 Louse","floor":5,"turns":2},{"damage":11,"enemies":"Cultist","floor":7,"turns":4},{"damage":9,"enemies":"2 Fungi Beasts","floor":8,"turns":2},{"damage":2,"enemies":"3 Louse","floor":10,"turns":3},{"damage":0,"enemies":"Exordium Wildlife","floor":11,"turns":3},{"damage":37,"enemies":"Gremlin Gang","floor":12,"turns":4},{"damage":14,"enemies":"Red Slaver","floor":14,"turns":2},{"damage":22,"enemies":"The Guardian","floor":16,"turns":8},{"damage":26,"enemies":"Chosen","floor":18,"turns":5},{"damage":42,"enemies":"Slavers","floor":23,"turns":4},{"damage":3,"enemies":"Spheric Guardian","floor":25,"turns":3},{"damage":16,"enemies":"3 Cultists","floor":27,"turns":4},{"damage":42,"enemies":"Book of Stabbing","floor":28,"turns":4}],"event_choices":[{"event_name":"Living Wall","player_choice":"Forget","floor":2,"damage_taken":0},{"event_name":"Shining Light","player_choice":"Entered Light","floor":3,"damage_taken":0},{"event_name":"Beggar","player_choice":"Ignored","floor":20,"damage_taken":0},{"event_name":"The Mausoleum","player_choice":"Yes","floor":21,"damage_taken":0}],"boss_relics":[{"not_picked":["Runic Dome","Sozu"],"picked":"Cursed Key"}],"potions_floor_spawned":[7,11,16,18,27],"seed_played":"7499588203844713757","killed_by":"Book of Stabbing","ascension_level":2,"is_trial":false}