{"gold_per_floor":[112,125,125,143,218,259,259,278,302,321,394,437,456,491,491,622,622,640,640,654,674,464,507,507,528,528,561,561,595,148,171,171,302,302,322,338,357,200,422,465,465,387,387,427,253,268,292,308,308,308,308,308,63,101,101],"floor_reached":56,"playtime":2461,"items_purged":["Wild Strike","Anger"],"score":1425,"play_id":"8e314575-1af1-449e-95d5-521f1112019a","local_time":"20181227190146","is_ascension_mode":true,"campfire_choices":[{"data":"Carnage","floor":7.0,"key":"SMITH"},{"data":"True Grit","floor":15.0,"key":"SMITH"},{"data":"Juggernaut","floor":24.0,"key":"SMITH"},{"floor":32.0,"key":"REST"},{"floor":41,"key":"RECALL"},{"floor":49,"key":"REST"},{"data":"Brutality","floor":52,"key":"SMITH"}],"neow_cost":"NONE","seed_source_timestamp":660984653737475,"circlet_count":0,"master_deck":["Bash+1","Carnage+1","Headbutt","Ghostly Armor","Armaments","Shrug It Off","True Grit+1","Metallicize","Double Tap","Blood for Blood","Limit Break","Immolate","Brutality+1","Feel No Pain","Sever Soul","Offering","Wild Strike","Intimidate+1","Metallicize","Shrug It Off","Juggernaut+1","True Grit+1","Inflame","Inflame","Fiend Fire","Battle Trance","Disarm+1","Metallicize","True Grit+1","Evolve","Havoc+1","Power Through+1","Corruption","Shrug It Off","Sentinel+1"],"special_seed":0,"relics":["Burning Blood","Orichalcum","Golden Idol","Regal Pillow","Anchor","Question Card","Whetstone","Incense Burner","Pandora\u0027s Box","Pen Nib","Red Mask","Charon\u0027s Ashes","Medical Kit","Pear","Velvet Choker","Bronze Scales","Potion Belt","Bottled Tornado","Girya","Oddly Smooth Stone","Dodecahedron"],"potions_floor_usage":[47,47,55,55,55],"damage_taken":[{"damage":0.0,"enemies":"Small Slimes","floor":1.0,"turns":3.0},{"damage":5.0,"enemies":"Jaw Worm","floor":2.0,"turns":2.0},{"damage":0.0,"enemies":"2 Louse","floor":4.0,"turns":2.0},{"damage":12.0,"enemies":"3 Sentries","floor":6.0,"turns":7.0},{"damage":0.0,"enemies":"Exordium Wildlife","floor":8.0,"turns":2.0},{"damage":6.0,"enemies":"Exordium Thugs","floor":10.0,"turns":5.0},{"damage":8.0,"enemies":"Gremlin Nob","floor":12.0,"turns":3.0},{"damage":0.0,"enemies":"3 Louse","floor":13.0,"turns":3.0},{"damage":14.0,"enemies":"Lagavulin","floor":14.0,"turns":6.0},{"damage":0.0,"enemies":"Slime Boss","floor":16.0,"turns":6.0},{"damage":5.0,"enemies":"2 Thieves","floor":18.0,"turns":5.0},{"damage":3.0,"enemies":"3 Byrds","floor":20.0,"turns":5.0},{"damage":6.0,"enemies":"Snecko","floor":21.0,"turns":4.0},{"damage":25.0,"enemies":"Slavers","floor":23.0,"turns":7.0},{"damage":12.0,"enemies":"Centurion and Healer","floor":25.0,"turns":6.0},{"damage":0.0,"enemies":"Masked Bandits","floor":27.0,"turns":4.0},{"damage":12.0,"enemies":"Colosseum Slavers","floor":28.0,"turns":4.0},{"damage":27.0,"enemies":"Gremlin Leader","floor":29.0,"turns":6.0},{"damage":6.0,"enemies":"3 Cultists","floor":31.0,"turns":5.0},{"damage":49.0,"enemies":"Automaton","floor":33.0,"turns":8.0},{"damage":0,"enemies":"3 Shapes","floor":35,"turns":2},{"damage":1,"enemies":"Orb Walker","floor":36,"turns":4},{"damage":4,"enemies":"3 Darklings","floor":37,"turns":3},{"damage":26,"enemies":"Nemesis","floor":40,"turns":5},{"damage":6,"enemies":"Giant Head","floor":44,"turns":6},{"damage":14,"enemies":"Transient","floor":46,"turns":5},{"damage":25,"enemies":"Jaw Worm Horde","floor":47,"turns":4},{"damage":4,"enemies":"3 Darklings","floor":48,"turns":4},{"damage":40,"enemies":"Donu and Deca","floor":50,"turns":8},{"damage":18,"enemies":"Shield and Spear","floor":54,"turns":6},{"damage":62,"enemies":"The Heart","floor":55,"turns":7}],"seed_played":"-6355252187312487952","potions_obtained":[{"floor":1.0,"key":"Fire Potion"},{"floor":2.0,"key":"Poison Potion"},{"floor":6.0,"key":"Regen Potion"},{"floor":14.0,"key":"FearPotion"},{"floor":16.0,"key":"LiquidBronze"},{"floor":21.0,"key":"Swift Potion"},{"floor":23.0,"key":"SkillPotion"},{"floor":25.0,"key":"Block Potion"},{"floor":27.0,"key":"SkillPotion"},{"floor":35,"key":"Strength Potion"},{"floor":44,"key":"Energy Potion"},{"floor":47,"key":"LiquidBronze"}],"is_trial":false,"path_per_floor":["M","M","?","M","?","E","R","M","T","M","T","E","M","E","R","B",null,"M","?","M","M","$","E","R","M","T","?","?","E","$","M","R","B",null,"M","M","M","$","?","E","R","$","T","E","$","M","M","M","R","B",null,"R","$","E","B",null],"character_chosen":"IRONCLAD","items_purchased":["Metallicize","Shrug It Off","Medical Kit","Pear","Bronze Scales","Metallicize","Evolve","Corruption","Oddly Smooth Stone","Shrug It Off"],"campfire_rested":2,"item_purchase_floors":[22,22,30,30,38,42,45,53,53,53],"current_hp_per_floor":[80,80,74,74,63,57,57,63,63,63,63,61,67,71,71,74,74,74,74,74,74,74,55,55,49,49,55,49,28,38,38,78,35,84,84,84,84,84,84,64,64,64,64,64,64,56,37,39,79,45,84,84,84,72,16],"gold":101,"neow_bonus":"RANDOM_COMMON_RELIC","is_prod":false,"is_daily":false,"chose_seed":false,"campfire_upgraded":4,"win_rate":0,"timestamp":1545962506,"path_taken":["M","M","?","M","?","E","R","M","T","M","?","E","M","E","R","BOSS","M","?","M","M","$","E","R","M","T","?","?","E","$","M","R","BOSS","M","M","M","$","?","E","R","$","T","E","?","M","M","M","R","BOSS","R","$","E","BOSS"],"build_version":"2018-12-20","purchased_purges":2,"victory":true,"max_hp_per_floor":[80,80,74,74,74,74,74,74,74,74,74,74,74,74,74,74,74,74,74,74,74,74,74,74,74,74,74,74,74,84,84,84,84,84,84,84,84,84,84,84,84,84,84,84,84,84,84,84,84,84,84,84,84,84,84],"card_choices":[{"not_picked":["Headbutt","Seeing Red"],"picked":"Carnage","floor":1.0},{"not_picked":["Cleave","Clothesline"],"picked":"Headbutt","floor":2.0},{"not_picked":["Warcry","True Grit"],"picked":"Anger","floor":4.0},{"not_picked":["Havoc","Cleave"],"picked":"Ghostly Armor","floor":6.0},{"not_picked":["Reckless Charge","Perfected Strike"],"picked":"Armaments","floor":8.0},{"not_picked":["Carnage","Clothesline"],"picked":"Shrug It Off","floor":10.0},{"not_picked":["Iron Wave","Hemokinesis","Shockwave"],"picked":"True Grit","floor":12.0},{"not_picked":["Infernal Blade","Battle Trance","Flex"],"picked":"Metallicize","floor":13.0},{"not_picked":["Body Slam","Havoc","Berserk","Cleave"],"picked":"SKIP","floor":14.0},{"not_picked":["Bludgeon","Juggernaut","Barricade"],"picked":"Double Tap","floor":16.0},{"not_picked":["Headbutt","Entrench+1","Wild Strike","Flex"],"picked":"SKIP","floor":18.0},{"not_picked":["Body Slam","Pommel Strike+1","Anger+1"],"picked":"Intimidate+1","floor":20.0},{"not_picked":["Entrench","Intimidate","Flex","Warcry"],"picked":"SKIP","floor":21.0},{"not_picked":["Wild Strike","Anger","Cleave"],"picked":"Juggernaut","floor":23.0},{"not_picked":["Warcry","Whirlwind","Cleave+1"],"picked":"True Grit+1","floor":25.0},{"not_picked":["True Grit","Clothesline+1","Body Slam+1","Thunderclap"],"picked":"SKIP","floor":29.0},{"not_picked":["Rupture","Twin Strike","Pommel Strike+1"],"picked":"Inflame","floor":31.0},{"not_picked":["Rupture","Twin Strike","Pommel Strike+1"],"picked":"Inflame","floor":31.0},{"not_picked":["Impervious","Exhume","Limit Break"],"picked":"Fiend Fire","floor":33.0},{"not_picked":["Thunderclap+1","Perfected Strike+1","Intimidate+1"],"picked":"Battle Trance","floor":35},{"not_picked":["Anger+1","Warcry","Intimidate","Bloodletting"],"picked":"SKIP","floor":36},{"not_picked":["Anger+1","Cleave+1","Second Wind","Twin Strike+1"],"picked":"SKIP","floor":37},{"not_picked":["Rupture","Flame Barrier+1","Anger+1"],"picked":"Disarm+1","floor":40},{"not_picked":["Wild Strike+1","Armaments+1","Dark Embrace"],"picked":"True Grit+1","floor":44},{"not_picked":["Twin Strike","Disarm","Pommel Strike+1"],"picked":"Havoc+1","floor":46},{"not_picked":["Fire Breathing+1","Dual Wield","Battle Trance+1"],"picked":"Power Through+1","floor":47},{"not_picked":["Iron Wave+1","Sever Soul","Combust","Pommel Strike"],"picked":"SKIP","floor":48},{"not_picked":["Sword Boomerang+1","Combust+1","Perfected Strike"],"picked":"Sentinel+1","floor":54}],"player_experience":675497,"relics_obtained":[{"floor":6.0,"key":"Regal Pillow"},{"floor":9.0,"key":"Anchor"},{"floor":11.0,"key":"Question Card"},{"floor":12.0,"key":"Whetstone"},{"floor":14.0,"key":"Incense Burner"},{"floor":23.0,"key":"Pen Nib"},{"floor":27.0,"key":"Red Mask"},{"floor":29.0,"key":"Charon\u0027s Ashes"},{"floor":40,"key":"Potion Belt"},{"floor":43,"key":"Bottled Tornado"},{"floor":44,"key":"Girya"},{"floor":54,"key":"Dodecahedron"}],"event_choices":[{"damage_healed":0.0,"max_hp_gain":0.0,"max_hp_loss":6.0,"gold_gain":0.0,"event_name":"Golden Idol","player_choice":"Lose Max HP","floor":3.0,"gold_loss":0.0,"damage_taken":0.0,"relics_obtained":["Golden Idol"]},{"damage_healed":0.0,"max_hp_gain":0.0,"max_hp_loss":0.0,"gold_gain":75.0,"event_name":"World of Goop","player_choice":"Gather Gold","floor":5.0,"gold_loss":0.0,"damage_taken":11.0},{"damage_healed":0.0,"max_hp_gain":0.0,"max_hp_loss":0.0,"gold_gain":0.0,"event_name":"Vampires","player_choice":"Ignored","floor":19.0,"gold_loss":0.0,"damage_taken":0.0},{"damage_healed":0.0,"max_hp_gain":0.0,"max_hp_loss":0.0,"gold_gain":0.0,"event_name":"Masked Bandits","player_choice":"Fought Bandits","floor":27.0,"gold_loss":0.0,"damage_taken":0.0},{"damage_healed":0.0,"max_hp_gain":0.0,"max_hp_loss":0.0,"gold_gain":0.0,"event_name":"Colosseum","player_choice":"Fight","floor":28.0,"gold_loss":0.0,"damage_taken":0.0},{"damage_healed":0.0,"max_hp_gain":0.0,"max_hp_loss":0.0,"gold_gain":0.0,"event_name":"Colosseum","player_choice":"Fled From Nobs","floor":28.0,"gold_loss":0.0,"damage_taken":0.0},{"damage_healed":0,"gold_gain":222,"player_choice":"Wore Mask","damage_taken":0,"max_hp_gain":0,"max_hp_loss":0,"event_name":"Tomb of Lord Red Mask","floor":39,"gold_loss":0}],"is_beta":false,"boss_relics":[{"not_picked":["Fusion Hammer","White Beast Statue"],"picked":"Pandora\u0027s Box"},{"not_picked":["Coffee Dripper","Eternal Feather"],"picked":"Velvet Choker"}],"items_purged_floors":[22,45],"is_endless":false,"potions_floor_spawned":[1,2,6,14,16,21,23,25,27,28,35,44,47],"ascension_level":1}