{"path_per_floor":["M","?","$","?","M","E","R","E","T","E","R","E","?","M","R","B",null,"M","M","$","?","M","R","E","?","T","?"],"character_chosen":"IRONCLAD","items_purchased":["Dark Shackles","Mango","War Paint"],"gold_per_floor":[111,111,5,5,18,352,352,392,392,426,426,466,417,433,433,554,554,569,592,75,75,95,95,136,136,136,51,51],"floor_reached":28,"campfire_rested":4,"playtime":2029,"current_hp_per_floor":[53,29,29,29,32,25,53,15,15,19,49,18,18,24,54,38,103,68,32,46,46,33,68,23,7,7,7,0],"items_purged":["Strike_R"],"gold":51,"score":338,"play_id":"e6de3f43-f6ad-42e2-a788-c6d8c516c69e","local_time":"20180422143505","is_prod":false,"is_daily":false,"chose_seed":false,"is_ascension_mode":true,"campfire_upgraded":0,"timestamp":1524422105,"path_taken":["M","?","$","?","?","E","R","E","T","E","R","E","?","M","R","BOSS","M","M","$","?","M","R","E","?","T","?","E"],"build_version":"2018-04-19","seed_source_timestamp":591359026513635,"purchased_purges":1,"victory":false,"master_deck":["Strike_R","Strike_R","Defend_R","Defend_R","Defend_R","Defend_R","Bash","Headbutt","Dark Shackles","Metallicize","Body Slam","Armaments","Body Slam","Havoc+1","Double Tap","Shrug It Off","Iron Wave","Demon Form","Shockwave+1","Cleave","Havoc+1","Thunderclap+1","Body Slam+1","Feel No Pain+1","Necronomicurse"],"max_hp_per_floor":[96,96,96,96,96,96,96,96,96,103,103,103,103,103,103,103,103,103,103,117,117,117,117,117,117,117,117,117],"relics":["Burning Blood","Golden Idol","Old Coin","Thread and Needle","Torii","Strawberry","Bag of Preparation","Orrery","Mango","War Paint","Charon\u0027s Ashes","Necronomicon","Blood Vial","Vajra"],"card_choices":[{"not_picked":["Warcry","Flex"],"picked":"Headbutt","floor":1},{"not_picked":["Warcry","Feel No Pain"],"picked":"Metallicize","floor":5},{"not_picked":["Power Through","Perfected Strike"],"picked":"Body Slam","floor":6},{"not_picked":["Seeing Red","Heavy Blade"],"picked":"Armaments","floor":8},{"not_picked":["Anger","Iron Wave"],"picked":"Body Slam","floor":10},{"not_picked":["Cleave","Perfected Strike"],"picked":"Havoc","floor":14},{"not_picked":["Bludgeon","Fiend Fire"],"picked":"Double Tap","floor":16},{"not_picked":["Pommel Strike","Perfected Strike"],"picked":"Shrug It Off","floor":17},{"not_picked":["Anger","Carnage"],"picked":"Iron Wave","floor":17},{"not_picked":["Shockwave","Evolve"],"picked":"Demon Form","floor":17},{"not_picked":["Cleave","Pommel Strike"],"picked":"Shockwave","floor":17},{"not_picked":["Searing Blow","Anger"],"picked":"Cleave","floor":17},{"not_picked":["Flex","Seeing Red"],"picked":"Havoc","floor":18},{"not_picked":["Dual Wield","Perfected Strike"],"picked":"Thunderclap","floor":19},{"not_picked":["Dual Wield","Clash"],"picked":"Body Slam","floor":22},{"not_picked":["Clothesline","Corruption"],"picked":"Feel No Pain","floor":24}],"player_experience":699759,"potions_floor_usage":[12,16,24,24,28],"damage_taken":[{"damage":1,"enemies":"2 Louse","floor":1,"turns":3},{"damage":3,"enemies":"Small Slimes","floor":5,"turns":3},{"damage":13,"enemies":"3 Sentries","floor":6,"turns":12},{"damage":44,"enemies":"Gremlin Nob","floor":8,"turns":6},{"damage":9,"enemies":"Lagavulin","floor":10,"turns":10},{"damage":37,"enemies":"Gremlin Nob","floor":12,"turns":6},{"damage":0,"enemies":"Cultist","floor":14,"turns":6},{"damage":22,"enemies":"Slime Boss","floor":16,"turns":14},{"damage":41,"enemies":"Spheric Guardian","floor":18,"turns":10},{"damage":42,"enemies":"3 Byrds","floor":19,"turns":9},{"damage":19,"enemies":"3 Cultists","floor":22,"turns":7},{"damage":51,"enemies":"Slavers","floor":24,"turns":7},{"damage":9,"enemies":"Gremlin Leader","floor":28,"turns":6}],"event_choices":[{"event_name":"Golden Idol","player_choice":"Take Damage","floor":2,"damage_taken":0},{"event_name":"Purifier","player_choice":"One Purge","floor":4,"damage_taken":0},{"event_name":"World of Goop","player_choice":"Left","floor":13,"damage_taken":0},{"event_name":"Back to Basics","player_choice":"Elegance","floor":21,"damage_taken":0},{"event_name":"Cursed Tome","player_choice":"Obtained Book","floor":25,"damage_taken":0},{"event_name":"Addict","player_choice":"Obtained Relic","floor":27,"damage_taken":0}],"boss_relics":[{"not_picked":["Velvet Choker","Sozu"],"picked":"Orrery"}],"potions_floor_spawned":[10,14,18,22,24],"seed_played":"-3679891584973680831","killed_by":"Gremlin Leader","ascension_level":2,"is_trial":false}