{"path_per_floor":["M","M","?","?","M","R","?","?","T","M","$","R","M","M","R","B",null,"M","?","$","M","?"],"character_chosen":"IRONCLAD","items_purchased":["Mummified Hand","Explosive Potion","Dramatic Entrance"],"gold_per_floor":[111,121,121,296,310,310,310,310,310,330,25,25,43,61,61,190,190,203,118,27,47,47],"floor_reached":23,"campfire_rested":1,"playtime":656,"current_hp_per_floor":[80,80,80,80,80,80,60,60,60,49,49,49,48,53,77,46,80,74,74,74,60,60],"items_purged":[],"gold":47,"score":181,"play_id":"ca51647c-980a-4079-ae26-1a2a62f1e407","local_time":"20180308182314","is_prod":false,"is_daily":false,"is_ascension_mode":false,"campfire_upgraded":2,"timestamp":1520551394,"path_taken":["M","M","?","?","M","R","?","?","T","M","$","R","M","M","R","BOSS","M","?","?","M","?","E"],"build_version":"2018-03-01-PROD1","purchased_purges":0,"victory":false,"master_deck":["Strike_R+1","Strike_R+1","Strike_R+1","Strike_R+1","Strike_R+1","Defend_R+1","Defend_R+1","Defend_R+1","Defend_R+1","Bash+1","Cleave+1","Anger+1","Regret","Doubt","Twin Strike","Twin Strike","Flex","Pummel","Inflame","Limit Break","Sword Boomerang","Dramatic Entrance","Anger+1"],"max_hp_per_floor":[80,80,80,80,80,80,80,80,80,80,80,80,80,80,80,80,80,80,80,80,80,80],"relics":["Burning Blood","NeowsBlessing","Juzu Bracelet","Golden Idol","Dream Catcher","Mummified Hand","Black Star","Thread and Needle"],"card_choices":[{"not_picked":["Armaments","Shrug It Off"],"picked":"Cleave"},{"not_picked":["Warcry","Hemokinesis"],"picked":"Anger"},{"not_picked":["Clothesline","Warcry"],"picked":"Twin Strike"},{"not_picked":["Burning Pact","Warcry"],"picked":"Twin Strike"},{"not_picked":["Hemokinesis","Heavy Blade"],"picked":"Flex"},{"not_picked":["Clothesline","Headbutt"],"picked":"Pummel"},{"not_picked":["Clothesline","Wild Strike"],"picked":"Inflame"},{"not_picked":["Demon Form","Barricade"],"picked":"Limit Break"},{"not_picked":["Disarm","Warcry"],"picked":"Sword Boomerang"},{"not_picked":["Shrug It Off","Iron Wave"],"picked":"Anger"}],"player_experience":357020,"potions_floor_usage":[14,16,16],"damage_taken":[{"damage":0,"enemies":"2 Louse","floor":1,"turns":1},{"damage":0,"enemies":"Cultist","floor":2,"turns":1},{"damage":0,"enemies":"Jaw Worm","floor":5,"turns":1},{"damage":17,"enemies":"Looter","floor":10,"turns":3},{"damage":7,"enemies":"Blue Slaver","floor":13,"turns":2},{"damage":1,"enemies":"2 Fungi Beasts","floor":14,"turns":2},{"damage":37,"enemies":"Slime Boss","floor":16,"turns":11},{"damage":12,"enemies":"3 Byrds","floor":18,"turns":5},{"damage":20,"enemies":"Chosen","floor":21,"turns":5},{"damage":60,"enemies":"Book of Stabbing","floor":23,"turns":6}],"event_choices":[{"event_name":"Big Fish","player_choice":"Box","floor":3,"damage_taken":0},{"event_name":"Liars Game","player_choice":"agreed","floor":4,"damage_taken":0},{"event_name":"Golden Idol","player_choice":"Take Damage","floor":7,"damage_taken":0},{"event_name":"Living Wall","player_choice":"Grow","floor":8,"damage_taken":0},{"event_name":"Addict","player_choice":"Obtained Relic","floor":19,"damage_taken":0},{"event_name":"Back to Basics","player_choice":"Simplicity","floor":22,"damage_taken":0}],"boss_relics":[{"not_picked":["White Beast Statue","Philosopher\u0027s Stone"],"picked":"Black Star"}],"potions_floor_spawned":[13,14],"seed_played":"5647462628454811751","killed_by":"Book of Stabbing","ascension_level":0,"is_trial":false}