{"path_per_floor":["M","T","M","M","M","R","E","R","T","R","?","?","M","?","R","B",null,"M","M","$","?","$","R","?","M","T","M","M","M","E","M","R"],"character_chosen":"DEFECT","items_purchased":["Self Repair","Dark Shackles","Ball Lightning","Blaster","Runic Capacitor","Storm","Coolheaded"],"gold_per_floor":[109,109,126,146,161,161,187,187,487,487,447,447,461,461,461,584,584,607,628,374,374,35,35,35,60,60,73,89,102,133,158,158,158],"floor_reached":33,"campfire_rested":4,"playtime":1665,"current_hp_per_floor":[74,74,61,52,38,60,23,45,45,67,67,67,66,71,71,23,80,38,21,21,21,21,33,33,40,40,40,30,37,40,40,40,0],"items_purged":[],"gold":158,"score":344,"play_id":"d6a72d85-abf1-490f-8053-c93f9129066d","local_time":"20180430131555","is_prod":false,"is_daily":false,"chose_seed":false,"is_ascension_mode":false,"campfire_upgraded":2,"timestamp":1525108555,"path_taken":["M","?","?","M","M","R","E","R","T","R","?","?","?","?","R","BOSS","M","M","$","?","$","R","?","M","T","M","M","M","E","M","R","BOSS"],"build_version":"2018-04-27v3","seed_source_timestamp":1278159935154049,"purchased_purges":0,"victory":false,"master_deck":["Strike_B","Strike_B","Strike_B","Strike_B","Defend_B","Defend_B","Defend_B","Defend_B","Zap","Dualcast","Parasite","Cold Snap","Blizzard+1","Machine Learning","Flux Capacitor","Defragment","Injury","Blaster","Echo Form","White Noise","Doom and Gloom+1","Self Repair","Dark Shackles","Ball Lightning","Blaster","Ghostly","Ghostly","Ghostly","Ghostly","Ghostly","Storm","Coolheaded","Double Energy","Chaos","Cold Snap","Reboot","Redo+1","Blizzard"],"max_hp_per_floor":[75,75,75,75,75,75,75,75,75,75,75,75,75,80,80,80,80,80,80,80,40,40,40,40,40,40,40,40,40,40,40,40,40],"relics":["Cracked Core","Ginger","Question Card","Orichalcum","Old Coin","Golden Idol","Nuclear Battery","Runic Capacitor","Bottled Flame","Toolbox"],"card_choices":[{"not_picked":["Reinforced Body","Sweeping Beam"],"picked":"Cold Snap","floor":1},{"not_picked":["Go for the Eyes","Cold Snap","Coolheaded"],"picked":"Blizzard","floor":3},{"not_picked":["Skim","Darkness","Hologram"],"picked":"Machine Learning","floor":4},{"not_picked":["Melter","Stack","Skim"],"picked":"Flux Capacitor","floor":5},{"not_picked":["Hologram","Reprogram","Beam Cell"],"picked":"Defragment","floor":7},{"not_picked":["Streamline","Sweeping Beam","Skim"],"picked":"Blaster","floor":13},{"not_picked":["Rainbow","Thunder Strike","Biased Cognition"],"picked":"Echo Form","floor":16},{"not_picked":["Chill","Go for the Eyes","Double Energy"],"picked":"White Noise","floor":18},{"not_picked":["Leap","Turbo","Stack"],"picked":"Doom and Gloom","floor":19},{"not_picked":["Doom and Gloom","Cold Snap","Hello World"],"picked":"Double Energy","floor":25},{"not_picked":["Coolheaded","Leap","Cold Snap"],"picked":"Chaos","floor":27},{"not_picked":["Sweeping Beam","Ball Lightning","Barrage"],"picked":"Cold Snap","floor":28},{"not_picked":["Rip and Tear","Reprogram","Ball Lightning"],"picked":"Reboot","floor":29},{"not_picked":["Leap","Static Discharge","Auto Shields"],"picked":"Redo","floor":30},{"not_picked":["Go for the Eyes","Undo","Capacitor"],"picked":"Blizzard","floor":31}],"player_experience":90910,"potions_floor_usage":[5,7,13,13,16,18,27,28,30,33,33],"damage_taken":[{"damage":1,"enemies":"Cultist","floor":1,"turns":3},{"damage":13,"enemies":"Small Slimes","floor":3,"turns":3},{"damage":9,"enemies":"Jaw Worm","floor":4,"turns":5},{"damage":17,"enemies":"3 Louse","floor":5,"turns":4},{"damage":37,"enemies":"Lagavulin","floor":7,"turns":9},{"damage":1,"enemies":"2 Fungi Beasts","floor":13,"turns":4},{"damage":48,"enemies":"Slime Boss","floor":16,"turns":12},{"damage":42,"enemies":"3 Byrds","floor":18,"turns":6},{"damage":17,"enemies":"Shell Parasite","floor":19,"turns":6},{"damage":0,"enemies":"Snake Plant","floor":25,"turns":5},{"damage":0,"enemies":"Chosen and Byrds","floor":27,"turns":8},{"damage":17,"enemies":"Slaver and Parasite","floor":28,"turns":5},{"damage":0,"enemies":"Snecko","floor":29,"turns":6},{"damage":0,"enemies":"Gremlin Leader","floor":30,"turns":7},{"damage":3,"enemies":"Centurion and Healer","floor":31,"turns":6},{"damage":58,"enemies":"Automaton","floor":33,"turns":6}],"event_choices":[{"event_name":"The Woman in Blue","player_choice":"Bought 3 Potions","floor":11,"damage_taken":0},{"event_name":"Golden Idol","player_choice":"Take Wound","floor":12,"damage_taken":0},{"event_name":"Big Fish","player_choice":"Donut","floor":14,"damage_taken":0},{"event_name":"Ghosts","player_choice":"Became a Ghost","floor":21,"damage_taken":0},{"event_name":"Beggar","player_choice":"Ignored","floor":24,"damage_taken":0}],"boss_relics":[{"not_picked":["Runic Dome","Snecko Eye"],"picked":"Nuclear Battery"}],"potions_floor_spawned":[4,5,16,25,27,28,29,31],"seed_played":"-969589861880821386","killed_by":"Automaton","ascension_level":0,"is_trial":false}