{"gold_per_floor":[114,114,133,149,126,161,236,236,236,31,31,59,79,107,107,209,209,225,236,236,42,42],"floor_reached":22,"playtime":815,"items_purged":[],"score":278,"play_id":"37f6d46f-b61a-4a76-a317-e4a5ef888d37","local_time":"20190606034140","is_ascension_mode":true,"campfire_choices":[{"data":"Body Slam","floor":8,"key":"SMITH"},{"floor":15,"key":"REST"}],"neow_cost":"NONE","seed_source_timestamp":1331722203671600,"circlet_count":0,"master_deck":["Strike_R","Strike_R","Strike_R","Defend_R","Defend_R","Defend_R","Defend_R","Bash","Body Slam+1","Rampage","Body Slam","Clothesline","Shrug It Off","Clash","Body Slam","Demon Form","Evolve","Finesse"],"relics":["Burning Blood","Paper Frog","Happy Flower","HandDrill","Pear","The Courier","Singing Bowl","Eternal Feather","Pen Nib"],"potions_floor_usage":[4,6,16,19],"damage_taken":[{"damage":7,"enemies":"Small Slimes","floor":1,"turns":4},{"damage":0,"enemies":"Cultist","floor":3,"turns":4},{"damage":0,"enemies":"Jaw Worm","floor":4,"turns":1},{"damage":25,"enemies":"Gremlin Nob","floor":6,"turns":4},{"damage":7,"enemies":"Lagavulin","floor":12,"turns":5},{"damage":6,"enemies":"Exordium Thugs","floor":13,"turns":3},{"damage":30,"enemies":"Gremlin Nob","floor":14,"turns":4},{"damage":61,"enemies":"Hexaghost","floor":16,"turns":14},{"damage":21,"enemies":"Shell Parasite","floor":18,"turns":3},{"damage":45,"enemies":"3 Byrds","floor":19,"turns":6},{"damage":25,"enemies":"Snake Plant","floor":22,"turns":4}],"seed_played":"-3099285465970022608","potions_obtained":[{"floor":3,"key":"AttackPotion"},{"floor":4,"key":"SteroidPotion"},{"floor":14,"key":"SteroidPotion"},{"floor":18,"key":"GamblersBrew"}],"is_trial":false,"path_per_floor":["M","?","M","M","$","E","?","R","T","$","T","E","M","E","R","B",null,"M","M","?","$","M"],"character_chosen":"IRONCLAD","items_purchased":["Shrug It Off","HandDrill","Pen Nib","Finesse"],"campfire_rested":1,"item_purchase_floors":[5,10,21,21],"current_hp_per_floor":[79,79,80,80,80,61,50,50,50,50,60,59,59,37,64,9,71,58,21,21,21,0],"gold":42,"neow_bonus":"THREE_CARDS","is_prod":false,"is_daily":false,"chose_seed":false,"campfire_upgraded":1,"win_rate":0,"timestamp":1559806900,"path_taken":["M","?","M","?","$","E","?","R","T","$","?","E","?","E","R","BOSS","M","M","?","$","M"],"build_version":"2019-06-05","purchased_purges":0,"victory":false,"max_hp_per_floor":[80,80,80,80,80,80,80,80,80,80,90,90,90,92,92,92,92,94,96,96,96,96],"card_choices":[{"not_picked":["Searing Blow","True Grit"],"picked":"Body Slam","floor":0},{"not_picked":["Cleave","Wild Strike"],"picked":"Rampage","floor":1},{"not_picked":["True Grit","Clash"],"picked":"Body Slam","floor":3},{"not_picked":["Second Wind","Spot Weakness"],"picked":"Clothesline","floor":4},{"not_picked":["Shrug It Off","Hemokinesis"],"picked":"Clash","floor":6},{"not_picked":["Fiend Fire","Armaments","Havoc"],"picked":"SKIP","floor":12},{"not_picked":["Armaments","Pommel Strike"],"picked":"Body Slam","floor":13},{"not_picked":["Cleave","Shrug It Off","Spot Weakness"],"picked":"Singing Bowl","floor":14},{"not_picked":["Feed","Immolate"],"picked":"Demon Form","floor":16},{"not_picked":["Seeing Red","Clash","Thunderclap"],"picked":"Singing Bowl","floor":18},{"not_picked":["Cleave+1","Havoc","Warcry"],"picked":"Singing Bowl","floor":19}],"player_experience":980265,"relics_obtained":[{"floor":6,"key":"Paper Frog"},{"floor":9,"key":"Happy Flower"},{"floor":11,"key":"Pear"},{"floor":12,"key":"The Courier"},{"floor":14,"key":"Singing Bowl"}],"event_choices":[{"cards_removed":["Strike_R"],"damage_healed":0,"gold_gain":0,"player_choice":"Offered Basic","damage_taken":0,"max_hp_gain":0,"max_hp_loss":0,"event_name":"Bonfire Elementals","floor":2,"gold_loss":0},{"damage_healed":0,"gold_gain":75,"player_choice":"Gather Gold","damage_taken":11,"max_hp_gain":0,"max_hp_loss":0,"event_name":"World of Goop","floor":7,"gold_loss":0},{"damage_healed":0,"gold_gain":0,"cards_transformed":["Strike_R"],"player_choice":"Transformed","damage_taken":0,"max_hp_gain":0,"max_hp_loss":0,"event_name":"Transmorgrifier","floor":20,"gold_loss":0,"cards_obtained":["Evolve"]}],"is_beta":true,"boss_relics":[{"not_picked":["Mark of Pain","Empty Cage"],"picked":"Eternal Feather"}],"items_purged_floors":[],"is_endless":false,"potions_floor_spawned":[3,4,14,18],"killed_by":"Snake Plant","ascension_level":5}