{"gold_per_floor":[110,120,120,3,20,47,62,96,163,193,225,251,263,275,287,299],"floor_reached":16,"playtime":969,"items_purged":[],"score":137,"play_id":"8f215966-b13b-4b3e-b68b-800f992c6d94","local_time":"20190417005350","is_ascension_mode":true,"campfire_choices":[{"floor":13,"key":"REST"},{"floor":15,"key":"REST"}],"neow_cost":"NONE","seed_source_timestamp":11831993791200,"circlet_count":0,"master_deck":["Strike_B","Strike_B","Strike_B","Defend_B","Defend_B","Defend_B","Defend_B","Zap","Dualcast","Madness","Glacier","Cold Snap","Loop","Lockon","Gash","Skim","Consume","Fusion","Glacier","Leap","Coolheaded","Skim"],"relics":["Cracked Core","PreservedInsect","Shuriken","MawBank","Pen Nib"],"potions_floor_usage":[5,8,10],"damage_taken":[{"damage":13,"enemies":"2 Louse","floor":1,"turns":3},{"damage":0,"enemies":"Small Slimes","floor":2,"turns":4},{"damage":1,"enemies":"Jaw Worm","floor":5,"turns":3},{"damage":4,"enemies":"3 Sentries","floor":6,"turns":7},{"damage":0,"enemies":"Blue Slaver","floor":7,"turns":5},{"damage":17,"enemies":"Lagavulin","floor":8,"turns":5},{"damage":0,"enemies":"Large Slime","floor":10,"turns":5},{"damage":11,"enemies":"Exordium Thugs","floor":11,"turns":7},{"damage":1,"enemies":"Red Slaver","floor":12,"turns":5},{"damage":64,"enemies":"Hexaghost","floor":16,"turns":16}],"seed_played":"3587990224203137580","potions_obtained":[{"floor":2,"key":"SkillPotion"},{"floor":5,"key":"SteroidPotion"},{"floor":8,"key":"FocusPotion"}],"is_trial":false,"path_per_floor":["M","M","?","$","M","E","M","E","T","M","M","M","R","?","R","B"],"character_chosen":"DEFECT","items_purchased":["Loop","Lockon"],"campfire_rested":2,"item_purchase_floors":[4,4],"current_hp_per_floor":[62,62,50,50,49,45,45,28,28,28,17,16,38,38,60,0],"gold":299,"neow_bonus":"RANDOM_COLORLESS","is_prod":false,"is_daily":false,"chose_seed":false,"campfire_upgraded":0,"win_rate":0,"timestamp":1555476830,"path_taken":["M","M","?","$","M","E","M","E","T","M","M","M","R","?","R","BOSS"],"build_version":"2019-04-04","purchased_purges":0,"victory":false,"max_hp_per_floor":[75,75,75,75,75,75,75,75,75,75,75,75,75,75,75,75],"card_choices":[{"not_picked":["Rebound","Genetic Algorithm"],"picked":"Glacier","floor":1},{"not_picked":["Leap","Melter"],"picked":"Cold Snap","floor":2},{"not_picked":["Go for the Eyes","Compile Driver"],"picked":"Gash","floor":5},{"not_picked":["Coolheaded","Streamline"],"picked":"Skim","floor":6},{"not_picked":["Compile Driver","Streamline"],"picked":"Consume","floor":7},{"not_picked":["Ball Lightning","Steam Power"],"picked":"Fusion","floor":8},{"not_picked":["Chill","Melter"],"picked":"Glacier","floor":10},{"not_picked":["Compile Driver","Multi-Cast"],"picked":"Leap","floor":11},{"not_picked":["Go for the Eyes","Recycle"],"picked":"Coolheaded","floor":12}],"player_experience":813260,"relics_obtained":[{"floor":6,"key":"Shuriken"},{"floor":8,"key":"MawBank"},{"floor":9,"key":"Pen Nib"}],"event_choices":[{"damage_healed":0,"gold_gain":0,"player_choice":"Success","damage_taken":12,"relics_obtained":["PreservedInsect"],"max_hp_gain":0,"max_hp_loss":0,"event_name":"Scrap Ooze","floor":3,"gold_loss":0},{"damage_healed":0,"gold_gain":0,"cards_transformed":["Strike_B"],"player_choice":"Change","damage_taken":0,"max_hp_gain":0,"max_hp_loss":0,"event_name":"Living Wall","floor":14,"gold_loss":0,"cards_obtained":["Skim"]}],"is_beta":true,"boss_relics":[],"items_purged_floors":[],"is_endless":false,"potions_floor_spawned":[2,5,8],"killed_by":"Hexaghost","ascension_level":4}