{"gold_per_floor":[109,109,121,131,146,146,156,172,172,185,195,195,222,234,234,234],"floor_reached":16,"playtime":1022,"items_purged":[],"score":119,"play_id":"712bca6f-9718-4f75-aef6-8655a8508534","local_time":"20190701155044","is_ascension_mode":true,"campfire_choices":[{"data":"Blood for Blood","floor":6,"key":"SMITH"},{"data":"Double Tap","floor":15,"key":"SMITH"}],"neow_cost":"NONE","seed_source_timestamp":636907357227708,"circlet_count":0,"master_deck":["Strike_R","Strike_R","Strike_R","Defend_R","Defend_R","Defend_R","Defend_R","Bash","Combust","Bloodletting","Corruption","Blood for Blood+1","Sentinel","Double Tap+1","Thunderclap","Cleave"],"relics":["Burning Blood","Singing Bowl","Pen Nib"],"potions_floor_usage":[5,5,13,13],"damage_taken":[{"damage":4,"enemies":"Small Slimes","floor":1,"turns":4},{"damage":3,"enemies":"Cultist","floor":3,"turns":3},{"damage":6,"enemies":"Jaw Worm","floor":4,"turns":5},{"damage":12,"enemies":"Blue Slaver","floor":5,"turns":3},{"damage":8,"enemies":"2 Fungi Beasts","floor":7,"turns":3},{"damage":3,"enemies":"Exordium Wildlife","floor":8,"turns":5},{"damage":20,"enemies":"Blue Slaver","floor":10,"turns":4},{"damage":8,"enemies":"2 Fungi Beasts","floor":11,"turns":3},{"damage":23,"enemies":"Lagavulin","floor":13,"turns":4},{"damage":17,"enemies":"3 Louse","floor":14,"turns":2},{"damage":59,"enemies":"The Guardian","floor":16,"turns":5}],"seed_played":"5364622737395953215","potions_obtained":[{"floor":1,"key":"PowerPotion"},{"floor":3,"key":"SkillPotion"},{"floor":8,"key":"PowerPotion"},{"floor":11,"key":"AttackPotion"}],"is_trial":false,"path_per_floor":["M","?","M","M","M","R","M","M","T","M","M","?","E","M","R","B"],"character_chosen":"IRONCLAD","items_purchased":[],"campfire_rested":0,"item_purchase_floors":[],"current_hp_per_floor":[80,80,80,80,74,74,72,75,75,61,59,80,63,54,54,0],"gold":234,"neow_bonus":"REMOVE_CARD","is_prod":false,"is_daily":false,"chose_seed":false,"campfire_upgraded":2,"win_rate":0,"timestamp":1562010644,"path_taken":["M","?","M","M","M","R","M","?","T","M","M","?","E","M","R","BOSS"],"build_version":"2019-01-23","purchased_purges":0,"victory":false,"max_hp_per_floor":[80,80,80,80,80,80,80,80,80,80,80,80,80,82,82,82],"card_choices":[{"not_picked":["Clash","Armaments"],"picked":"Combust","floor":1},{"not_picked":["Havoc","Second Wind"],"picked":"Bloodletting","floor":3},{"not_picked":["Heavy Blade","Havoc"],"picked":"Corruption","floor":4},{"not_picked":["Warcry","Power Through"],"picked":"Blood for Blood","floor":5},{"not_picked":["Disarm","Power Through"],"picked":"Sentinel","floor":7},{"not_picked":["Ghostly Armor","Combust","Anger"],"picked":"SKIP","floor":8},{"not_picked":["Havoc","Corruption"],"picked":"Double Tap","floor":10},{"not_picked":["Sever Soul","Armaments"],"picked":"Thunderclap","floor":11},{"not_picked":["Carnage","Pummel"],"picked":"Cleave","floor":13},{"not_picked":["Blood for Blood","Headbutt","Thunderclap"],"picked":"Singing Bowl","floor":14}],"player_experience":172240,"relics_obtained":[{"floor":9,"key":"Singing Bowl"},{"floor":13,"key":"Pen Nib"}],"event_choices":[{"cards_removed":["Strike_R"],"damage_healed":0,"gold_gain":0,"player_choice":"Offered Basic","damage_taken":0,"max_hp_gain":0,"max_hp_loss":0,"event_name":"Bonfire Elementals","floor":2,"gold_loss":0},{"damage_healed":26,"gold_gain":0,"player_choice":"Banana","damage_taken":0,"max_hp_gain":0,"max_hp_loss":0,"event_name":"Big Fish","floor":12,"gold_loss":0}],"is_beta":false,"boss_relics":[],"items_purged_floors":[],"is_endless":false,"potions_floor_spawned":[1,3,8,11],"killed_by":"The Guardian","ascension_level":2}