{"path_per_floor":["M","M","?","M","$","R","?","E","T","M","R","M","M","E","R","B",null,"M","?","M","M","$","R","E","M","T","E","?","R","T","?","R"],"character_chosen":"IRONCLAD","items_purchased":["Membership Card","Toolbox","Mind Blast"],"gold_per_floor":[109,119,194,211,17,17,17,55,55,73,73,88,109,143,143,269,269,293,293,286,311,30,30,71,86,111,147,147,147,147,72,72],"floor_reached":33,"campfire_rested":4,"playtime":2449,"current_hp_per_floor":[80,80,69,70,70,70,70,25,25,27,51,55,45,41,65,17,80,80,80,76,71,71,71,39,28,28,23,23,46,46,46,69],"items_purged":[],"gold":72,"score":310,"play_id":"f403277c-e3a1-4278-ad70-bf4522dc64e2","local_time":"20180320043656","is_prod":false,"is_daily":false,"is_ascension_mode":true,"campfire_upgraded":2,"timestamp":1521535016,"path_taken":["M","M","?","?","$","R","?","E","T","?","R","M","M","E","R","BOSS","M","?","?","M","$","R","E","M","T","E","?","R","?","?","R","BOSS"],"build_version":"2018-03-15v3","purchased_purges":0,"victory":false,"master_deck":["Strike_R","Strike_R","Strike_R","Strike_R","Strike_R","Defend_R","Defend_R","Defend_R","Defend_R","Bash","Spot Weakness","Rupture+1","Bloodletting","Flame Barrier","Shrug It Off","Power Through","Flame Barrier","Berserk+1","Heavy Blade+1","Combust","Mind Blast+1","Disarm+1","Disarm+1","Impervious"],"max_hp_per_floor":[80,80,80,80,80,80,80,80,80,80,80,80,80,80,80,80,80,80,80,80,80,80,80,80,80,80,80,77,77,77,77,77],"relics":["Black Blood","Red Skull","Membership Card","Golden Idol","Torii","Bottled Tornado","Blood Vial","Toolbox","Blue Candle","Bag of Marbles","Lantern","Magic Flower"],"card_choices":[{"not_picked":["Headbutt","Disarm"],"picked":"Spot Weakness"},{"not_picked":["Iron Wave","Perfected Strike"],"picked":"Rupture"},{"not_picked":["Shrug It Off","Body Slam"],"picked":"Bloodletting"},{"not_picked":["True Grit","Cleave"],"picked":"Flame Barrier"},{"not_picked":["Warcry","Clothesline"],"picked":"Shrug It Off"},{"not_picked":["Searing Blow","Heavy Blade"],"picked":"Power Through"},{"not_picked":["Entrench","Shrug It Off"],"picked":"Flame Barrier"},{"not_picked":["Double Tap","Fiend Fire"],"picked":"Berserk"},{"not_picked":["True Grit","Intimidate"],"picked":"Heavy Blade"},{"not_picked":["Evolve","Havoc"],"picked":"Disarm"},{"not_picked":["Clothesline","Evolve"],"picked":"Combust"},{"not_picked":["Body Slam","Thunderclap"],"picked":"Disarm"},{"not_picked":["Heavy Blade","Twin Strike"],"picked":"Disarm"},{"not_picked":["Searing Blow","Pommel Strike"],"picked":"Impervious"}],"player_experience":479943,"potions_floor_usage":[8,14,14,16,21,25,27,33],"damage_taken":[{"damage":5,"enemies":"Small Slimes","floor":1,"turns":5},{"damage":6,"enemies":"Jaw Worm","floor":2,"turns":3},{"damage":5,"enemies":"Cultist","floor":4,"turns":4},{"damage":51,"enemies":"Gremlin Nob","floor":8,"turns":6},{"damage":4,"enemies":"Lots of Slimes","floor":10,"turns":5},{"damage":2,"enemies":"3 Louse","floor":12,"turns":6},{"damage":16,"enemies":"2 Fungi Beasts","floor":13,"turns":4},{"damage":10,"enemies":"Lagavulin","floor":14,"turns":9},{"damage":56,"enemies":"The Guardian","floor":16,"turns":19},{"damage":3,"enemies":"Shell Parasite","floor":18,"turns":11},{"damage":14,"enemies":"2 Thieves","floor":20,"turns":4},{"damage":17,"enemies":"Snecko","floor":21,"turns":11},{"damage":44,"enemies":"Gremlin Leader","floor":24,"turns":11},{"damage":23,"enemies":"Centurion and Healer","floor":25,"turns":6},{"damage":17,"enemies":"Slavers","floor":27,"turns":6},{"damage":77,"enemies":"Champ","floor":33,"turns":10}],"event_choices":[{"event_name":"World of Goop","player_choice":"Gather Gold","floor":3,"damage_taken":0},{"event_name":"Golden Idol","player_choice":"Take Wound","floor":7,"damage_taken":0},{"event_name":"Upgrade Shrine","player_choice":"Upgraded","floor":19,"damage_taken":0},{"event_name":"Fountain of Cleansing","player_choice":"Removed Curse","floor":28,"damage_taken":0},{"event_name":"Beggar","player_choice":"Gave Gold","floor":31,"damage_taken":0}],"boss_relics":[{"not_picked":["Velvet Choker","Astrolabe"],"picked":"Black Blood"}],"potions_floor_spawned":[4,10,12,13,16,18,24,27],"seed_played":"-1197435088027545987","killed_by":"Champ","ascension_level":1,"is_trial":false}