{"path_per_floor":["M","?","M","$","?","E","R","M","T","R","$","M","?","M","R"],"character_chosen":"DEFECT","items_purchased":["Nova","Energy Potion"],"gold_per_floor":[114,114,134,8,8,33,33,43,43,43,43,56,114,133,133,133],"floor_reached":16,"campfire_rested":3,"playtime":894,"current_hp_per_floor":[67,67,62,62,62,24,44,43,43,63,63,58,33,33,55,0],"items_purged":[],"gold":133,"score":100,"play_id":"d5de83e5-e9ce-4315-8178-0436e967a3ab","local_time":"20180430143254","is_prod":false,"is_daily":false,"chose_seed":false,"is_ascension_mode":false,"campfire_upgraded":0,"timestamp":1525113174,"path_taken":["M","?","M","?","?","E","R","M","T","R","$","M","?","M","R","BOSS"],"build_version":"2018-04-27v3","seed_source_timestamp":1283552401760628,"purchased_purges":0,"victory":false,"master_deck":["Strike_B","Strike_B","Strike_B","Defend_B","Defend_B","Defend_B","Defend_B","Zap","Dualcast","FTL","Meteor Strike","Self Repair","Nova","Fission","Go for the Eyes","Cold Snap","Chaos","Heatsinks","Nova","Cold Snap"],"max_hp_per_floor":[68,68,68,68,68,68,68,68,68,68,68,68,75,75,75,75],"relics":["Cracked Core","Girya","Lantern","Gremlin Horn","Strawberry"],"card_choices":[{"not_picked":["Rip and Tear","Hologram"],"picked":"FTL","floor":1},{"not_picked":["Stack","Leap"],"picked":"Self Repair","floor":3},{"not_picked":["Skim","Axe Kick"],"picked":"Cold Snap","floor":6},{"not_picked":["Hologram","Steam Power"],"picked":"Chaos","floor":8},{"not_picked":["Barrage","Rebound"],"picked":"Heatsinks","floor":12},{"not_picked":["Leap","Beam Cell"],"picked":"Nova","floor":13},{"not_picked":["Barrage","Streamline"],"picked":"Cold Snap","floor":14}],"player_experience":96236,"potions_floor_usage":[3,6,13,13,16],"damage_taken":[{"damage":1,"enemies":"Jaw Worm","floor":1,"turns":4},{"damage":5,"enemies":"2 Louse","floor":3,"turns":2},{"damage":45,"enemies":"3 Sentries","floor":6,"turns":11},{"damage":8,"enemies":"Small Slimes","floor":8,"turns":3},{"damage":12,"enemies":"Exordium Thugs","floor":12,"turns":4},{"damage":39,"enemies":"Lagavulin Event","floor":13,"turns":7},{"damage":7,"enemies":"Looter","floor":14,"turns":4},{"damage":57,"enemies":"Hexaghost","floor":16,"turns":16}],"event_choices":[{"event_name":"Living Wall","player_choice":"Change","floor":2,"damage_taken":0},{"event_name":"Match and Keep!","player_choice":"2 cards matched","floor":5,"damage_taken":0},{"event_name":"Dead Adventurer","player_choice":"Searched \u00272\u0027 times","floor":13,"damage_taken":0}],"boss_relics":[],"potions_floor_spawned":[1,3,12,14],"seed_played":"-6696519605866367001","killed_by":"Hexaghost","ascension_level":0,"is_trial":false}