{"path_per_floor":["M","?","?","?","T","R","$","M","T","R","M","R","M","?","R","B",null,"M","?","?","?","M","R","E","?","T","M","?","R","?","?","R"],"character_chosen":"DEFECT","items_purchased":["Flash of Steel","Rebound"],"gold_per_floor":[116,116,116,116,116,116,4,15,38,38,58,58,76,76,376,475,475,487,487,487,487,499,499,526,441,441,453,453,453,703,703,703,703],"floor_reached":33,"campfire_rested":2,"playtime":867,"current_hp_per_floor":[75,68,68,68,68,68,68,68,68,68,68,68,56,56,56,35,75,57,57,37,37,32,32,27,27,27,15,11,23,23,23,35,0],"items_purged":[],"gold":703,"score":274,"play_id":"d7458364-672f-4898-ac29-f518c4685ac6","local_time":"20180507181758","is_prod":false,"is_daily":false,"chose_seed":false,"is_ascension_mode":false,"campfire_upgraded":0,"timestamp":1525731478,"path_taken":["M","?","?","?","?","R","?","?","T","R","M","R","M","?","R","BOSS","M","?","?","?","M","R","E","?","T","M","?","R","?","?","R","BOSS"],"build_version":"2018-05-03","seed_source_timestamp":1901866539186754,"purchased_purges":0,"victory":false,"master_deck":["Strike_B","Defend_B","Defend_B","Defend_B","Defend_B","Zap","Dualcast","Flash of Steel","Rebound","Static Discharge+1","Lockon","All For One","Darkness","Machine Learning","Aggregate","Capacitor","Capacitor","Sunder","Ghostly","Ghostly","Ghostly","Ghostly","Ghostly","Melter","Auto Shields","Regret"],"max_hp_per_floor":[75,75,75,75,75,75,75,75,75,75,75,75,75,75,75,75,75,75,75,37,37,37,37,37,37,37,37,42,42,42,42,42,42],"relics":["Cracked Core","NeowsBlessing","Shovel","Happy Flower","Bag of Preparation","Juzu Bracelet","Bronze Scales","Old Coin","Orrery","Anchor","Bottled Flame","Mummified Hand","Symbiotic Virus"],"card_choices":[{"not_picked":["BootSequence","Melter"],"picked":"Static Discharge","floor":11},{"not_picked":["Axe Kick","Reprogram"],"picked":"Lockon","floor":13},{"not_picked":["Prime","Fusion"],"picked":"All For One","floor":16},{"not_picked":["Leap","Rip and Tear"],"picked":"Darkness","floor":17},{"not_picked":["Reinforced Body","Barrage"],"picked":"Machine Learning","floor":17},{"not_picked":["Defragment","Stack"],"picked":"Aggregate","floor":17},{"not_picked":["Turbo","Steam Power"],"picked":"Capacitor","floor":17},{"not_picked":["Coolheaded","Hologram"],"picked":"Capacitor","floor":17},{"not_picked":["Beam Cell","Cold Snap"],"picked":"Sunder","floor":18},{"not_picked":["Sweeping Beam","Coolheaded"],"picked":"Auto Shields","floor":22}],"player_experience":176526,"potions_floor_usage":[16,16,18,24,33,33],"damage_taken":[{"damage":0,"enemies":"2 Louse","floor":1,"turns":1},{"damage":0,"enemies":"Jaw Worm","floor":8,"turns":1},{"damage":0,"enemies":"Cultist","floor":11,"turns":1},{"damage":12,"enemies":"Gremlin Gang","floor":13,"turns":2},{"damage":21,"enemies":"Slime Boss","floor":16,"turns":8},{"damage":18,"enemies":"Spheric Guardian","floor":18,"turns":3},{"damage":5,"enemies":"3 Byrds","floor":22,"turns":2},{"damage":5,"enemies":"Slavers","floor":24,"turns":4},{"damage":12,"enemies":"3 Cultists","floor":27,"turns":4},{"damage":39,"enemies":"Collector","floor":33,"turns":6}],"event_choices":[{"event_name":"Golden Wing","player_choice":"Card Removal","floor":2,"damage_taken":0},{"event_name":"Bonfire Elementals","player_choice":"BASIC","floor":3,"damage_taken":0},{"event_name":"Liars Game","player_choice":"disagreed","floor":4,"damage_taken":0},{"event_name":"Living Wall","player_choice":"Grow","floor":14,"damage_taken":0},{"event_name":"Purifier","player_choice":"One Purge","floor":19,"damage_taken":0},{"event_name":"Ghosts","player_choice":"Became a Ghost","floor":20,"damage_taken":0},{"event_name":"The Library","player_choice":"Read","floor":21,"damage_taken":0},{"event_name":"Addict","player_choice":"Obtained Relic","floor":25,"damage_taken":0},{"event_name":"Forgotten Altar","player_choice":"Shed Blood","floor":28,"damage_taken":0},{"event_name":"Golden Shrine","player_choice":"Desecrate","floor":30,"damage_taken":0},{"event_name":"Drug Dealer","player_choice":"Ignored","floor":31,"damage_taken":0}],"boss_relics":[{"not_picked":["Runic Pyramid","Velvet Choker"],"picked":"Orrery"}],"potions_floor_spawned":[1,11,16,22,24,27],"seed_played":"-6859674074255963475","killed_by":"Collector","ascension_level":0,"is_trial":false}