{"path_per_floor":["M","?","?","M","M","E","M","$","T","M","E","M","?","?","R","B",null,"M","?","?","$","?","E","M","R","T","?","R","M","?"],"character_chosen":"IRONCLAD","items_purchased":["Fire Potion","Reaper","Fire Potion"],"gold_per_floor":[20,20,20,35,53,82,99,49,74,92,120,139,139,109,109,212,212,231,231,231,45,45,78,89,89,89,89,89,107,107],"floor_reached":31,"campfire_rested":2,"playtime":1197,"current_hp_per_floor":[96,101,94,94,100,94,100,100,100,103,78,86,86,86,86,49,105,105,105,95,95,73,32,41,66,66,50,75,25,25],"items_purged":[],"gold":107,"score":302,"play_id":"20d3e6f5-03c1-4291-b46d-9c1e14a3144d","local_time":"20180320214222","is_prod":false,"is_daily":false,"is_ascension_mode":true,"campfire_upgraded":1,"timestamp":1521596542,"path_taken":["M","?","?","?","M","E","M","$","T","M","E","M","?","?","R","BOSS","M","?","?","$","?","E","M","R","T","?","R","?","?","M"],"build_version":"2018-03-15v3","purchased_purges":0,"victory":false,"master_deck":["Defend_R","Defend_R","Defend_R","Defend_R","Bash","Thunderclap+1","Cleave","Double Tap","Cleave","Bludgeon","Thunderclap","Thunderclap","Reaper","Bite","Bite","Bite","Bite","Bite"],"max_hp_per_floor":[96,101,101,101,101,101,101,101,101,103,103,105,105,105,105,105,105,105,105,105,105,73,82,84,84,84,84,84,86,86],"relics":["Black Blood","Dodecahedron","Singing Bowl","Toxic Egg 2","Strawberry","Du-Vu Doll","Enchiridion"],"card_choices":[{"not_picked":["Second Wind","Clothesline"],"picked":"Thunderclap"},{"not_picked":["Perfected Strike","True Grit"],"picked":"Cleave"},{"not_picked":["Rampage","Bloodletting"],"picked":"Double Tap"},{"not_picked":["Battle Trance","Bloodletting"],"picked":"Cleave"},{"not_picked":["Berserk","Immolate"],"picked":"Bludgeon"},{"not_picked":["Dropkick","Searing Blow"],"picked":"Thunderclap"}],"player_experience":491655,"potions_floor_usage":[6,11,11,16,23,24,29,31,31,31],"damage_taken":[{"damage":5,"enemies":"Small Slimes","floor":1,"turns":4},{"damage":6,"enemies":"Jaw Worm","floor":4,"turns":5},{"damage":0,"enemies":"2 Louse","floor":5,"turns":3},{"damage":12,"enemies":"3 Sentries","floor":6,"turns":6},{"damage":0,"enemies":"Large Slime","floor":7,"turns":4},{"damage":5,"enemies":"Looter","floor":10,"turns":4},{"damage":31,"enemies":"Lagavulin","floor":11,"turns":5},{"damage":0,"enemies":"Gremlin Gang","floor":12,"turns":1},{"damage":43,"enemies":"Slime Boss","floor":16,"turns":7},{"damage":1,"enemies":"3 Byrds","floor":18,"turns":4},{"damage":60,"enemies":"Book of Stabbing","floor":23,"turns":5},{"damage":27,"enemies":"Chosen","floor":24,"turns":5},{"damage":74,"enemies":"Centurion and Healer","floor":29,"turns":6},{"damage":42,"enemies":"Slaver and Parasite","floor":31,"turns":3}],"event_choices":[{"event_name":"Big Fish","player_choice":"Donut","floor":2,"damage_taken":0},{"event_name":"Golden Wing","player_choice":"Card Removal","floor":3,"damage_taken":0},{"event_name":"Bonfire Elementals","player_choice":"BASIC","floor":13,"damage_taken":0},{"event_name":"The Woman in Blue","player_choice":"Bought 2 Potions","floor":14,"damage_taken":0},{"event_name":"The Library","player_choice":"Read","floor":19,"damage_taken":0},{"event_name":"Wheel of Change","player_choice":"Damage","floor":20,"damage_taken":0},{"event_name":"Vampires","player_choice":"Became a vampire","floor":22,"damage_taken":0},{"event_name":"Cursed Tome","player_choice":"Obtained Book","floor":27,"damage_taken":0},{"event_name":"The Lab","player_choice":"Got Potions","floor":30,"damage_taken":0}],"boss_relics":[{"not_picked":["Snecko Eye","Velvet Choker"],"picked":"Black Blood"}],"potions_floor_spawned":[1,7,12,23,24],"seed_played":"-6310876700477619648","killed_by":"Slaver and Parasite","ascension_level":1,"is_trial":false}