{"gold_per_floor":[113,124,137,8,20,46,46,77,77,116,128,159,171,209,221,328,340,367,394,424,436,21,21,21,60,86,86,86],"floor_reached":28,"playtime":1336,"items_purged":["Injury"],"score":612,"play_id":"50ba4e4a-5843-4630-88a2-6f35a60bc995","local_time":"20190529161456","is_ascension_mode":true,"campfire_choices":[{"data":"Go for the Eyes","floor":7.0,"key":"SMITH"},{"data":"Scrape","floor":11.0,"key":"SMITH"},{"data":"Dualcast","floor":15.0,"key":"SMITH"},{"floor":23.0,"key":"REST"}],"neow_cost":"NONE","seed_source_timestamp":0,"circlet_count":0,"master_deck":["AscendersBane","Strike_B","Strike_B","Strike_B","Strike_B","Defend_B","Defend_B","Defend_B","Defend_B","Zap","Dualcast+1","Rebound","Gash","White Noise","Gash","Impatience","Go for the Eyes+1","Scrape+1","White Noise+1","Undo+1","Multi-Cast+1","Loop+1","Steam Power+1","Metamorphosis+1","Ghostly+1","Ghostly+1","Ghostly+1"],"special_seed":0,"relics":["Black Star","Sundial","Symbiotic Virus","Matryoshka","Pear","MawBank","Meat on the Bone","Ancient Tea Set","Toxic Egg 2","Bloody Idol","Odd Mushroom","Busted Crown","Orichalcum","Strawberry","Oddly Smooth Stone","Juzu Bracelet","Pen Nib"],"potions_floor_usage":[28],"damage_taken":[{"damage":4.0,"enemies":"Jaw Worm","floor":1.0,"turns":4.0},{"damage":5.0,"enemies":"Small Slimes","floor":2.0,"turns":4.0},{"damage":0.0,"enemies":"2 Louse","floor":3.0,"turns":3.0},{"damage":15.0,"enemies":"Large Slime","floor":5.0,"turns":6.0},{"damage":0.0,"enemies":"Lagavulin","floor":6.0,"turns":6.0},{"damage":8.0,"enemies":"Gremlin Nob","floor":8.0,"turns":3.0},{"damage":18.0,"enemies":"Lagavulin","floor":10.0,"turns":7.0},{"damage":4.0,"enemies":"Exordium Wildlife","floor":12.0,"turns":3.0},{"damage":20.0,"enemies":"The Mushroom Lair","floor":14.0,"turns":4.0},{"damage":33.0,"enemies":"Hexaghost","floor":16.0,"turns":9.0},{"damage":18.0,"enemies":"2 Thieves","floor":18.0,"turns":4.0},{"damage":40.0,"enemies":"Chosen","floor":19.0,"turns":6.0},{"damage":17.0,"enemies":"Centurion and Healer","floor":20.0,"turns":5.0},{"damage":0,"enemies":"Slavers","floor":25,"turns":5},{"damage":56,"enemies":"Gremlin Leader","floor":28,"turns":4}],"seed_played":"7699181590896225713","potions_obtained":[{"floor":3.0,"key":"Poison Potion"},{"floor":5.0,"key":"PowerPotion"},{"floor":6.0,"key":"PowerPotion"},{"floor":8.0,"key":"Swift Potion"},{"floor":12.0,"key":"Explosive Potion"},{"floor":18.0,"key":"SpeedPotion"},{"floor":20.0,"key":"Weak Potion"}],"is_trial":false,"path_per_floor":["M","M","M","$","M","E","R","E","T","E","R","M","?","?","R","B",null,"M","M","M","?","$","R","?","E","T","?","E"],"character_chosen":"DEFECT","items_purchased":["Gash","Impatience","Orichalcum","Metamorphosis+1"],"campfire_rested":1,"item_purchase_floors":[4,4,22,22],"current_hp_per_floor":[60,55,55,55,40,40,40,42,42,36,36,44,44,36,36,15,65,47,19,14,14,14,38,38,45,45,45,0],"gold":86,"neow_bonus":"BOSS_RELIC","is_prod":false,"is_daily":false,"chose_seed":false,"campfire_upgraded":3,"win_rate":0,"timestamp":1559139296,"path_taken":["M","M","M","$","M","E","R","E","T","E","R","M","?","?","R","BOSS","M","M","M","?","$","R","?","E","T","?","E"],"build_version":"2019-01-23","purchased_purges":1,"victory":false,"max_hp_per_floor":[71,71,71,71,71,71,71,81,81,81,81,81,81,81,81,81,81,81,81,81,81,81,81,40,47,47,47,47],"card_choices":[{"not_picked":["Hello World","Recycle"],"picked":"Rebound","floor":1.0},{"not_picked":["Hologram","Aggregate"],"picked":"Gash","floor":2.0},{"not_picked":["Melter","Reprogram"],"picked":"White Noise","floor":3.0},{"not_picked":["BootSequence","Reprogram"],"picked":"Go for the Eyes","floor":5.0},{"not_picked":["Reprogram","Skim"],"picked":"Scrape","floor":6.0},{"not_picked":["Double Energy","Streamline","Hello World"],"picked":"SKIP","floor":8.0},{"not_picked":["Rebound","Turbo","Coolheaded"],"picked":"SKIP","floor":10.0},{"not_picked":["Hyperbeam","Stack+1"],"picked":"White Noise+1","floor":12.0},{"not_picked":["Steam Power+1","Leap+1"],"picked":"Undo+1","floor":14.0},{"not_picked":["Hyperbeam","Biased Cognition"],"picked":"Multi-Cast+1","floor":16.0},{"not_picked":[],"picked":"Loop+1","floor":18.0},{"not_picked":[],"picked":"Steam Power+1","floor":19.0},{"not_picked":["Cold Snap+1"],"picked":"SKIP","floor":20.0},{"not_picked":["Barrage"],"picked":"SKIP","floor":25}],"player_experience":550673,"relics_obtained":[{"floor":6.0,"key":"Sundial"},{"floor":6.0,"key":"Symbiotic Virus"},{"floor":8.0,"key":"Matryoshka"},{"floor":8.0,"key":"Pear"},{"floor":9.0,"key":"MawBank"},{"floor":9.0,"key":"Meat on the Bone"},{"floor":10.0,"key":"Ancient Tea Set"},{"floor":10.0,"key":"Toxic Egg 2"},{"floor":14.0,"key":"Odd Mushroom"},{"floor":25,"key":"Strawberry"},{"floor":25,"key":"Oddly Smooth Stone"},{"floor":26,"key":"Juzu Bracelet"},{"floor":26,"key":"Pen Nib"}],"event_choices":[{"damage_healed":0.0,"max_hp_gain":0.0,"max_hp_loss":0.0,"gold_gain":0.0,"event_name":"Golden Idol","player_choice":"Take Wound","floor":13.0,"gold_loss":0.0,"damage_taken":0.0,"relics_obtained":["Golden Idol"],"cards_obtained":["Injury"]},{"damage_healed":0.0,"max_hp_gain":0.0,"max_hp_loss":0.0,"gold_gain":0.0,"event_name":"Mushrooms","player_choice":"Fought Mushrooms","floor":14.0,"gold_loss":0.0,"damage_taken":0.0},{"damage_healed":0.0,"max_hp_gain":0.0,"max_hp_loss":0.0,"gold_gain":0.0,"event_name":"Cursed Tome","player_choice":"Ignored","floor":21.0,"gold_loss":0.0,"damage_taken":0.0},{"damage_healed":0.0,"max_hp_gain":0.0,"max_hp_loss":41.0,"gold_gain":0.0,"event_name":"Ghosts","player_choice":"Became a Ghost","floor":24.0,"gold_loss":0.0,"damage_taken":0.0,"cards_obtained":["Ghostly","Ghostly","Ghostly"]},{"damage_healed":0,"gold_gain":0,"player_choice":"Gave Idol","damage_taken":0,"relics_obtained":["Bloody Idol"],"max_hp_gain":0,"max_hp_loss":0,"event_name":"Forgotten Altar","floor":27,"relics_lost":["Golden Idol"],"gold_loss":0}],"is_beta":false,"boss_relics":[{"not_picked":["Orrery","Lizard Tail"],"picked":"Busted Crown"}],"items_purged_floors":[22],"is_endless":false,"potions_floor_spawned":[3,5,6,8,12,18,20],"killed_by":"Gremlin Leader","ascension_level":20}