{"gold_per_floor":[113,133,109,120,295,295,42,73,151,151,176,176,186,186,186,186],"floor_reached":16,"playtime":765,"items_purged":[],"score":135,"play_id":"b7fb8d3e-20ff-4f83-9220-1560dec15233","local_time":"20190404062608","is_ascension_mode":true,"campfire_choices":[{"data":"Intimidate","floor":6,"key":"SMITH"},{"floor":10,"key":"REST"},{"floor":15,"key":"REST"}],"neow_cost":"NONE","seed_source_timestamp":1446451605542200,"circlet_count":0,"master_deck":["Strike_R","Strike_R","Strike_R","Strike_R","Strike_R","Defend_R","Defend_R","Defend_R","Defend_R","Bash+1","Infernal Blade","Pommel Strike","Intimidate+1","Doubt","Feel No Pain","Power Through","Perfected Strike"],"relics":["Burning Blood","Gremlin Horn","Anchor","Blue Candle","Dodecahedron"],"potions_floor_usage":[4,16],"damage_taken":[{"damage":6,"enemies":"Cultist","floor":1,"turns":4},{"damage":6,"enemies":"2 Louse","floor":2,"turns":2},{"damage":9,"enemies":"Jaw Worm","floor":4,"turns":2},{"damage":52,"enemies":"3 Sentries","floor":8,"turns":11},{"damage":49,"enemies":"Lagavulin","floor":11,"turns":7},{"damage":1,"enemies":"Exordium Wildlife","floor":13,"turns":4},{"damage":84,"enemies":"Hexaghost","floor":16,"turns":12}],"seed_played":"2914845971693192776","potions_obtained":[{"floor":2,"key":"Weak Potion"},{"floor":13,"key":"Swift Potion"}],"is_trial":false,"path_per_floor":["M","M","?","M","?","R","$","E","T","R","E","?","M","?","R","B"],"character_chosen":"IRONCLAD","items_purchased":["Gremlin Horn"],"campfire_rested":2,"item_purchase_floors":[7],"current_hp_per_floor":[88,88,88,85,85,85,85,39,39,65,22,22,27,56,82,0],"gold":186,"neow_bonus":"TEN_PERCENT_HP_BONUS","is_prod":false,"is_daily":false,"chose_seed":false,"campfire_upgraded":1,"win_rate":0,"timestamp":1554373568,"path_taken":["M","?","?","M","?","R","?","E","T","R","E","?","?","?","R","BOSS"],"build_version":"2019-03-15","purchased_purges":0,"victory":false,"max_hp_per_floor":[88,88,88,88,88,88,88,88,88,88,88,88,88,88,88,88],"card_choices":[{"not_picked":["Heavy Blade","Flex"],"picked":"Infernal Blade","floor":1},{"not_picked":["True Grit","Sentinel"],"picked":"Pommel Strike","floor":2},{"not_picked":["True Grit","Power Through"],"picked":"Intimidate","floor":4},{"not_picked":["Wild Strike","Cleave"],"picked":"Feel No Pain","floor":8},{"not_picked":["Thunderclap","Sever Soul"],"picked":"Power Through","floor":11},{"not_picked":["Iron Wave","Twin Strike"],"picked":"Perfected Strike","floor":13}],"player_experience":762717,"relics_obtained":[{"floor":8,"key":"Anchor"},{"floor":9,"key":"Blue Candle"},{"floor":11,"key":"Dodecahedron"}],"event_choices":[{"damage_healed":0,"gold_gain":0,"player_choice":"Left Gold","damage_taken":0,"max_hp_gain":0,"max_hp_loss":0,"event_name":"World of Goop","floor":3,"gold_loss":24},{"damage_healed":0,"gold_gain":175,"player_choice":"AGREE","damage_taken":0,"max_hp_gain":0,"max_hp_loss":0,"event_name":"Liars Game","floor":5,"gold_loss":0,"cards_obtained":["Doubt"]},{"damage_healed":0,"gold_gain":0,"player_choice":"Grow","damage_taken":0,"max_hp_gain":0,"max_hp_loss":0,"event_name":"Living Wall","floor":12,"gold_loss":0,"cards_upgraded":["Bash"]},{"damage_healed":29,"gold_gain":0,"player_choice":"Banana","damage_taken":0,"max_hp_gain":0,"max_hp_loss":0,"event_name":"Big Fish","floor":14,"gold_loss":0}],"is_beta":true,"boss_relics":[],"items_purged_floors":[],"is_endless":false,"potions_floor_spawned":[2,13],"killed_by":"Hexaghost","ascension_level":5}