{"gold_per_floor":[110,110,110,66,80,80,112,125,125,142,156,184,15,15,15,87,87,99,109,125,125,125,156,156,176,221,5,5,40,110,145,145,217,217,232,250,300,311,16,50,50,66,66,84,111,185,235,11,11,11],"floor_reached":51,"playtime":1651,"items_purged":["Writhe","Strike_R"],"score":1623,"play_id":"43036e83-6277-4dcd-8ac5-a2d4f40b1781","local_time":"20190530102055","is_ascension_mode":true,"campfire_choices":[{"data":"Whirlwind","floor":6.0,"key":"SMITH"},{"data":"Fiend Fire","floor":15.0,"key":"SMITH"},{"data":"Shockwave","floor":24.0,"key":"SMITH"},{"floor":28.0,"key":"REST"},{"data":"Inflame","floor":32.0,"key":"SMITH"},{"data":"Sword Boomerang","floor":41,"key":"SMITH"},{"data":"Shrug It Off","floor":49,"key":"SMITH"}],"neow_cost":"NONE","seed_source_timestamp":699848138368207,"circlet_count":0,"master_deck":["AscendersBane","Strike_R","Strike_R","Strike_R","Defend_R","Defend_R","Defend_R","Twin Strike","Sword Boomerang+1","Shockwave+1","Whirlwind+1","Shrug It Off+1","Fiend Fire+1","Thunderclap","Offering+1","Intimidate+1","Battle Trance+1","Inflame+1","Offering+1","Limit Break+1","Second Wind+1","Warcry+1","Violence+1","Warcry+1","Shockwave+1"],"special_seed":0,"relics":["Burning Blood","NeowsBlessing","Sundial","Paper Frog","Toxic Egg 2","PreservedInsect","Sozu","Gremlin Horn","SsserpentHead","Smiling Mask","Red Skull","Vajra","Bottled Lightning","Matryoshka","Velvet Choker","Question Card","Strawberry","Magic Flower","Ginger","Dream Catcher","Art of War","Chemical X"],"potions_floor_usage":[50],"damage_taken":[{"damage":0.0,"enemies":"Small Slimes","floor":1.0,"turns":1.0},{"damage":0.0,"enemies":"Cultist","floor":5.0,"turns":1.0},{"damage":0.0,"enemies":"Lagavulin","floor":7.0,"turns":1.0},{"damage":0.0,"enemies":"2 Louse","floor":8.0,"turns":1.0},{"damage":6.0,"enemies":"Exordium Thugs","floor":10.0,"turns":3.0},{"damage":10.0,"enemies":"Blue Slaver","floor":11.0,"turns":3.0},{"damage":16.0,"enemies":"3 Sentries","floor":12.0,"turns":3.0},{"damage":33.0,"enemies":"Slime Boss","floor":16.0,"turns":7.0},{"damage":6.0,"enemies":"Chosen","floor":18.0,"turns":2.0},{"damage":34.0,"enemies":"Spheric Guardian","floor":19.0,"turns":4.0},{"damage":1.0,"enemies":"Centurion and Healer","floor":20.0,"turns":5.0},{"damage":0.0,"enemies":"Slavers","floor":23.0,"turns":1.0},{"damage":26.0,"enemies":"Snecko","floor":25.0,"turns":5.0},{"damage":0.0,"enemies":"Gremlin Leader","floor":29.0,"turns":3.0},{"damage":0.0,"enemies":"3 Cultists","floor":30.0,"turns":2.0},{"damage":0.0,"enemies":"Slavers","floor":31.0,"turns":2.0},{"damage":14.0,"enemies":"Collector","floor":33.0,"turns":4.0},{"damage":23.0,"enemies":"3 Shapes","floor":35.0,"turns":1.0},{"damage":0.0,"enemies":"3 Darklings","floor":36.0,"turns":1.0},{"damage":9.0,"enemies":"Maw","floor":38.0,"turns":4.0},{"damage":0,"enemies":"Nemesis","floor":40,"turns":3},{"damage":6,"enemies":"Spire Growth","floor":42,"turns":2},{"damage":6,"enemies":"Jaw Worm Horde","floor":44,"turns":2},{"damage":6,"enemies":"Reptomancer","floor":45,"turns":2},{"damage":32,"enemies":"Donu and Deca","floor":50,"turns":4}],"seed_played":"-6095268499034658348","potions_obtained":[{"floor":1.0,"key":"BloodPotion"},{"floor":10.0,"key":"Energy Potion"},{"floor":11.0,"key":"EssenceOfSteel"}],"is_trial":false,"path_per_floor":["M","$","?","$","M","R","E","M","T","M","M","E","$","?","R","B",null,"M","M","M","?","?","E","R","M","T","$","R","E","M","E","R","B",null,"M","M","?","M","$","E","R","M","T","M","E","T","?","$","R","B",null],"character_chosen":"IRONCLAD","items_purchased":["Shockwave","PreservedInsect","Vajra","Violence+1","Warcry+1","Chemical X"],"campfire_rested":1,"item_purchase_floors":[4,13,27,39,39,48],"current_hp_per_floor":[74,74,74,74,75,75,75,75,75,75,71,61,61,61,61,34,65,65,37,42,42,42,48,48,28,28,28,50,56,62,68,68,60,71,54,60,60,57,57,63,63,63,70,73,76,76,76,76,76,53],"gold":11,"neow_bonus":"THREE_ENEMY_KILL","is_prod":false,"is_daily":false,"chose_seed":false,"campfire_upgraded":6,"win_rate":0,"timestamp":1559204455,"path_taken":["M","$","?","$","M","R","E","M","T","M","M","E","?","?","R","BOSS","M","M","M","?","?","E","R","M","T","$","R","E","?","E","R","BOSS","M","M","?","M","$","E","R","M","T","M","E","?","?","$","R","BOSS"],"build_version":"2019-01-23","purchased_purges":2,"victory":true,"max_hp_per_floor":[75,75,75,75,75,75,75,75,75,75,75,75,75,75,75,75,75,75,75,75,75,75,75,75,75,75,75,75,75,75,75,75,75,75,75,75,75,75,75,75,75,75,82,82,82,82,78,78,78,78],"card_choices":[{"not_picked":["Intimidate","Headbutt"],"picked":"Twin Strike","floor":1.0},{"not_picked":["Heavy Blade","Headbutt"],"picked":"Whirlwind","floor":5.0},{"not_picked":["Hemokinesis","Exhume"],"picked":"Shrug It Off","floor":7.0},{"not_picked":["Pommel Strike","Armaments"],"picked":"Fiend Fire","floor":8.0},{"not_picked":["Wild Strike","Havoc"],"picked":"Thunderclap","floor":10.0},{"not_picked":["Pummel","Anger","Hemokinesis"],"picked":"SKIP","floor":11.0},{"not_picked":["Anger","Wild Strike","Clothesline"],"picked":"SKIP","floor":12.0},{"not_picked":["Juggernaut","Double Tap+1"],"picked":"Offering+1","floor":16.0},{"not_picked":["Perfected Strike","Hemokinesis","Havoc+1"],"picked":"SKIP","floor":18.0},{"not_picked":["Perfected Strike","Hemokinesis","Havoc+1"],"picked":"SKIP","floor":18.0},{"not_picked":["Uppercut","Searing Blow","Carnage"],"picked":"SKIP","floor":19.0},{"not_picked":["Pommel Strike","Cleave","Thunderclap"],"picked":"SKIP","floor":20.0},{"not_picked":["Perfected Strike","Clothesline+1"],"picked":"Intimidate+1","floor":23.0},{"not_picked":["Iron Wave+1","Cleave"],"picked":"Battle Trance+1","floor":25.0},{"not_picked":["Intimidate+1","Iron Wave"],"picked":"Inflame","floor":29.0},{"not_picked":["True Grit+1","Anger+1","Cleave"],"picked":"SKIP","floor":30.0},{"not_picked":["Flex+1","Clash"],"picked":"Offering+1","floor":31.0},{"not_picked":["Offering+1","Demon Form"],"picked":"Limit Break+1","floor":33.0},{"not_picked":["Intimidate+1","Dual Wield+1","Hemokinesis+1"],"picked":"SKIP","floor":35.0},{"not_picked":["Sword Boomerang","Heavy Blade"],"picked":"Second Wind+1","floor":36.0},{"not_picked":["Sentinel+1","Body Slam"],"picked":"Warcry+1","floor":38.0},{"not_picked":["Heavy Blade","Flex+1"],"picked":"Shockwave+1","floor":40},{"not_picked":["Twin Strike+1","Reckless Charge","Heavy Blade+1","Flex+1"],"picked":"SKIP","floor":42},{"not_picked":["True Grit+1","Disarm+1","Headbutt","Cleave+1"],"picked":"SKIP","floor":44},{"not_picked":["Rampage","Havoc+1","Feel No Pain","Shockwave+1"],"picked":"SKIP","floor":45}],"player_experience":557765,"relics_obtained":[{"floor":7.0,"key":"Sundial"},{"floor":9.0,"key":"Paper Frog"},{"floor":12.0,"key":"Toxic Egg 2"},{"floor":23.0,"key":"Smiling Mask"},{"floor":26.0,"key":"Red Skull"},{"floor":29.0,"key":"Bottled Lightning"},{"floor":31.0,"key":"Matryoshka"},{"floor":40,"key":"Question Card"},{"floor":43,"key":"Strawberry"},{"floor":43,"key":"Magic Flower"},{"floor":45,"key":"Ginger"},{"floor":46,"key":"Dream Catcher"},{"floor":46,"key":"Art of War"}],"event_choices":[{"damage_healed":0.0,"max_hp_gain":0.0,"max_hp_loss":0.0,"gold_gain":0.0,"cards_transformed":["Defend_R"],"event_name":"Transmorgrifier","player_choice":"Transformed","floor":3.0,"gold_loss":0.0,"damage_taken":0.0,"cards_obtained":["Sword Boomerang"]},{"cards_removed":["Strike_R"],"damage_healed":0.0,"max_hp_gain":0.0,"max_hp_loss":0.0,"gold_gain":0.0,"event_name":"Purifier","player_choice":"Purged","floor":14.0,"gold_loss":0.0,"damage_taken":0.0},{"damage_healed":0.0,"max_hp_gain":0.0,"max_hp_loss":0.0,"gold_gain":0.0,"event_name":"The Mausoleum","player_choice":"Opened","floor":21.0,"gold_loss":0.0,"damage_taken":0.0,"relics_obtained":["Gremlin Horn"],"cards_obtained":["Writhe"]},{"damage_healed":0.0,"max_hp_gain":0.0,"max_hp_loss":0.0,"gold_gain":0.0,"event_name":"FaceTrader","player_choice":"Trade","floor":22.0,"gold_loss":0.0,"damage_taken":0.0,"relics_obtained":["SsserpentHead"]},{"cards_removed":["Bash"],"damage_healed":0.0,"max_hp_gain":0.0,"max_hp_loss":0.0,"gold_gain":0.0,"event_name":"Falling","player_choice":"Removed Attack","floor":37.0,"gold_loss":0.0,"damage_taken":0.0},{"damage_healed":0,"gold_gain":0,"player_choice":"Max HP","damage_taken":0,"max_hp_gain":0,"max_hp_loss":4,"event_name":"Winding Halls","floor":47,"gold_loss":0}],"is_beta":false,"boss_relics":[{"not_picked":["Fusion Hammer","Empty Cage"],"picked":"Sozu"},{"not_picked":["Runic Pyramid","Runic Cube"],"picked":"Velvet Choker"}],"items_purged_floors":[27,39],"is_endless":false,"potions_floor_spawned":[1,10,11,16,20,25,29,30,36,44,45],"ascension_level":17}