{"gold_per_floor":[113,124,136,155,28,28,53,104,104,131,91,102,128,147,147,218,218,230,230,68,88,13,48,60,60,84,84,102,102,135,146,146,224,224,240,259,274,274,293,328,328,360,360,371,386,386,386,386,386,386,386,386,386,48,80,80],"floor_reached":56,"playtime":2489,"items_purged":["Strike_R","Writhe"],"score":2017,"play_id":"a8727d43-08c4-4e20-96af-b2f92134ebfd","local_time":"20190601211005","is_ascension_mode":true,"campfire_choices":[{"data":"True Grit","floor":6.0,"key":"SMITH"},{"data":"Armaments","floor":15.0,"key":"SMITH"},{"data":"True Grit","floor":25.0,"key":"SMITH"},{"floor":27.0,"key":"REST"},{"floor":32.0,"key":"REST"},{"floor":41.0,"key":"REST"},{"floor":46.0,"key":"RECALL"},{"floor":49.0,"key":"REST"},{"floor":53.0,"key":"REST"}],"neow_cost":"NONE","seed_source_timestamp":1532587140850065,"circlet_count":0,"master_deck":["AscendersBane","Strike_R","Strike_R","Strike_R","Defend_R","Defend_R","Defend_R","Defend_R","Bash","Anger","Spot Weakness","Juggernaut","Feel No Pain","True Grit+1","Shrug It Off","Feel No Pain","Warcry","Armaments+1","Feed","Body Slam+1","Pummel","Corruption","Offering","True Grit+1","Shockwave","Intimidate+1","Juggernaut+1","Pummel","Burning Pact+1","Flame Barrier","Spot Weakness","Burning Pact","True Grit+1","Shrug It Off","Immolate"],"special_seed":0,"relics":["Burning Blood","Ornamental Fan","Bag of Preparation","Letter Opener","Red Skull","Lantern","Velvet Choker","Mummified Hand","Frozen Egg 2","Bag of Marbles","Question Card","Snecko Eye","Ice Cream","Mango","Blood Vial"],"potions_floor_usage":[56,56],"damage_taken":[{"damage":6.0,"enemies":"Cultist","floor":1.0,"turns":4.0},{"damage":7.0,"enemies":"Jaw Worm","floor":2.0,"turns":3.0},{"damage":0.0,"enemies":"2 Louse","floor":3.0,"turns":3.0},{"damage":11.0,"enemies":"Blue Slaver","floor":4.0,"turns":4.0},{"damage":20.0,"enemies":"Lagavulin","floor":7.0,"turns":8.0},{"damage":13.0,"enemies":"3 Sentries","floor":10.0,"turns":4.0},{"damage":4.0,"enemies":"Exordium Wildlife","floor":12.0,"turns":6.0},{"damage":2.0,"enemies":"Lagavulin","floor":13.0,"turns":7.0},{"damage":0.0,"enemies":"Exordium Thugs","floor":14.0,"turns":3.0},{"damage":49.0,"enemies":"The Guardian","floor":16.0,"turns":11.0},{"damage":20.0,"enemies":"2 Thieves","floor":18.0,"turns":5.0},{"damage":13.0,"enemies":"Spheric Guardian","floor":21.0,"turns":4.0},{"damage":22.0,"enemies":"Slavers","floor":23.0,"turns":5.0},{"damage":23.0,"enemies":"Snake Plant","floor":24.0,"turns":4.0},{"damage":0.0,"enemies":"3 Cultists","floor":28.0,"turns":4.0},{"damage":21.0,"enemies":"Gremlin Leader","floor":30.0,"turns":4.0},{"damage":6.0,"enemies":"Shelled Parasite and Fungi","floor":31.0,"turns":5.0},{"damage":60.0,"enemies":"Collector","floor":33.0,"turns":8.0},{"damage":0.0,"enemies":"3 Shapes","floor":35.0,"turns":4.0},{"damage":6.0,"enemies":"Orb Walker","floor":36.0,"turns":3.0},{"damage":14.0,"enemies":"4 Shapes","floor":37.0,"turns":5.0},{"damage":60.0,"enemies":"Jaw Worm Horde","floor":39.0,"turns":4.0},{"damage":11.0,"enemies":"Nemesis","floor":40.0,"turns":7.0},{"damage":38.0,"enemies":"Reptomancer","floor":42.0,"turns":6.0},{"damage":0.0,"enemies":"Spire Growth","floor":44.0,"turns":3.0},{"damage":6.0,"enemies":"Sphere and 2 Shapes","floor":45.0,"turns":4.0},{"damage":0.0,"enemies":"Transient","floor":47.0,"turns":1.0},{"damage":85.0,"enemies":"Awakened One","floor":50.0,"turns":11.0},{"damage":28.0,"enemies":"Donu and Deca","floor":51.0,"turns":7.0},{"damage":103.0,"enemies":"Shield and Spear","floor":55.0,"turns":6.0},{"damage":48,"enemies":"The Heart","floor":56,"turns":3}],"seed_played":"-697297907654786607","potions_obtained":[{"floor":2.0,"key":"Block Potion"},{"floor":3.0,"key":"Explosive Potion"},{"floor":7.0,"key":"SkillPotion"},{"floor":11.0,"key":"AttackPotion"},{"floor":11.0,"key":"Fire Potion"},{"floor":14.0,"key":"SteroidPotion"},{"floor":23.0,"key":"PowerPotion"},{"floor":30.0,"key":"Regen Potion"},{"floor":31.0,"key":"Weak Potion"},{"floor":33.0,"key":"Regen Potion"},{"floor":35.0,"key":"Fruit Juice"},{"floor":36.0,"key":"Block Potion"},{"floor":39.0,"key":"SmokeBomb"}],"is_trial":false,"path_per_floor":["M","M","M","M","$","R","E","T","T","E","?","M","E","M","R","B",null,"M","?","$","M","?","E","M","R","T","R","M","?","E","M","R","B",null,"M","M","M","?","M","E","R","E","T","M","M","R","M","?","R","B","B",null,"R","$","E","B"],"character_chosen":"IRONCLAD","items_purchased":["Feel No Pain","True Grit","Pummel","PowerPotion","Shrug It Off","Immolate"],"campfire_rested":5,"item_purchase_floors":[5,5,20,54,54,54],"current_hp_per_floor":[75,74,80,75,75,75,61,61,61,54,54,56,60,66,66,23,67,56,56,56,49,49,36,19,19,19,45,55,28,16,33,63,9,80,89,94,89,112,61,59,95,80,80,86,86,86,92,92,133,57,38,117,143,143,46,0],"gold":80,"neow_bonus":"TEN_PERCENT_HP_BONUS","is_prod":false,"is_daily":false,"chose_seed":false,"campfire_upgraded":3,"win_rate":0,"timestamp":1559448605,"path_taken":["M","M","?","M","?","R","E","?","T","E","?","?","E","M","R","BOSS","M","?","$","?","?","E","M","R","T","R","M","?","E","?","R","BOSS","M","M","M","?","M","E","R","E","T","M","M","R","M","?","R","BOSS","BOSS","R","$","E","BOSS"],"build_version":"2019-01-23","purchased_purges":2,"victory":false,"max_hp_per_floor":[82,82,82,82,82,82,82,82,82,82,82,82,82,82,82,82,82,85,85,85,85,85,88,88,88,88,88,92,97,100,103,103,103,103,106,111,114,114,117,120,120,137,137,137,137,137,137,137,137,140,143,143,143,143,143,143],"card_choices":[{"not_picked":["Shrug It Off","Twin Strike"],"picked":"Anger","floor":1.0},{"not_picked":["Heavy Blade","Warcry"],"picked":"Thunderclap","floor":2.0},{"not_picked":["Entrench","Hemokinesis"],"picked":"Spot Weakness","floor":3.0},{"not_picked":["Warcry","Heavy Blade"],"picked":"Juggernaut","floor":4.0},{"not_picked":["Armaments","Sword Boomerang"],"picked":"Shrug It Off","floor":7.0},{"not_picked":["Clothesline","Carnage"],"picked":"Feel No Pain","floor":10.0},{"not_picked":["Blood for Blood","Cleave","Anger"],"picked":"SKIP","floor":12.0},{"not_picked":["Combust","Clothesline"],"picked":"Warcry","floor":13.0},{"not_picked":["Warcry","Heavy Blade"],"picked":"Armaments","floor":14.0},{"not_picked":["Immolate","Brutality"],"picked":"Feed","floor":16.0},{"not_picked":["Thunderclap","Shrug It Off"],"picked":"Body Slam+1","floor":18.0},{"not_picked":["Havoc","Pommel Strike"],"picked":"Corruption","floor":21.0},{"not_picked":["Reckless Charge","Pommel Strike"],"picked":"Offering","floor":23.0},{"not_picked":["Intimidate","Clothesline"],"picked":"True Grit","floor":24.0},{"not_picked":["Intimidate","Clash","Iron Wave"],"picked":"SKIP","floor":28.0},{"not_picked":["Berserk+1","Body Slam"],"picked":"Shockwave","floor":30.0},{"not_picked":["Carnage","Rupture+1","Uppercut"],"picked":"Intimidate+1","floor":31.0},{"not_picked":["Fiend Fire","Bludgeon","Brutality+1"],"picked":"Juggernaut+1","floor":33.0},{"not_picked":["Sentinel","Whirlwind+1","Metallicize+1"],"picked":"Pummel","floor":35.0},{"not_picked":["Iron Wave","Flex+1","Pommel Strike","Armaments"],"picked":"SKIP","floor":36.0},{"not_picked":["Headbutt","Warcry","Sword Boomerang"],"picked":"Burning Pact+1","floor":37.0},{"not_picked":["Brutality+1","Headbutt","Flex"],"picked":"Flame Barrier","floor":39.0},{"not_picked":["Pommel Strike","Searing Blow","Anger"],"picked":"Spot Weakness","floor":40.0},{"not_picked":["Warcry","Clothesline","Anger"],"picked":"Burning Pact","floor":42.0},{"not_picked":["Second Wind","Pommel Strike","Flex+1"],"picked":"True Grit+1","floor":44.0},{"not_picked":["Body Slam","Sword Boomerang","Warcry","Combust+1"],"picked":"SKIP","floor":45.0},{"not_picked":["Twin Strike","Brutality+1","Berserk+1","Havoc+1"],"picked":"SKIP","floor":55}],"player_experience":766958,"relics_obtained":[{"floor":7.0,"key":"Ornamental Fan"},{"floor":8.0,"key":"Bag of Preparation"},{"floor":9.0,"key":"Letter Opener"},{"floor":10.0,"key":"Red Skull"},{"floor":13.0,"key":"Lantern"},{"floor":23.0,"key":"Frozen Egg 2"},{"floor":26.0,"key":"Bag of Marbles"},{"floor":30.0,"key":"Question Card"},{"floor":40.0,"key":"Ice Cream"},{"floor":42.0,"key":"Mango"},{"floor":55,"key":"Blood Vial"}],"event_choices":[{"damage_healed":0.0,"max_hp_gain":0.0,"max_hp_loss":0.0,"gold_gain":0.0,"event_name":"The Woman in Blue","player_choice":"Bought 3 Potions","floor":11.0,"gold_loss":0.0,"damage_taken":0.0},{"cards_removed":["Thunderclap"],"damage_healed":0.0,"max_hp_gain":0.0,"max_hp_loss":0.0,"gold_gain":0.0,"event_name":"WeMeetAgain","player_choice":"Gave Card","floor":19.0,"gold_loss":0.0,"damage_taken":0.0,"relics_obtained":["Mummified Hand"]},{"cards_removed":["Strike_R"],"damage_healed":0.0,"max_hp_gain":0.0,"max_hp_loss":0.0,"gold_gain":0.0,"event_name":"Beggar","player_choice":"Gave Gold","floor":22.0,"gold_loss":75.0,"damage_taken":0.0},{"damage_healed":0.0,"max_hp_gain":5.0,"max_hp_loss":0.0,"gold_gain":0.0,"event_name":"Forgotten Altar","player_choice":"Shed Blood","floor":29.0,"gold_loss":0.0,"damage_taken":32.0},{"damage_healed":23.0,"max_hp_gain":0.0,"max_hp_loss":0.0,"gold_gain":0.0,"event_name":"Winding Halls","player_choice":"Writhe","floor":38.0,"gold_loss":0.0,"damage_taken":0.0,"cards_obtained":["Writhe"]},{"damage_healed":0.0,"max_hp_gain":0.0,"max_hp_loss":0.0,"gold_gain":0.0,"event_name":"Tomb of Lord Red Mask","player_choice":"Ignored","floor":48.0,"gold_loss":0.0,"damage_taken":0.0}],"is_beta":false,"boss_relics":[{"not_picked":["Pandora\u0027s Box","Mark of Pain"],"picked":"Velvet Choker"},{"not_picked":["Black Star","White Beast Statue"],"picked":"Snecko Eye"}],"items_purged_floors":[20,54],"is_endless":false,"potions_floor_spawned":[2,3,7,14,23,30,31,33,35,36,39,42,45],"killed_by":"The Heart","ascension_level":20}