{"path_per_floor":["M","M","M","$","?","E","R","M","T","M","M","M","$","M","R","B",null,"M","?","M","?","M","R","$","R","T","E","$","M","R"],"character_chosen":"IRONCLAD","items_purchased":["Feed","Whirlwind","Combust","Fire Potion"],"gold_per_floor":[117,130,144,77,27,53,53,65,65,80,96,110,35,45,45,144,144,157,157,168,168,186,186,23,23,23,51,51,67,67,67],"floor_reached":31,"campfire_rested":4,"playtime":1349,"current_hp_per_floor":[80,80,80,80,80,66,66,54,54,56,56,54,54,47,77,48,103,103,103,106,74,36,59,59,78,78,37,37,22,46,0],"items_purged":["Strike_R"],"gold":67,"score":284,"play_id":"db730a96-5b71-4fee-aebd-6f6407c388b6","local_time":"20180415200623","is_prod":false,"is_daily":false,"chose_seed":false,"is_ascension_mode":false,"campfire_upgraded":1,"timestamp":1523837183,"path_taken":["M","M","?","$","?","E","R","M","T","M","M","M","$","M","R","BOSS","M","?","?","?","M","R","$","R","T","E","$","M","R","M"],"build_version":"2018-04-12","seed_source_timestamp":7128411788509,"purchased_purges":1,"victory":false,"master_deck":["Defend_R","Defend_R","Defend_R+1","Bash","Reckless Charge","Metallicize","Feed+1","Brutality","Pummel","Reckless Charge","Inflame","Immolate","Seeing Red+1","Barricade","Reckless Charge","Bite","Bite","Bite","Bite","Bite","Combust+1","Whirlwind","Combust","Combust+1"],"max_hp_per_floor":[80,80,80,80,80,83,83,87,87,91,95,99,99,103,103,103,103,103,103,107,74,78,78,78,78,78,82,82,82,82,82],"relics":["Black Blood","NeowsBlessing","Centennial Puzzle","Toolbox","Molten Egg 2","War Paint"],"card_choices":[{"not_picked":["Heavy Blade","Iron Wave"],"picked":"Reckless Charge","floor":1},{"not_picked":["Intimidate","Body Slam"],"picked":"Metallicize","floor":2},{"not_picked":["Cleave","Spot Weakness"],"picked":"Brutality","floor":6},{"not_picked":["Spot Weakness","Body Slam"],"picked":"Pummel","floor":10},{"not_picked":["Havoc","Dropkick"],"picked":"Reckless Charge","floor":12},{"not_picked":["True Grit","Anger"],"picked":"Inflame","floor":14},{"not_picked":["Exhume","Demon Form"],"picked":"Immolate","floor":16},{"not_picked":["Heavy Blade","Headbutt"],"picked":"Seeing Red","floor":18},{"not_picked":["Anger","Cleave"],"picked":"Reckless Charge","floor":20},{"not_picked":["Havoc","Clash"],"picked":"Combust","floor":22},{"not_picked":["Thunderclap","Entrench"],"picked":"Combust","floor":29}],"player_experience":645901,"potions_floor_usage":[6,16,16,16,18,27,27,27],"damage_taken":[{"damage":0,"enemies":"Cultist","floor":1,"turns":1},{"damage":0,"enemies":"Jaw Worm","floor":2,"turns":1},{"damage":0,"enemies":"2 Louse","floor":3,"turns":1},{"damage":23,"enemies":"3 Sentries","floor":6,"turns":8},{"damage":22,"enemies":"Large Slime","floor":8,"turns":6},{"damage":8,"enemies":"Blue Slaver","floor":10,"turns":2},{"damage":10,"enemies":"Red Slaver","floor":11,"turns":2},{"damage":12,"enemies":"Lots of Slimes","floor":12,"turns":5},{"damage":17,"enemies":"Large Slime","floor":14,"turns":7},{"damage":35,"enemies":"The Guardian","floor":16,"turns":10},{"damage":7,"enemies":"2 Thieves","floor":18,"turns":3},{"damage":11,"enemies":"Chosen","floor":20,"turns":4},{"damage":56,"enemies":"Centurion and Healer","floor":22,"turns":6},{"damage":59,"enemies":"Slavers","floor":27,"turns":5},{"damage":29,"enemies":"Snecko","floor":29,"turns":5},{"damage":56,"enemies":"Chosen and Byrds","floor":31,"turns":5}],"event_choices":[{"event_name":"The Cleric","player_choice":"Card Removal","floor":5,"damage_taken":0},{"event_name":"Transmorgrifier","player_choice":"Transform","floor":19,"damage_taken":0},{"event_name":"Vampires","player_choice":"Became a vampire","floor":21,"damage_taken":0}],"boss_relics":[{"not_picked":["Astrolabe","Lizard Tail"],"picked":"Black Blood"}],"potions_floor_spawned":[2,10,12,14,16,20,22],"seed_played":"-3172524727578757260","killed_by":"Chosen and Byrds","ascension_level":0,"is_trial":false}