{"path_per_floor":["M","M","M","$","M","M","R","?","T","?","E","T","M","E","R","B",null,"M","?","$","M","?","R","E","R","T","?","M"],"character_chosen":"IRONCLAD","items_purchased":["Entrench","Thread and Needle","Flex"],"gold_per_floor":[115,134,154,74,84,103,103,156,156,156,188,188,199,226,226,330,330,343,343,0,16,16,16,50,50,73,73,86],"floor_reached":29,"campfire_rested":2,"playtime":1421,"current_hp_per_floor":[72,72,72,72,66,52,52,52,52,52,50,50,50,49,70,17,72,65,65,65,66,66,66,28,49,49,33,33],"items_purged":[],"gold":86,"score":253,"play_id":"af212883-7008-4cea-83e9-828b2df20f1e","local_time":"20180310000156","is_prod":false,"is_daily":false,"is_ascension_mode":false,"campfire_upgraded":2,"timestamp":1520658116,"path_taken":["M","M","M","$","M","M","R","?","T","?","E","?","M","E","R","BOSS","M","?","$","M","?","R","E","R","T","?","M","M"],"build_version":"2018-03-01-PROD1","purchased_purges":0,"victory":false,"master_deck":["Strike_R","Strike_R","Strike_R","Strike_R","Defend_R+1","Defend_R","Defend_R","Defend_R","Flame Barrier","Sever Soul","Barricade+1","Flex+1","Perfected Strike","Entrench","Body Slam","Cleave","Regret","Perfected Strike","Dual Wield","Flame Barrier","Demon Form+1","Shrug It Off+1","Flex","Thunderclap","Spot Weakness","Pain","Fiend Fire"],"max_hp_per_floor":[72,72,72,72,72,72,72,72,72,72,72,72,72,72,72,72,72,72,72,72,72,72,72,72,72,72,72,72],"relics":["Burning Blood","War Paint","Orichalcum","Juzu Bracelet","Gambling Chip","Pen Nib","Cursed Key","Thread and Needle","Unceasing Top","Bag of Marbles","Enchiridion"],"card_choices":[{"not_picked":["Thunderclap","Corruption"],"picked":"Barricade"},{"not_picked":["Perfected Strike","Bloodletting"],"picked":"Flex"},{"not_picked":["Armaments","Heavy Blade"],"picked":"Perfected Strike"},{"not_picked":["Shrug It Off","Warcry"],"picked":"Body Slam"},{"not_picked":["Reckless Charge","Warcry"],"picked":"Cleave"},{"not_picked":["Pommel Strike","Havoc"],"picked":"Perfected Strike"},{"not_picked":["Battle Trance","Havoc"],"picked":"Dual Wield"},{"not_picked":["Reckless Charge","Iron Wave"],"picked":"Flame Barrier"},{"not_picked":["Barricade","Berserk"],"picked":"Demon Form"},{"not_picked":["Intimidate","Clothesline"],"picked":"Shrug It Off"},{"not_picked":["Headbutt","Sentinel"],"picked":"Thunderclap"},{"not_picked":["True Grit","Rage"],"picked":"Spot Weakness"},{"not_picked":["Thunderclap","Inflame"],"picked":"Fiend Fire"}],"player_experience":379314,"potions_floor_usage":[3,11,11,16,18,24,29],"damage_taken":[{"damage":5,"enemies":"2 Louse","floor":1,"turns":2},{"damage":0,"enemies":"Small Slimes","floor":2,"turns":5},{"damage":0,"enemies":"Cultist","floor":3,"turns":5},{"damage":12,"enemies":"3 Louse","floor":5,"turns":5},{"damage":20,"enemies":"Looter","floor":6,"turns":4},{"damage":8,"enemies":"3 Sentries","floor":11,"turns":7},{"damage":6,"enemies":"Blue Slaver","floor":13,"turns":4},{"damage":7,"enemies":"Lagavulin","floor":14,"turns":6},{"damage":59,"enemies":"Hexaghost","floor":16,"turns":13},{"damage":13,"enemies":"2 Thieves","floor":18,"turns":4},{"damage":5,"enemies":"3 Byrds","floor":21,"turns":4},{"damage":44,"enemies":"Slavers","floor":24,"turns":8},{"damage":6,"enemies":"3 Cultists","floor":28,"turns":4},{"damage":34,"enemies":"Sentry and Sphere","floor":29,"turns":7}],"event_choices":[{"event_name":"Golden Wing","player_choice":"Gained Gold","floor":8,"damage_taken":0},{"event_name":"Big Fish","player_choice":"Box","floor":10,"damage_taken":0},{"event_name":"Vampires","player_choice":"Ignored","floor":19,"damage_taken":0},{"event_name":"Beggar","player_choice":"Ignored","floor":22,"damage_taken":0},{"event_name":"Cursed Tome","player_choice":"Obtained Book","floor":27,"damage_taken":0}],"boss_relics":[{"not_picked":["Lizard Tail","Black Star"],"picked":"Cursed Key"}],"potions_floor_spawned":[1,5,6,14,16,21,28],"seed_played":"7578958745655514893","killed_by":"Sentry and Sphere","ascension_level":0,"is_trial":false}