{"path_per_floor":["M","M","?","$","M","R","M","M","T","?","?","M","R","M","R","B",null,"M","?","$","?","M"],"character_chosen":"IRONCLAD","items_purchased":["Iron Wave","Mind Blast"],"gold_per_floor":[119,130,130,55,71,71,86,106,131,131,131,146,146,158,158,255,255,269,269,53,33,43,43],"floor_reached":23,"campfire_rested":0,"playtime":1252,"current_hp_per_floor":[80,80,80,80,80,80,80,80,80,80,77,75,75,77,77,26,80,69,40,40,40,39,0],"items_purged":["Strike_R","Strike_R"],"gold":43,"score":226,"play_id":"c6480c08-dc64-4d51-87ea-45433d00ac39","local_time":"20180424191902","is_prod":false,"is_daily":false,"chose_seed":false,"is_ascension_mode":true,"campfire_upgraded":3,"timestamp":1524611942,"path_taken":["M","M","?","$","M","R","M","M","T","?","?","?","R","M","R","BOSS","M","?","$","?","M","E"],"build_version":"2018-04-19","seed_source_timestamp":781973267655595,"purchased_purges":2,"victory":false,"master_deck":["Strike_R","Defend_R","Defend_R","Defend_R","Defend_R","Bash","Iron Wave","Seeing Red+1","Body Slam+1","Flame Barrier","Pommel Strike","Body Slam+1","Shockwave","Fiend Fire","Whirlwind","Ghostly","Ghostly","Ghostly","Ghostly","Ghostly","Iron Wave","Mind Blast","Disarm+1"],"max_hp_per_floor":[80,80,80,80,80,80,80,80,80,80,80,80,80,80,80,80,80,80,40,40,40,40,40],"relics":["Burning Blood","NeowsBlessing","Pen Nib","Regal Pillow","Mark of Pain"],"card_choices":[{"not_picked":["Shrug It Off","Battle Trance"],"picked":"Iron Wave","floor":1},{"not_picked":["Burning Pact","Uppercut"],"picked":"Seeing Red","floor":2},{"not_picked":["Uppercut","Power Through"],"picked":"Body Slam","floor":5},{"not_picked":["Pommel Strike","Headbutt"],"picked":"Flame Barrier","floor":7},{"not_picked":["Iron Wave","Anger"],"picked":"Body Slam","floor":12},{"not_picked":["Thunderclap","Sentinel"],"picked":"Shockwave","floor":14},{"not_picked":["Bludgeon","Exhume"],"picked":"Fiend Fire","floor":16},{"not_picked":["Flex","Clash"],"picked":"Whirlwind","floor":18},{"not_picked":["Clash","Searing Blow"],"picked":"Disarm","floor":22}],"player_experience":749502,"potions_floor_usage":[7,14,16,22,22],"damage_taken":[{"damage":0,"enemies":"2 Louse","floor":1,"turns":1},{"damage":0,"enemies":"Jaw Worm","floor":2,"turns":1},{"damage":0,"enemies":"Cultist","floor":5,"turns":1},{"damage":1,"enemies":"Looter","floor":7,"turns":3},{"damage":6,"enemies":"3 Louse","floor":8,"turns":5},{"damage":8,"enemies":"Blue Slaver","floor":12,"turns":2},{"damage":4,"enemies":"Red Slaver","floor":14,"turns":2},{"damage":57,"enemies":"Hexaghost","floor":16,"turns":12},{"damage":17,"enemies":"Shell Parasite","floor":18,"turns":6},{"damage":7,"enemies":"3 Byrds","floor":22,"turns":7},{"damage":46,"enemies":"Gremlin Leader","floor":23,"turns":9}],"event_choices":[{"event_name":"Living Wall","player_choice":"Forget","floor":3,"damage_taken":0},{"event_name":"Transmorgrifier","player_choice":"Transform","floor":10,"damage_taken":0},{"event_name":"Scrap Ooze","player_choice":"success","floor":11,"damage_taken":3},{"event_name":"Ghosts","player_choice":"Became a Ghost","floor":19,"damage_taken":0},{"event_name":"The Woman in Blue","player_choice":"Bought 1 Potion","floor":21,"damage_taken":0}],"boss_relics":[{"not_picked":["Sozu","Pandora\u0027s Box"],"picked":"Mark of Pain"}],"potions_floor_spawned":[5,12,14,16,18],"seed_played":"6456103201834608586","killed_by":"Gremlin Leader","ascension_level":2,"is_trial":false}