{"gold_per_floor":[116,116,127,138,156,156,172,207,207,220,220,66,66,95,95,95],"floor_reached":16,"playtime":416,"items_purged":[],"score":224,"play_id":"c5b5c4a0-ec57-4349-942c-6bfa0d547d59","local_time":"20181122102211","is_ascension_mode":true,"campfire_choices":[{"floor":6,"key":"REST"},{"floor":13,"key":"REST"},{"data":"Biased Cognition","floor":15,"key":"SMITH"}],"neow_cost":"PERCENT_DAMAGE","seed_source_timestamp":718476572706076,"circlet_count":0,"master_deck":["AscendersBane","Strike_B","Strike_B","Strike_B","Strike_B","Defend_B","Defend_B","Defend_B","Defend_B","Zap+1","Dualcast","FTL","Ball Lightning","Rip and Tear","Biased Cognition+1","All For One+1","Glacier"],"relics":["Cracked Core","Molten Egg 2","Regal Pillow","Orichalcum"],"potions_floor_usage":[8,10,14],"damage_taken":[{"damage":7,"enemies":"Jaw Worm","floor":1,"turns":4},{"damage":2,"enemies":"Cultist","floor":3,"turns":4},{"damage":1,"enemies":"Small Slimes","floor":4,"turns":4},{"damage":37,"enemies":"Exordium Thugs","floor":5,"turns":5},{"damage":16,"enemies":"3 Louse","floor":7,"turns":4},{"damage":8,"enemies":"Gremlin Nob","floor":8,"turns":3},{"damage":14,"enemies":"Lots of Slimes","floor":10,"turns":4},{"damage":23,"enemies":"Lagavulin","floor":14,"turns":4},{"damage":29,"enemies":"Slime Boss","floor":16,"turns":7}],"seed_played":"3918290288663248594","potions_obtained":[{"floor":4,"key":"Energy Potion"},{"floor":7,"key":"Fire Potion"},{"floor":8,"key":"Block Potion"}],"is_trial":false,"path_per_floor":["M","?","M","M","M","R","M","E","T","M","?","$","R","E","R","B"],"character_chosen":"DEFECT","items_purchased":["All For One+1"],"campfire_rested":2,"item_purchase_floors":[12],"current_hp_per_floor":[53,58,56,55,18,43,27,19,19,5,5,5,45,22,22,0],"gold":95,"neow_bonus":"TWENTY_PERCENT_HP_BONUS","is_prod":false,"is_daily":false,"chose_seed":false,"campfire_upgraded":1,"win_rate":0,"timestamp":1542907331,"path_taken":["M","?","M","?","M","R","M","E","T","M","?","?","R","E","R","BOSS"],"build_version":"2018-11-15","purchased_purges":0,"victory":false,"max_hp_per_floor":[85,85,85,85,85,85,85,85,85,85,85,85,85,85,85,85],"card_choices":[{"not_picked":["Barrage","Aggregate"],"picked":"Conserve Battery","floor":1},{"not_picked":["Gash","Barrage"],"picked":"FTL","floor":3},{"not_picked":["Storm","Streamline"],"picked":"Ball Lightning","floor":4},{"not_picked":["White Noise","Go for the Eyes"],"picked":"Rip and Tear","floor":5},{"not_picked":["Beam Cell","Static Discharge","Hologram"],"picked":"SKIP","floor":7},{"not_picked":["Go for the Eyes","Undo"],"picked":"Biased Cognition","floor":8},{"not_picked":["Beam Cell+1","Stack","Rebound+1"],"picked":"SKIP","floor":10},{"not_picked":["Rebound+1","Barrage+1"],"picked":"Glacier","floor":14}],"player_experience":650058,"relics_obtained":[{"floor":8,"key":"Molten Egg 2"},{"floor":9,"key":"Regal Pillow"},{"floor":14,"key":"Orichalcum"}],"event_choices":[{"cards_removed":["Conserve Battery"],"damage_healed":5,"gold_gain":0,"player_choice":"Offered Common","damage_taken":0,"max_hp_gain":0,"max_hp_loss":0,"event_name":"Bonfire Elementals","floor":2,"gold_loss":0},{"cards_removed":["Conserve Battery"],"damage_healed":5,"gold_gain":0,"player_choice":"Offered Special","damage_taken":0,"max_hp_gain":0,"max_hp_loss":0,"event_name":"Bonfire Elementals","floor":2,"gold_loss":0},{"damage_healed":0,"gold_gain":0,"player_choice":"Forge","damage_taken":0,"max_hp_gain":0,"max_hp_loss":0,"event_name":"Accursed Blacksmith","floor":11,"gold_loss":0,"cards_upgraded":["Zap"]}],"is_beta":false,"boss_relics":[],"items_purged_floors":[],"is_endless":false,"potions_floor_spawned":[4,7,8],"killed_by":"Slime Boss","ascension_level":20}