{"path_per_floor":["M","M","M","$","?","E","R","M","T","M","M","M","$","?","R","B",null,"M","?","M","?","M"],"character_chosen":"IRONCLAD","items_purchased":["Madness","Spot Weakness"],"gold_per_floor":[113,129,147,54,54,79,79,98,98,116,130,140,67,97,97,193,193,207,107,117,117,133],"floor_reached":23,"campfire_rested":2,"playtime":1506,"current_hp_per_floor":[46,51,55,55,55,30,54,42,42,18,21,19,19,19,58,11,80,65,65,68,68,31],"items_purged":[],"gold":133,"score":195,"play_id":"4c272ea0-0e6e-4c0d-91fc-6facc4b5e46d","local_time":"20180304051439","is_prod":false,"is_daily":false,"is_ascension_mode":false,"campfire_upgraded":0,"timestamp":1520158479,"path_taken":["M","M","M","$","?","E","R","M","T","M","M","?","$","?","R","BOSS","M","?","?","?","M","M"],"build_version":"2018-03-01-PROD1","purchased_purges":0,"victory":false,"master_deck":["Bash","Inflame","Armaments","Shockwave","Dropkick","Carnage","Madness","Uppercut","True Grit","True Grit","Bloodletting","Immolate","Spot Weakness","Fiend Fire","Heavy Blade","Fire Breathing","Sever Soul","Wild Strike","Iron Wave","Cleave","Wild Strike","J.A.X.","Ghostly Armor","Thunderclap"],"max_hp_per_floor":[80,80,80,80,80,80,80,80,80,80,80,80,80,80,80,80,80,80,80,80,80,80],"relics":["Burning Blood","Regal Pillow","Pandora\u0027s Box","Nloth\u0027s Gift"],"card_choices":[{"not_picked":["Anger","Twin Strike"],"picked":"Shockwave"},{"not_picked":["Rage","Disarm"],"picked":"Dropkick"},{"not_picked":["Blood for Blood","Sword Boomerang"],"picked":"Carnage"},{"not_picked":["Sword Boomerang","Havoc"],"picked":"Uppercut"},{"not_picked":["Twin Strike","Warcry"],"picked":"True Grit"},{"not_picked":["Body Slam","Blood for Blood"],"picked":"True Grit"},{"not_picked":["Intimidate","Blood for Blood"],"picked":"Bloodletting"},{"not_picked":["Shockwave","Thunderclap"],"picked":"Immolate"},{"not_picked":["Bludgeon","Dark Embrace"],"picked":"Fiend Fire"},{"not_picked":["Havoc","Hemokinesis"],"picked":"Wild Strike"},{"not_picked":["Clothesline","Headbutt"],"picked":"Ghostly Armor"},{"not_picked":["Shrug It Off","Burning Pact"],"picked":"Thunderclap"}],"player_experience":232103,"potions_floor_usage":[2,6,10,11,16,20],"damage_taken":[{"damage":0,"enemies":"Small Slimes","floor":1,"turns":5},{"damage":1,"enemies":"Cultist","floor":2,"turns":4},{"damage":2,"enemies":"2 Louse","floor":3,"turns":4},{"damage":31,"enemies":"Lagavulin","floor":6,"turns":5},{"damage":18,"enemies":"Exordium Wildlife","floor":8,"turns":4},{"damage":30,"enemies":"Exordium Thugs","floor":10,"turns":5},{"damage":3,"enemies":"2 Fungi Beasts","floor":11,"turns":3},{"damage":8,"enemies":"Large Slime","floor":12,"turns":6},{"damage":53,"enemies":"The Guardian","floor":16,"turns":9},{"damage":21,"enemies":"3 Byrds","floor":18,"turns":3},{"damage":3,"enemies":"Chosen","floor":20,"turns":4},{"damage":43,"enemies":"Centurion and Healer","floor":22,"turns":8},{"damage":45,"enemies":"Chosen and Byrds","floor":23,"turns":5}],"event_choices":[{"event_name":"Purifier","player_choice":"One Purge","floor":5,"damage_taken":0},{"event_name":"Dead Adventurer","player_choice":"Searched \u00272\u0027 times","floor":14,"damage_taken":0},{"event_name":"Drug Dealer","player_choice":"Got JAXXED","floor":19,"damage_taken":0},{"event_name":"N\u0027loth","player_choice":"Traded a Bronze Scales","floor":21,"damage_taken":0}],"boss_relics":[{"not_picked":["Black Blood","Question Card"],"picked":"Pandora\u0027s Box"}],"potions_floor_spawned":[1,3,8,10,12,18],"seed_played":"-3126685611041916987","killed_by":"Chosen and Byrds","ascension_level":0,"is_trial":false}