{"gold_per_floor":[116,129,143,161,172,172,182,182,182,196,196,196,222,237,237,340,340,354,373,386,404,423,453,453,453],"floor_reached":25,"playtime":1010,"items_purged":[],"score":277,"play_id":"4481a744-214b-4a6d-a6c0-4c7d90d8d074","local_time":"20190415201606","is_ascension_mode":true,"campfire_choices":[{"floor":6,"key":"REST"},{"floor":8,"key":"REST"},{"floor":11,"key":"REST"},{"floor":15,"key":"REST"},{"floor":24,"key":"REST"}],"neow_cost":"NONE","seed_source_timestamp":27736642036900,"circlet_count":0,"master_deck":["Zap+1","Dualcast","FTL","Rip and Tear","White Noise","Storm","Redo","Consume+1","Storm","Capacitor","White Noise","Amplify","Buffer","Stack","Rebound","Rip and Tear","Machine Learning","Amplify","Steam","Electrodynamics","Chill","Chaos","Loop","Echo Form","Conserve Battery","Cold Snap"],"relics":["Cracked Core","Vajra","Mango","Pandora\u0027s Box","Ancient Tea Set"],"potions_floor_usage":[5,13,13,14,19,20],"damage_taken":[{"damage":6,"enemies":"2 Louse","floor":1,"turns":2},{"damage":0,"enemies":"Cultist","floor":2,"turns":2},{"damage":10,"enemies":"Small Slimes","floor":3,"turns":3},{"damage":7,"enemies":"Looter","floor":4,"turns":3},{"damage":32,"enemies":"Exordium Thugs","floor":5,"turns":3},{"damage":14,"enemies":"3 Louse","floor":7,"turns":2},{"damage":20,"enemies":"Lots of Slimes","floor":10,"turns":3},{"damage":10,"enemies":"Lagavulin","floor":13,"turns":4},{"damage":13,"enemies":"Large Slime","floor":14,"turns":4},{"damage":42,"enemies":"Hexaghost","floor":16,"turns":6},{"damage":3,"enemies":"Chosen","floor":18,"turns":4},{"damage":13,"enemies":"Shell Parasite","floor":19,"turns":4},{"damage":14,"enemies":"Snake Plant","floor":20,"turns":2},{"damage":0,"enemies":"Snecko","floor":21,"turns":3},{"damage":35,"enemies":"Centurion and Healer","floor":22,"turns":6},{"damage":15,"enemies":"Gremlin Leader","floor":23,"turns":6},{"damage":41,"enemies":"Book of Stabbing","floor":25,"turns":4}],"seed_played":"-3231499100491402016","potions_obtained":[{"floor":2,"key":"FearPotion"},{"floor":4,"key":"Swift Potion"},{"floor":5,"key":"SpeedPotion"},{"floor":13,"key":"Fire Potion"},{"floor":18,"key":"EssenceOfSteel"},{"floor":19,"key":"SkillPotion"}],"is_trial":false,"path_per_floor":["M","M","M","M","M","R","M","R","T","M","R","?","E","M","R","B",null,"M","M","M","M","M","E","R","E"],"character_chosen":"DEFECT","items_purchased":[],"campfire_rested":5,"item_purchase_floors":[],"current_hp_per_floor":[69,69,59,52,20,42,28,50,50,30,52,52,56,43,69,27,89,86,73,59,59,24,9,35,0],"gold":453,"neow_bonus":"UPGRADE_CARD","is_prod":false,"is_daily":false,"chose_seed":false,"campfire_upgraded":0,"win_rate":0,"timestamp":1555373766,"path_taken":["M","M","M","M","M","R","M","R","T","M","R","?","E","?","R","BOSS","M","M","M","M","M","E","R","E"],"build_version":"2019-04-04","purchased_purges":0,"victory":false,"max_hp_per_floor":[75,75,75,75,75,75,75,75,75,75,75,75,89,89,89,89,89,89,89,89,89,89,89,89,89],"card_choices":[{"not_picked":["Leap","Lockon"],"picked":"FTL","floor":1},{"not_picked":["Turbo","Stack"],"picked":"Rip and Tear","floor":2},{"not_picked":["Beam Cell","Rebound"],"picked":"White Noise","floor":3},{"not_picked":["Blizzard","Stack"],"picked":"Storm","floor":4},{"not_picked":["Multi-Cast","Rebound"],"picked":"Redo","floor":5},{"not_picked":["Barrage","Leap"],"picked":"Consume","floor":7},{"not_picked":["Chaos","Beam Cell"],"picked":"Storm","floor":10},{"not_picked":["Steam","Recycle"],"picked":"Capacitor","floor":13},{"not_picked":["Sweeping Beam","Gash"],"picked":"White Noise","floor":14},{"not_picked":["Rainbow","Meteor Strike"],"picked":"Amplify","floor":16},{"not_picked":["Turbo","Cold Snap+1"],"picked":"Chill","floor":18},{"not_picked":["Sweeping Beam","Streamline"],"picked":"Chaos","floor":19},{"not_picked":["Rebound","Chill"],"picked":"Loop","floor":20},{"not_picked":["Steam Power+1","Streamline"],"picked":"Echo Form","floor":21},{"not_picked":["Hologram","Coolheaded"],"picked":"Conserve Battery","floor":22},{"not_picked":["Beam Cell","Reprogram"],"picked":"Cold Snap","floor":23}],"player_experience":800811,"relics_obtained":[{"floor":9,"key":"Vajra"},{"floor":13,"key":"Mango"},{"floor":23,"key":"Ancient Tea Set"}],"event_choices":[{"damage_healed":0,"gold_gain":0,"player_choice":"Upgraded","damage_taken":0,"max_hp_gain":0,"max_hp_loss":0,"event_name":"Upgrade Shrine","floor":12,"gold_loss":0,"cards_upgraded":["Consume"]}],"is_beta":true,"boss_relics":[{"not_picked":["Nuclear Battery","Cursed Key"],"picked":"Pandora\u0027s Box"}],"items_purged_floors":[],"is_endless":false,"potions_floor_spawned":[2,4,5,13,18,19],"killed_by":"Book of Stabbing","ascension_level":4}