{"path_per_floor":["?","?","?","?","?","?","?","?","?","?","?","?","?","?","?","B",null,"?","?","?","?","?","?","?"],"character_chosen":"IRONCLAD","items_purchased":["Bludgeon"],"gold_per_floor":[114,129,144,56,6,6,6,6,81,96,96,156,206,221,221,321,321,336,336,351,366,381,381,396],"floor_reached":25,"campfire_rested":0,"playtime":8005,"current_hp_per_floor":[80,80,80,80,80,80,80,80,80,80,80,76,76,74,74,35,80,67,67,55,53,44,44,14],"items_purged":[],"gold":396,"score":205,"play_id":"91d17f4d-37d5-42ff-b3ea-5d1d3d488034","local_time":"20180302062040","daily_mods":[{"name":"Diverse","description":"Start with 2 cards from another class.","modID":"Diverse","img":{"data":{"file":{"file":{"path":"images\\ui\\run_mods\\diverse.png"},"type":"Internal"},"width":64,"height":64,"format":"RGBA8888","useMipMaps":false,"isPrepared":false},"glTarget":3553,"glHandle":685,"minFilter":"Linear","magFilter":"Linear","uWrap":"ClampToEdge","vWrap":"ClampToEdge"},"positive":true},{"name":"Uncertain Future","description":"The map shows only ?.","modID":"Uncertain Future","img":{"data":{"file":{"file":{"path":"images\\ui\\run_mods\\uncertain_future.png"},"type":"Internal"},"width":64,"height":64,"format":"RGBA8888","useMipMaps":false,"isPrepared":false},"glTarget":3553,"glHandle":679,"minFilter":"Linear","magFilter":"Linear","uWrap":"ClampToEdge","vWrap":"ClampToEdge"},"positive":false},{"name":"Binary","description":"Card rewards contain only 2 cards.","modID":"Binary","img":{"data":{"file":{"file":{"path":"images\\ui\\run_mods\\binary.png"},"type":"Internal"},"width":64,"height":64,"format":"RGBA8888","useMipMaps":false,"isPrepared":false},"glTarget":3553,"glHandle":680,"minFilter":"Linear","magFilter":"Linear","uWrap":"ClampToEdge","vWrap":"ClampToEdge"},"positive":false},{"name":"Vintage","description":"The Merchant\u0027s prices are increased by 25%.","modID":"Vintage","img":{"data":{"file":{"file":{"path":"images\\ui\\run_mods\\vintage.png"},"type":"Internal"},"width":64,"height":64,"format":"RGBA8888","useMipMaps":false,"isPrepared":false},"glTarget":3553,"glHandle":677,"minFilter":"Linear","magFilter":"Linear","uWrap":"ClampToEdge","vWrap":"ClampToEdge"},"positive":false}],"is_prod":false,"is_daily":true,"is_ascension_mode":false,"campfire_upgraded":4,"timestamp":1519989640,"path_taken":["?","?","?","?","?","?","?","?","?","?","?","?","?","?","?","BOSS","?","?","?","?","?","?","?","?"],"build_version":"2018-03-01-PROD1","purchased_purges":0,"victory":false,"master_deck":["Strike_R","Strike_R","Strike_R","Strike_R","Strike_R","Defend_R","Defend_R","Defend_R","Defend_R","Bouncing Flask+1","Bouncing Flask+1","Clash","Body Slam","Sentinel","Bludgeon+1","Wild Strike","Sword Boomerang","Heavy Blade+1","Limit Break+1","Cleave+1","Spot Weakness","Infernal Blade","Clash","Burning Pact+1","Thunderclap"],"max_hp_per_floor":[80,80,80,80,80,80,80,80,80,80,80,80,80,80,80,80,80,80,80,80,80,80,80,80],"relics":["Burning Blood","Gremlin Horn","Tiny Chest","Regal Pillow","Cursed Key"],"card_choices":[{"not_picked":["Warcry"],"picked":"Clash"},{"not_picked":["Battle Trance"],"picked":"Body Slam"},{"not_picked":["Body Slam"],"picked":"Sentinel"},{"not_picked":["Shrug It Off"],"picked":"Wild Strike"},{"not_picked":["Feel No Pain"],"picked":"Sword Boomerang"},{"not_picked":["Iron Wave"],"picked":"Heavy Blade"},{"not_picked":["Impervious"],"picked":"Limit Break"},{"not_picked":["Perfected Strike"],"picked":"Cleave"},{"not_picked":["Perfected Strike"],"picked":"Infernal Blade"},{"not_picked":["Anger"],"picked":"Clash"},{"not_picked":["Rampage"],"picked":"Burning Pact"},{"not_picked":["Warcry"],"picked":"Thunderclap"}],"player_experience":203312,"potions_floor_usage":[10,10,12,12,18,21,22],"damage_taken":[{"damage":6,"enemies":"Cultist","floor":1,"turns":3},{"damage":1,"enemies":"Jaw Worm","floor":2,"turns":3},{"damage":2,"enemies":"Small Slimes","floor":3,"turns":3},{"damage":1,"enemies":"2 Fungi Beasts","floor":10,"turns":2},{"damage":13,"enemies":"Gremlin Nob","floor":12,"turns":3},{"damage":8,"enemies":"Red Slaver","floor":14,"turns":2},{"damage":45,"enemies":"Slime Boss","floor":16,"turns":9},{"damage":19,"enemies":"3 Byrds","floor":18,"turns":5},{"damage":18,"enemies":"Chosen","floor":20,"turns":3},{"damage":8,"enemies":"Snecko","floor":21,"turns":4},{"damage":15,"enemies":"Cultist and Chosen","floor":22,"turns":4},{"damage":36,"enemies":"Slaver and Parasite","floor":24,"turns":5},{"damage":18,"enemies":"Snake Plant","floor":25,"turns":2}],"event_choices":[{"event_name":"The Cleric","player_choice":"Card Removal","floor":5,"damage_taken":0},{"event_name":"The Lab","player_choice":"Got Potions","floor":7,"damage_taken":0},{"event_name":"The Library","player_choice":"Read","floor":19,"damage_taken":0},{"event_name":"Upgrade Shrine","player_choice":"Upgraded","floor":23,"damage_taken":0}],"boss_relics":[{"not_picked":["Question Card","Velvet Choker"],"picked":"Cursed Key"}],"potions_floor_spawned":[2,3,10,16,20,21],"seed_played":"-4064848218327866266","killed_by":"Snake Plant","ascension_level":0,"is_trial":false}