{"path_per_floor":["M","?","?","M","T","E","$","M","T","E","R","?","M","M","R","B",null,"M","?","M","$","M","?","R"],"character_chosen":"IRONCLAD","items_purchased":["Inflame","Dream Catcher","Impervious","Inflame"],"gold_per_floor":[110,185,185,203,203,244,10,28,28,67,67,242,265,235,235,366,404,423,423,348,47,68,68,68,68],"floor_reached":25,"campfire_rested":3,"playtime":1384,"current_hp_per_floor":[80,69,49,55,55,61,61,53,53,63,87,87,81,84,87,14,92,63,63,54,54,49,49,76,0],"items_purged":["Doubt"],"gold":68,"score":255,"play_id":"51963307-97ab-46cf-a869-ea3b85f58994","local_time":"20180423194859","is_prod":false,"is_daily":false,"chose_seed":false,"is_ascension_mode":true,"campfire_upgraded":0,"timestamp":1524527339,"path_taken":["M","?","?","M","?","E","$","M","T","E","R","?","M","?","R","BOSS","M","?","M","?","M","?","R","?"],"build_version":"2018-04-19","seed_source_timestamp":697225364023290,"purchased_purges":1,"victory":false,"master_deck":["Strike_R+1","Strike_R","Strike_R","Strike_R","Strike_R","Defend_R","Defend_R+1","Defend_R+1","Defend_R","Bash","Iron Wave","Whirlwind","Metallicize","Inflame","Iron Wave","Barricade+1","Ghostly Armor","Ghostly Armor","Reaper","Impervious","Inflame"],"max_hp_per_floor":[80,80,80,80,80,80,80,80,80,87,87,87,87,87,87,87,92,92,92,92,92,92,92,92,92],"relics":["Burning Blood","Golden Idol","Art of War","War Paint","Dream Catcher","Bottled Tornado","Strawberry","Tiny House","Nloth\u0027s Gift"],"card_choices":[{"not_picked":["Infernal Blade","Sentinel"],"picked":"Iron Wave","floor":1},{"not_picked":["Body Slam","Havoc"],"picked":"Whirlwind","floor":4},{"not_picked":["Armaments","Clash"],"picked":"Metallicize","floor":6},{"not_picked":["Havoc","Body Slam"],"picked":"Iron Wave","floor":8},{"not_picked":["Ghostly Armor","Warcry"],"picked":"Barricade","floor":10},{"not_picked":["Hemokinesis","Iron Wave"],"picked":"Ghostly Armor","floor":13},{"not_picked":["True Grit","Shrug It Off"],"picked":"Ghostly Armor","floor":17},{"not_picked":["Inflame","Clash"],"picked":"Reaper","floor":20}],"player_experience":722788,"potions_floor_usage":[10,18,20],"damage_taken":[{"damage":0,"enemies":"2 Louse","floor":1,"turns":1},{"damage":0,"enemies":"Small Slimes","floor":4,"turns":1},{"damage":0,"enemies":"Gremlin Nob","floor":6,"turns":1},{"damage":14,"enemies":"Cultist","floor":8,"turns":5},{"damage":3,"enemies":"3 Sentries","floor":10,"turns":9},{"damage":12,"enemies":"2 Fungi Beasts","floor":13,"turns":3},{"damage":3,"enemies":"Looter","floor":14,"turns":4},{"damage":79,"enemies":"Slime Boss","floor":16,"turns":18},{"damage":35,"enemies":"Spheric Guardian","floor":18,"turns":20},{"damage":15,"enemies":"2 Thieves","floor":20,"turns":5},{"damage":16,"enemies":"Snake Plant","floor":22,"turns":10},{"damage":83,"enemies":"Centurion and Healer","floor":25,"turns":12}],"event_choices":[{"event_name":"World of Goop","player_choice":"Gather Gold","floor":2,"damage_taken":0},{"event_name":"Golden Idol","player_choice":"Take Damage","floor":3,"damage_taken":0},{"event_name":"Liars Game","player_choice":"agreed","floor":12,"damage_taken":0},{"event_name":"N\u0027loth","player_choice":"Traded a NeowsBlessing","floor":19,"damage_taken":0},{"event_name":"Accursed Blacksmith","player_choice":"Forge","floor":23,"damage_taken":0}],"boss_relics":[{"not_picked":["Velvet Choker","Mark of Pain"],"picked":"Tiny House"}],"potions_floor_spawned":[6,18],"seed_played":"-6954852778205134254","killed_by":"Centurion and Healer","ascension_level":2,"is_trial":false}