{"path_per_floor":["M","M","?","M","?","E","M","R","T","M","M","?","M","?","R","B",null,"M","$","M","M","?","R","?","M","T","R","M","M"],"character_chosen":"IRONCLAD","items_purchased":["Bottled Tornado","Gremlin Horn","Fiend Fire"],"gold_per_floor":[118,133,133,146,146,179,200,200,200,218,233,233,254,429,429,554,554,574,10,24,43,43,43,43,61,361,361,382,400],"floor_reached":30,"campfire_rested":3,"playtime":1284,"current_hp_per_floor":[78,80,80,80,74,37,35,57,57,63,58,74,74,74,74,20,74,57,57,36,29,29,51,51,39,39,61,43,21],"items_purged":[],"gold":400,"score":236,"play_id":"6ae65e17-910f-486f-8728-32af410960f6","local_time":"20180308165723","is_prod":false,"is_daily":false,"is_ascension_mode":false,"campfire_upgraded":1,"timestamp":1520546243,"path_taken":["M","M","?","M","?","E","M","R","T","M","M","?","?","?","R","BOSS","M","$","M","M","?","R","?","M","T","R","M","M","E"],"build_version":"2018-03-01-PROD1","purchased_purges":0,"victory":false,"master_deck":["Strike_R+1","Strike_R+1","Strike_R+1","Strike_R+1","Strike_R+1","Defend_R+1","Defend_R+1","Defend_R+1","Defend_R+1","Bash","Seeing Red","Twin Strike","Regret","Cleave","Bloodletting+1","Clash+1","Spot Weakness+1","Clothesline","Parasite","Offering+1","Doubt","Demon Form","Flex+1","Fiend Fire","Twin Strike+1","Limit Break+1","Spot Weakness+1","Iron Wave","Flame Barrier+1"],"max_hp_per_floor":[80,80,80,80,74,74,74,74,74,74,74,74,74,74,74,74,74,74,74,74,74,74,74,74,74,74,74,74,74],"relics":["Burning Blood","Oddly Smooth Stone","Golden Idol","Toxic Egg 2","Anchor","Mark of Pain","Bottled Tornado","Gremlin Horn","Old Coin"],"card_choices":[{"not_picked":["Twin Strike","Metallicize"],"picked":"Seeing Red"},{"not_picked":["Havoc","Intimidate"],"picked":"Twin Strike"},{"not_picked":["Blood for Blood","Body Slam"],"picked":"Cleave"},{"not_picked":["Thunderclap","Sword Boomerang"],"picked":"Bloodletting"},{"not_picked":["Cleave","Dropkick"],"picked":"Clash"},{"not_picked":["True Grit","Cleave"],"picked":"Spot Weakness"},{"not_picked":["Warcry","Battle Trance"],"picked":"Clothesline"},{"not_picked":["Spot Weakness","Ghostly Armor"],"picked":"Offering"},{"not_picked":["Offering","Reaper"],"picked":"Demon Form"},{"not_picked":["Corruption","Heavy Blade"],"picked":"Flex"},{"not_picked":["Battle Trance","Headbutt"],"picked":"Twin Strike"},{"not_picked":["Uppercut","Perfected Strike"],"picked":"Limit Break"},{"not_picked":["Body Slam","Perfected Strike"],"picked":"Spot Weakness"},{"not_picked":["Body Slam","Shrug It Off"],"picked":"Iron Wave"},{"not_picked":["Intimidate","Iron Wave"],"picked":"Flame Barrier"}],"player_experience":351454,"potions_floor_usage":[2,7,13,16,18,21],"damage_taken":[{"damage":8,"enemies":"Jaw Worm","floor":1,"turns":5},{"damage":2,"enemies":"2 Louse","floor":2,"turns":3},{"damage":3,"enemies":"Small Slimes","floor":4,"turns":3},{"damage":43,"enemies":"Gremlin Nob","floor":6,"turns":5},{"damage":8,"enemies":"3 Louse","floor":7,"turns":2},{"damage":0,"enemies":"Looter","floor":10,"turns":2},{"damage":11,"enemies":"Exordium Wildlife","floor":11,"turns":4},{"damage":0,"enemies":"Blue Slaver","floor":13,"turns":2},{"damage":60,"enemies":"Hexaghost","floor":16,"turns":9},{"damage":23,"enemies":"Chosen","floor":18,"turns":5},{"damage":27,"enemies":"Spheric Guardian","floor":20,"turns":4},{"damage":13,"enemies":"Snake Plant","floor":21,"turns":3},{"damage":18,"enemies":"Centurion and Healer","floor":25,"turns":5},{"damage":24,"enemies":"3 Cultists","floor":28,"turns":5},{"damage":28,"enemies":"Sentry and Sphere","floor":29,"turns":4},{"damage":30,"enemies":"Book of Stabbing","floor":30,"turns":3}],"event_choices":[{"event_name":"Big Fish","player_choice":"Box","floor":3,"damage_taken":0},{"event_name":"Golden Idol","player_choice":"Lose Max HP","floor":5,"damage_taken":0},{"event_name":"Mushrooms","player_choice":"Healed and dodged fight","floor":12,"damage_taken":0},{"event_name":"Liars Game","player_choice":"agreed","floor":14,"damage_taken":0},{"event_name":"Back to Basics","player_choice":"Simplicity","floor":22,"damage_taken":0},{"event_name":"Addict","player_choice":"Ignored","floor":24,"damage_taken":0}],"boss_relics":[{"not_picked":["Calling Bell","Tiny House"],"picked":"Mark of Pain"}],"potions_floor_spawned":[1,6,11,13,16,20,29],"seed_played":"2854112842053108981","killed_by":"Book of Stabbing","ascension_level":0,"is_trial":false}