{"gold_per_floor":[113,129,159,159,173,173,189,58,110,136,136,153,178,198,198,271,271,287,38,51,64,64,96,107,107,107,134,148,174,191,223,223,223],"floor_reached":33,"playtime":1461,"items_purged":["Strike_B"],"score":688,"play_id":"6cfdd2b4-e63d-4884-bc4d-b45dc5cbc701","local_time":"20190629212212","is_ascension_mode":true,"campfire_choices":[{"data":"Zap","floor":6.0,"key":"SMITH"},{"data":"Go for the Eyes","floor":11.0,"key":"SMITH"},{"data":"Coolheaded","floor":15.0,"key":"SMITH"},{"data":"Consume","floor":25.0,"key":"SMITH"},{"data":"Coolheaded","floor":32,"key":"SMITH"}],"neow_cost":"NONE","seed_source_timestamp":1566163911771925,"circlet_count":0,"master_deck":["AscendersBane","Strike_B","Strike_B","Defend_B","Defend_B","Defend_B+1","Defend_B","Zap+1","Dualcast+1","Compile Driver","Conserve Battery","Core Surge","Coolheaded+1","Go for the Eyes+1","Self Repair","Hologram","Compile Driver","Electrodynamics","FTL","Conserve Battery","Coolheaded","Consume+1","Seek","Coolheaded+1"],"special_seed":0,"relics":["Cracked Core","Tiny Chest","CultistMask","DataDisk","War Paint","Ginger","Runic Dome","OrangePellets","Singing Bowl","Smiling Mask","Pocketwatch","Red Mask","Molten Egg 2"],"potions_floor_usage":[31,33,33],"damage_taken":[{"damage":1.0,"enemies":"2 Louse","floor":1.0,"turns":2.0},{"damage":1.0,"enemies":"Cultist","floor":2.0,"turns":3.0},{"damage":6.0,"enemies":"Small Slimes","floor":5.0,"turns":4.0},{"damage":3.0,"enemies":"3 Louse","floor":7.0,"turns":4.0},{"damage":7.0,"enemies":"Lagavulin","floor":10.0,"turns":6.0},{"damage":2.0,"enemies":"Large Slime","floor":12.0,"turns":4.0},{"damage":27.0,"enemies":"3 Sentries","floor":13.0,"turns":11.0},{"damage":0.0,"enemies":"Looter","floor":14.0,"turns":3.0},{"damage":3.0,"enemies":"Hexaghost","floor":16.0,"turns":6.0},{"damage":2.0,"enemies":"2 Thieves","floor":18.0,"turns":4.0},{"damage":0.0,"enemies":"3 Byrds","floor":20.0,"turns":2.0},{"damage":6.0,"enemies":"3 Cultists","floor":21.0,"turns":3.0},{"damage":21.0,"enemies":"Slavers","floor":23.0,"turns":4.0},{"damage":15.0,"enemies":"Snake Plant","floor":24.0,"turns":3.0},{"damage":11.0,"enemies":"Book of Stabbing","floor":27.0,"turns":6.0},{"damage":8.0,"enemies":"Sentry and Sphere","floor":28.0,"turns":7.0},{"damage":0.0,"enemies":"Masked Bandits","floor":29.0,"turns":2.0},{"damage":0,"enemies":"Snecko","floor":30,"turns":5},{"damage":0,"enemies":"Gremlin Leader","floor":31,"turns":7},{"damage":73,"enemies":"Champ","floor":33,"turns":23}],"seed_played":"-4049743816676735128","potions_obtained":[{"floor":1.0,"key":"Weak Potion"},{"floor":7.0,"key":"Strength Potion"},{"floor":10.0,"key":"AttackPotion"},{"floor":14.0,"key":"EntropicBrew"},{"floor":18.0,"key":"Weak Potion"},{"floor":27.0,"key":"Fire Potion"},{"floor":31,"key":"Fire Potion"}],"is_trial":false,"path_per_floor":["M","M","?","?","M","R","M","$","T","E","R","M","E","M","R","B",null,"M","$","M","M","?","E","M","R","T","E","M","?","M","E","R","B"],"character_chosen":"DEFECT","items_purchased":["Go for the Eyes","OrangePellets","Conserve Battery"],"campfire_rested":0,"item_purchase_floors":[8,19,19],"current_hp_per_floor":[63,62,57,57,51,51,48,48,48,41,41,46,26,33,33,37,63,61,61,68,69,69,50,42,42,42,38,39,39,48,57,57,0],"gold":223,"neow_bonus":"REMOVE_CARD","is_prod":false,"is_daily":false,"chose_seed":false,"campfire_upgraded":5,"win_rate":0,"timestamp":1561868532,"path_taken":["M","M","?","?","M","R","M","$","T","E","R","M","E","M","R","BOSS","M","$","?","M","?","E","M","R","T","E","M","?","M","E","R","BOSS"],"build_version":"2019-01-23","purchased_purges":1,"victory":false,"max_hp_per_floor":[71,71,71,71,71,71,71,71,71,71,71,71,71,71,71,71,71,71,71,71,71,71,73,73,73,73,73,75,75,77,79,79,79],"card_choices":[{"not_picked":["Double Energy","Beam Cell"],"picked":"Compile Driver","floor":1.0},{"not_picked":["Turbo","Tempest"],"picked":"Conserve Battery","floor":2.0},{"not_picked":["Go for the Eyes","Static Discharge"],"picked":"Core Surge","floor":5.0},{"not_picked":["Consume","Reinforced Body"],"picked":"Coolheaded","floor":7.0},{"not_picked":["Rebound","Turbo"],"picked":"Self Repair","floor":10.0},{"not_picked":["Leap","Gash"],"picked":"Hologram","floor":12.0},{"not_picked":["Auto Shields","Fusion"],"picked":"Compile Driver","floor":13.0},{"not_picked":["Leap","Gash","Tempest"],"picked":"SKIP","floor":14.0},{"not_picked":["Rainbow","Machine Learning"],"picked":"Electrodynamics","floor":16.0},{"not_picked":["Stack+1","Go for the Eyes"],"picked":"FTL","floor":18.0},{"not_picked":["Compile Driver","Sweeping Beam","Turbo"],"picked":"SKIP","floor":20.0},{"not_picked":["FTL","Rainbow"],"picked":"Coolheaded","floor":21.0},{"not_picked":["Steam","Streamline","Redo+1"],"picked":"Singing Bowl","floor":23.0},{"not_picked":["Go for the Eyes","Hologram"],"picked":"Consume","floor":24.0},{"not_picked":["Steam","Hyperbeam"],"picked":"Seek","floor":27.0},{"not_picked":["Stack","Streamline","Rebound"],"picked":"Singing Bowl","floor":28.0},{"not_picked":["Streamline","Barrage"],"picked":"Coolheaded","floor":29.0},{"not_picked":["Doom and Gloom+1","Sweeping Beam","Coolheaded"],"picked":"Singing Bowl","floor":30},{"not_picked":["Multi-Cast","Hello World","Compile Driver"],"picked":"Singing Bowl","floor":31}],"player_experience":825297,"relics_obtained":[{"floor":9.0,"key":"DataDisk"},{"floor":10.0,"key":"War Paint"},{"floor":13.0,"key":"Ginger"},{"floor":23.0,"key":"Singing Bowl"},{"floor":26.0,"key":"Smiling Mask"},{"floor":27.0,"key":"Pocketwatch"},{"floor":29.0,"key":"Red Mask"},{"floor":31,"key":"Molten Egg 2"}],"event_choices":[{"damage_healed":0.0,"max_hp_gain":0.0,"max_hp_loss":0.0,"gold_gain":0.0,"event_name":"Scrap Ooze","player_choice":"Success","floor":3.0,"gold_loss":0.0,"damage_taken":5.0,"relics_obtained":["Tiny Chest"]},{"damage_healed":0.0,"max_hp_gain":0.0,"max_hp_loss":0.0,"gold_gain":0.0,"event_name":"FaceTrader","player_choice":"Trade","floor":4.0,"gold_loss":0.0,"damage_taken":0.0,"relics_obtained":["CultistMask"]},{"damage_healed":0.0,"max_hp_gain":0.0,"max_hp_loss":0.0,"gold_gain":0.0,"event_name":"Cursed Tome","player_choice":"Ignored","floor":22.0,"gold_loss":0.0,"damage_taken":0.0},{"damage_healed":0.0,"max_hp_gain":0.0,"max_hp_loss":0.0,"gold_gain":0.0,"event_name":"Masked Bandits","player_choice":"Fought Bandits","floor":29.0,"gold_loss":0.0,"damage_taken":0.0}],"is_beta":false,"boss_relics":[{"not_picked":["Busted Crown","FrozenCore"],"picked":"Runic Dome"}],"items_purged_floors":[8],"is_endless":false,"potions_floor_spawned":[1,7,10,14,18,27,28,29,30,31],"killed_by":"Champ","ascension_level":20}