{"path_per_floor":["M","$","?","M","M","$","M","R","T","M","?","M","?","M","R"],"character_chosen":"DEFECT","items_purchased":["Trip","Bandage Up"],"gold_per_floor":[117,21,96,106,116,10,23,23,23,40,40,15,43,56,56,56],"floor_reached":16,"campfire_rested":1,"playtime":801,"current_hp_per_floor":[65,65,54,54,54,54,54,75,75,73,66,63,68,67,67,0],"items_purged":[],"gold":56,"score":94,"play_id":"645cdb43-3b3a-4a82-922b-9d10d1657923","local_time":"20180515035104","is_prod":false,"is_daily":false,"chose_seed":false,"is_ascension_mode":false,"campfire_upgraded":1,"timestamp":1526370664,"path_taken":["M","$","?","M","?","?","M","R","T","M","?","M","?","M","R","BOSS"],"build_version":"2018-05-12v2","seed_source_timestamp":132871804176159,"purchased_purges":0,"victory":false,"master_deck":["Strike_B","Strike_B","Strike_B","Defend_B","Defend_B","Defend_B","Defend_B","Zap","Dualcast","Trip","Aggregate","Double Energy","Bandage Up","Self Repair","Glacier+1","Sunder+1","Self Repair"],"max_hp_per_floor":[75,75,75,75,75,75,75,75,75,75,75,75,75,75,75,75],"relics":["White Beast Statue","Toxic Egg 2","Odd Mushroom"],"card_choices":[{"not_picked":["Skim","Turbo","Stack"],"picked":"SKIP","floor":1},{"not_picked":["Storm","Hello World"],"picked":"Aggregate","floor":4},{"not_picked":["Ball Lightning","Streamline"],"picked":"Double Energy","floor":5},{"not_picked":["Coolheaded","Doom and Gloom"],"picked":"Self Repair","floor":7},{"not_picked":["Beam Cell","Turbo+1"],"picked":"Glacier+1","floor":10},{"not_picked":["Axe Kick","Sweeping Beam"],"picked":"Sunder","floor":12},{"not_picked":["Chaos+1","Electrodynamics"],"picked":"Self Repair","floor":13},{"not_picked":["Reprogram+1","Turbo+1","Hologram+1"],"picked":"SKIP","floor":14}],"player_experience":263389,"potions_floor_usage":[7,10,10,10,12,14,16,16],"damage_taken":[{"damage":10,"enemies":"Jaw Worm","floor":1,"turns":4},{"damage":0,"enemies":"2 Louse","floor":4,"turns":2},{"damage":0,"enemies":"Cultist","floor":5,"turns":3},{"damage":4,"enemies":"Red Slaver","floor":7,"turns":5},{"damage":9,"enemies":"Blue Slaver","floor":10,"turns":4},{"damage":14,"enemies":"Exordium Thugs","floor":12,"turns":7},{"damage":6,"enemies":"The Mushroom Lair","floor":13,"turns":4},{"damage":12,"enemies":"3 Louse","floor":14,"turns":4},{"damage":76,"enemies":"Slime Boss","floor":16,"turns":13}],"event_choices":[{"event_name":"World of Goop","player_choice":"Gather Gold","floor":3,"damage_taken":0},{"event_name":"Golden Wing","player_choice":"Card Removal","floor":11,"damage_taken":0},{"event_name":"Mushrooms","player_choice":"Fought Mushrooms","floor":13,"damage_taken":0}],"boss_relics":[],"potions_floor_spawned":[1,4,5,7,10,12,13,14],"seed_played":"7959469767873116474","killed_by":"Slime Boss","ascension_level":0,"is_trial":false}