{"path_per_floor":["M","M","M","?","?","R","E","?","T","M","M","?","R","M","R","B",null,"M","?","M","M","$","R","M","R","T","R","M","?","?","?","R","B",null,"M","M","?","?"],"character_chosen":"IRONCLAD","items_purchased":["Mummified Hand","Metallicize","Gambling Chip"],"gold_per_floor":[116,126,141,91,91,91,124,197,250,266,281,456,456,472,472,603,603,617,617,633,657,30,30,49,49,49,49,68,28,28,28,28,152,152,172,191,191,191,191],"floor_reached":39,"campfire_rested":3,"playtime":2324,"item_purchase_floors":[22,22,22],"current_hp_per_floor":[80,80,80,80,60,60,33,33,33,39,37,37,61,57,57,43,80,59,59,40,28,28,52,51,51,51,51,49,49,49,49,73,14,80,60,66,66,66,0],"items_purged":[],"gold":191,"score":419,"play_id":"9f802012-653d-4018-807f-8b9879f0d2ea","local_time":"20180521060600","is_prod":false,"is_daily":false,"chose_seed":false,"is_ascension_mode":true,"campfire_upgraded":4,"timestamp":1526897160,"campfire_choices":[{"data":"Bash","floor":6,"key":"SMITH"},{"floor":13,"key":"REST"},{"data":"Demon Form","floor":15,"key":"SMITH"},{"floor":23,"key":"REST"},{"data":"Double Tap","floor":25,"key":"SMITH"},{"data":"Corruption","floor":27,"key":"SMITH"},{"floor":32,"key":"REST"}],"path_taken":["M","M","M","?","?","R","E","?","T","M","?","?","R","M","R","BOSS","M","?","M","M","$","R","M","R","T","R","?","?","?","?","R","BOSS","M","M","?","?","M"],"build_version":"2018-05-18","seed_source_timestamp":7429465485068,"purchased_purges":0,"victory":false,"master_deck":["Strike_R","Strike_R","Strike_R","Defend_R","Defend_R","Defend_R","Defend_R","Bash+1","Headbutt","Iron Wave","Twin Strike","Iron Wave","Corruption+1","Sword Boomerang","Demon Form+1","Power Through","Doubt","Wild Strike","Immolate","True Grit","Flex","Double Tap+1","Dropkick","Inflame+1","Anger+1","Pommel Strike+1","Metallicize","Havoc","Flame Barrier","Rupture","Barricade","Wild Strike+1","Offering"],"max_hp_per_floor":[80,80,80,80,80,80,80,80,80,80,80,80,80,80,80,80,80,80,80,80,80,80,80,80,80,80,80,80,80,80,80,80,80,80,80,80,80,80,80],"relics":["Burning Blood","Golden Idol","Vajra","Boot","Anchor","Orrery","Red Skull","Mummified Hand","Gambling Chip","Self Forming Clay","Snecko Eye"],"card_choices":[{"not_picked":["Burning Pact","Sever Soul"],"picked":"Headbutt","floor":0},{"not_picked":["Disarm","Cleave"],"picked":"Iron Wave","floor":1},{"not_picked":["Bloodletting","Warcry"],"picked":"Twin Strike","floor":2},{"not_picked":["Sword Boomerang","Twin Strike"],"picked":"Iron Wave","floor":3},{"not_picked":["Shrug It Off","Burning Pact"],"picked":"Corruption","floor":7},{"not_picked":["Warcry","Body Slam"],"picked":"Sword Boomerang","floor":8},{"not_picked":["Sentinel","Rage"],"picked":"Demon Form","floor":10},{"not_picked":["Evolve","Anger"],"picked":"Power Through","floor":11},{"not_picked":["Fire Breathing","Thunderclap"],"picked":"Wild Strike","floor":14},{"not_picked":["Berserk","Brutality"],"picked":"Immolate","floor":16},{"not_picked":["Clash","Clothesline"],"picked":"Iron Wave","floor":17},{"not_picked":["Iron Wave","Combust"],"picked":"True Grit","floor":17},{"not_picked":["Twin Strike","Headbutt"],"picked":"Flex","floor":17},{"not_picked":["Headbutt","Entrench"],"picked":"Double Tap","floor":17},{"not_picked":["Blood for Blood","Whirlwind"],"picked":"Dropkick","floor":17},{"not_picked":["Cleave","Flex"],"picked":"Inflame+1","floor":18},{"not_picked":["True Grit+1","Sever Soul"],"picked":"Anger+1","floor":20},{"not_picked":["Searing Blow","Clothesline"],"picked":"Pommel Strike+1","floor":21},{"not_picked":["Combust+1","Twin Strike"],"picked":"Havoc","floor":24},{"not_picked":["Ghostly Armor+1","Rampage"],"picked":"Flame Barrier","floor":28},{"not_picked":["Fiend Fire","Immolate"],"picked":"Barricade","floor":33},{"not_picked":["True Grit","Clash"],"picked":"Wild Strike+1","floor":35},{"not_picked":["Body Slam","Iron Wave+1"],"picked":"Offering","floor":36}],"player_experience":328287,"potions_floor_usage":[3,8,10,28,33,35],"damage_taken":[{"damage":2,"enemies":"2 Louse","floor":1,"turns":3},{"damage":3,"enemies":"Small Slimes","floor":2,"turns":3},{"damage":0,"enemies":"Cultist","floor":3,"turns":2},{"damage":33,"enemies":"Lagavulin","floor":7,"turns":8},{"damage":6,"enemies":"Gremlin Nob","floor":8,"turns":4},{"damage":0,"enemies":"3 Louse","floor":10,"turns":2},{"damage":8,"enemies":"Blue Slaver","floor":11,"turns":3},{"damage":10,"enemies":"Exordium Thugs","floor":14,"turns":4},{"damage":20,"enemies":"The Guardian","floor":16,"turns":8},{"damage":27,"enemies":"Spheric Guardian","floor":18,"turns":4},{"damage":25,"enemies":"Shell Parasite","floor":20,"turns":5},{"damage":18,"enemies":"Snecko","floor":21,"turns":3},{"damage":7,"enemies":"3 Cultists","floor":24,"turns":4},{"damage":8,"enemies":"Cultist and Chosen","floor":28,"turns":5},{"damage":76,"enemies":"Automaton","floor":33,"turns":8},{"damage":26,"enemies":"Flame Bruiser 1 Orb","floor":35,"turns":5},{"damage":0,"enemies":"Orb Walker","floor":36,"turns":3},{"damage":79,"enemies":"4 Shapes","floor":39,"turns":3}],"relics_obtained":[{"floor":7,"key":"Vajra"},{"floor":8,"key":"Boot"},{"floor":9,"key":"Anchor"},{"floor":26,"key":"Self Forming Clay"}],"event_choices":[{"event_name":"The Cleric","player_choice":"Card Removal","floor":4,"damage_taken":0},{"event_name":"Golden Idol","player_choice":"Take Damage","floor":5,"damage_taken":0},{"event_name":"Dead Adventurer","player_choice":"Searched \u00271\u0027 times","floor":8,"damage_taken":0},{"event_name":"Liars Game","player_choice":"agreed","floor":12,"damage_taken":0},{"event_name":"The Mausoleum","player_choice":"Yes","floor":19,"damage_taken":0},{"event_name":"The Woman in Blue","player_choice":"Bought 3 Potions","floor":29,"damage_taken":0},{"event_name":"Vampires","player_choice":"Ignored","floor":30,"damage_taken":0},{"event_name":"Transmorgrifier","player_choice":"Transform","floor":31,"damage_taken":0},{"event_name":"Tomb of Lord Red Mask","player_choice":"Ignored","floor":37,"damage_taken":0}],"boss_relics":[{"not_picked":["Sozu","Runic Dome"],"picked":"Orrery"},{"not_picked":["Black Star","Mark of Pain"],"picked":"Snecko Eye"}],"items_purged_floors":[],"potions_floor_spawned":[1,7,8,18,33],"seed_played":"-1792308433490157085","killed_by":"4 Shapes","ascension_level":2,"potions_obtained":[{"floor":1,"key":"SteroidPotion"},{"floor":7,"key":"Block Potion"},{"floor":8,"key":"Fire Potion"},{"floor":18,"key":"Ancient Potion"},{"floor":29,"key":"FairyPotion"},{"floor":29,"key":"Fire Potion"},{"floor":29,"key":"LiquidBronze"},{"floor":33,"key":"Swift Potion"}],"is_trial":false}