{"gold_per_floor":[111,124,299,309,328,328,342,342,342,342,359,392,392,408,408,510,510,510],"floor_reached":18,"playtime":685,"items_purged":[],"score":189,"play_id":"099373d4-d43c-4c45-b40c-ff5bd03ac760","local_time":"20180703032357","is_ascension_mode":true,"campfire_choices":[{"data":"Cleave","floor":6,"key":"SMITH"},{"data":"Shrug It Off","floor":8,"key":"SMITH"},{"data":"Cleave","floor":10,"key":"SMITH"},{"data":"Reaper","floor":13,"key":"SMITH"},{"data":"Iron Wave","floor":15,"key":"SMITH"}],"neow_cost":"","seed_source_timestamp":99296645845491,"circlet_count":0,"master_deck":["Strike_R","Strike_R","Strike_R","Strike_R","Strike_R","Defend_R","Defend_R","Defend_R","Defend_R","Bash","Cleave+1","Shrug It Off+1","Doubt","Cleave+1","Rage","Dropkick","Rupture","Reaper+1","Iron Wave+1","Dark Embrace","Pain","Normality","Doubt"],"relics":["Burning Blood","Meat on the Bone","Boot","Calling Bell","Vajra","The Courier","Dead Branch"],"potions_floor_usage":[11,12,12,16,16],"damage_taken":[{"damage":6,"enemies":"Cultist","floor":1,"turns":3},{"damage":7,"enemies":"2 Louse","floor":2,"turns":2},{"damage":10,"enemies":"Small Slimes","floor":4,"turns":4},{"damage":21,"enemies":"Gremlin Gang","floor":5,"turns":4},{"damage":0,"enemies":"Lots of Slimes","floor":7,"turns":2},{"damage":0,"enemies":"Exordium Thugs","floor":11,"turns":4},{"damage":27,"enemies":"Lagavulin","floor":12,"turns":5},{"damage":0,"enemies":"Looter","floor":14,"turns":3},{"damage":77,"enemies":"Slime Boss","floor":16,"turns":15},{"damage":90,"enemies":"Spheric Guardian","floor":18,"turns":9}],"seed_played":"-630828552480885461","potions_obtained":[{"floor":2,"key":"Regen Potion"},{"floor":5,"key":"GamblersBrew"},{"floor":11,"key":"Fire Potion"},{"floor":12,"key":"BloodPotion"},{"floor":14,"key":"SpeedPotion"}],"is_trial":false,"path_per_floor":["M","M","?","M","M","R","M","R","T","R","M","E","R","M","R","B",null],"character_chosen":"IRONCLAD","items_purchased":[],"campfire_rested":0,"item_purchase_floors":[],"current_hp_per_floor":[80,79,79,75,60,60,66,66,66,66,80,59,59,65,65,23,80,0],"gold":510,"neow_bonus":"","is_prod":false,"is_daily":false,"chose_seed":false,"campfire_upgraded":5,"win_rate":0,"timestamp":1530602637,"path_taken":["M","M","?","M","M","R","M","R","T","R","M","E","R","M","R","BOSS","M"],"build_version":"2018-06-29","purchased_purges":0,"victory":false,"max_hp_per_floor":[80,80,80,80,80,80,80,80,80,80,80,80,80,80,80,80,80,80],"card_choices":[{"not_picked":["Warcry","Clothesline"],"picked":"Cleave","floor":1},{"not_picked":["Warcry","Combust"],"picked":"Shrug It Off","floor":2},{"not_picked":["Combust","Fire Breathing"],"picked":"Cleave","floor":4},{"not_picked":["Searing Blow","Corruption"],"picked":"Rage","floor":5},{"not_picked":["Twin Strike","Anger"],"picked":"Dropkick","floor":7},{"not_picked":["Warcry","Heavy Blade"],"picked":"Rupture","floor":11},{"not_picked":["Clash","Iron Wave"],"picked":"Reaper","floor":12},{"not_picked":["Anger","Battle Trance"],"picked":"Iron Wave","floor":14},{"not_picked":["Exhume","Barricade"],"picked":"Dark Embrace","floor":16}],"player_experience":376683,"relics_obtained":[{"floor":9,"key":"Meat on the Bone"},{"floor":12,"key":"Boot"},{"floor":17,"key":"Vajra"},{"floor":17,"key":"The Courier"},{"floor":17,"key":"Dead Branch"}],"event_choices":[{"event_name":"Liars Game","player_choice":"agreed","floor":3,"damage_taken":0}],"boss_relics":[{"not_picked":["Astrolabe","Pandora\u0027s Box"],"picked":"Calling Bell"}],"items_purged_floors":[],"is_endless":false,"potions_floor_spawned":[2,5,11,12,14],"killed_by":"Spheric Guardian","ascension_level":3}