{"gold_per_floor":[18,34,34,48,65,65,15,15,42,42,18,18,45,63,63,162,162,174,191,34,34],"floor_reached":21,"playtime":640,"items_purged":[],"score":194,"play_id":"0973f22f-a6a6-4f4b-95c0-7974f65455c1","local_time":"20180703004253","is_ascension_mode":true,"campfire_choices":[{"data":"Demon Form","floor":6,"key":"SMITH"},{"floor":10,"key":"REST"},{"data":"Limit Break","floor":12,"key":"SMITH"},{"floor":15,"key":"REST"}],"neow_cost":"NO_GOLD","seed_source_timestamp":89678157983207,"circlet_count":0,"master_deck":["Strike_R+1","Strike_R","Strike_R","Strike_R","Defend_R","Defend_R","Defend_R","Defend_R","Bash","Demon Form+1","Iron Wave+1","Iron Wave","Pummel","Hemokinesis","Limit Break+1","Exhume","Sword Boomerang","Flex","Flex","Uppercut","Feed","Twin Strike","Infernal Blade","Madness","Rupture"],"relics":["Burning Blood","Dream Catcher","Odd Mushroom","Cursed Key"],"potions_floor_usage":[4,5,13,18],"damage_taken":[{"damage":5,"enemies":"2 Louse","floor":1,"turns":3},{"damage":15,"enemies":"Small Slimes","floor":2,"turns":4},{"damage":0,"enemies":"Jaw Worm","floor":4,"turns":3},{"damage":0,"enemies":"2 Fungi Beasts","floor":5,"turns":2},{"damage":30,"floor":13,"turns":3},{"damage":13,"enemies":"3 Louse","floor":14,"turns":5},{"damage":50,"enemies":"Hexaghost","floor":16,"turns":6},{"damage":4,"enemies":"Spheric Guardian","floor":18,"turns":3},{"damage":33,"enemies":"Shell Parasite","floor":19,"turns":5},{"damage":77,"enemies":"3 Cultists","floor":21,"turns":5}],"seed_played":"5135976017595264096","potions_obtained":[{"floor":2,"key":"Block Potion"},{"floor":4,"key":"AttackPotion"},{"floor":16,"key":"AttackPotion"},{"floor":18,"key":"FairyPotion"}],"is_trial":false,"path_per_floor":["M","M","?","M","M","R","$","?","T","R","$","R","?","M","R","B",null,"M","M","$"],"character_chosen":"IRONCLAD","items_purchased":["AttackPotion","Sword Boomerang","Madness","Rupture"],"campfire_rested":2,"item_purchase_floors":[7,11,20,20],"current_hp_per_floor":[80,71,55,61,67,67,67,67,67,80,80,80,56,49,73,29,80,80,56,56,0],"gold":34,"neow_bonus":"THREE_RARE_CARDS","is_prod":false,"is_daily":false,"chose_seed":false,"campfire_upgraded":2,"win_rate":0,"timestamp":1530592973,"path_taken":["M","M","?","M","M","R","$","?","T","R","$","R","?","M","R","BOSS","M","M","$","M"],"build_version":"2018-06-29","purchased_purges":0,"victory":false,"max_hp_per_floor":[80,80,80,80,80,80,80,80,80,80,80,80,80,80,80,80,80,80,83,83,83],"card_choices":[{"not_picked":["Brutality","Exhume"],"picked":"Demon Form","floor":0},{"not_picked":["Shrug It Off","Burning Pact"],"picked":"Iron Wave","floor":1},{"not_picked":["Havoc","Anger"],"picked":"Iron Wave","floor":2},{"not_picked":["Warcry","Spot Weakness"],"picked":"Pummel","floor":4},{"not_picked":["Armaments","Wild Strike"],"picked":"Hemokinesis","floor":5},{"not_picked":["Disarm","Heavy Blade"],"picked":"Exhume","floor":10},{"not_picked":["Heavy Blade","Clothesline"],"picked":"Flex","floor":13},{"not_picked":["Sword Boomerang","Heavy Blade"],"picked":"Flex","floor":14},{"not_picked":["Body Slam","Pommel Strike"],"picked":"Uppercut","floor":15},{"not_picked":["Bludgeon","Barricade"],"picked":"Feed","floor":16},{"not_picked":["Battle Trance+1","Shockwave"],"picked":"Twin Strike","floor":18},{"not_picked":["Seeing Red","Armaments"],"picked":"Infernal Blade","floor":19}],"player_experience":370839,"relics_obtained":[{"floor":9,"key":"Dream Catcher"},{"floor":13,"key":"Odd Mushroom"}],"event_choices":[{"event_name":"Shining Light","player_choice":"Entered Light","floor":3,"damage_taken":0},{"event_name":"Living Wall","player_choice":"Change","floor":8,"damage_taken":0},{"event_name":"Mushrooms","player_choice":"Fought Mushrooms","floor":13,"damage_taken":0}],"boss_relics":[{"not_picked":["Busted Crown","Runic Cube"],"picked":"Cursed Key"}],"items_purged_floors":[],"is_endless":false,"potions_floor_spawned":[2,4,16,18],"killed_by":"3 Cultists","ascension_level":3}