{"path_per_floor":["M","?","M","M","M","E","R","M","T","R","?","M","?","M","R","B",null,"M","$","?","M","?","R","M","R","T","?","?","M","M"],"character_chosen":"DEFECT","items_purchased":["Redo","Toy Ornithopter","Cold Snap"],"gold_per_floor":[116,66,79,92,107,142,142,155,155,155,155,166,166,183,183,288,288,298,16,0,10,10,10,24,24,24,24,24,39,49,49],"floor_reached":31,"campfire_rested":2,"playtime":1305,"current_hp_per_floor":[75,75,74,73,70,54,79,79,79,79,95,95,76,75,75,68,95,87,87,87,87,87,87,62,90,90,74,74,79,19,0],"items_purged":[],"gold":49,"score":264,"play_id":"369abc39-2253-442f-a193-dc0b578a4602","local_time":"20180515075608","is_prod":false,"is_daily":false,"chose_seed":false,"is_ascension_mode":false,"campfire_upgraded":3,"timestamp":1526385368,"path_taken":["M","?","M","?","M","E","R","M","T","R","?","M","?","M","R","BOSS","M","$","?","M","?","R","M","R","T","?","?","?","M","M"],"build_version":"2018-05-14v2","seed_source_timestamp":147068374254898,"purchased_purges":0,"victory":false,"master_deck":["Strike_B","Strike_B","Strike_B","Defend_B+1","Defend_B","Defend_B","Defend_B","Zap","Dualcast","Go for the Eyes","Darkness","Chill+1","Cold Snap+1","Capacitor","Melter+1","Rainbow+1","Redo+1","Cold Snap","Glacier+1","Beam Cell","Consume"],"max_hp_per_floor":[75,75,75,75,75,85,85,85,85,85,95,95,95,95,95,95,95,95,95,95,95,95,95,95,95,95,95,95,95,95,95],"relics":["Cracked Core","Pear","Pen Nib","Inserter","Toy Ornithopter","Gremlin Horn","Nilry\u0027s Codex"],"card_choices":[{"not_picked":["Ball Lightning","Reprogram","Steam"],"picked":"SKIP","floor":1},{"not_picked":["Turbo","Rebound"],"picked":"Go for the Eyes","floor":3},{"not_picked":["Rebound","Static Discharge"],"picked":"Darkness","floor":4},{"not_picked":["Ball Lightning","Coolheaded"],"picked":"Chill","floor":5},{"not_picked":["Force Field","Capacitor"],"picked":"Cold Snap","floor":6},{"not_picked":["Aggregate","Steam"],"picked":"Capacitor","floor":8},{"not_picked":["Force Field","Static Discharge","Steam"],"picked":"SKIP","floor":12},{"not_picked":["Barrage","Gash"],"picked":"Melter","floor":14},{"not_picked":["Nova","Hyperbeam"],"picked":"Rainbow","floor":16},{"not_picked":["Streamline","Sweeping Beam","Axe Kick"],"picked":"SKIP","floor":18},{"not_picked":["BootSequence","Beam Cell"],"picked":"Glacier+1","floor":21},{"not_picked":["Steam+1","Capacitor"],"picked":"Beam Cell","floor":24},{"not_picked":["Reprogram","Hologram+1"],"picked":"Consume","floor":29},{"not_picked":["Seek","Streamline","Axe Kick+1"],"picked":"SKIP","floor":30}],"player_experience":265194,"potions_floor_usage":[8,8,16,16,18,29,31],"damage_taken":[{"damage":0,"enemies":"Small Slimes","floor":1,"turns":2},{"damage":1,"enemies":"Jaw Worm","floor":3,"turns":4},{"damage":1,"enemies":"Cultist","floor":4,"turns":3},{"damage":3,"enemies":"Exordium Wildlife","floor":5,"turns":4},{"damage":26,"enemies":"Gremlin Nob","floor":6,"turns":5},{"damage":0,"enemies":"Red Slaver","floor":8,"turns":3},{"damage":0,"enemies":"3 Louse","floor":12,"turns":4},{"damage":1,"enemies":"Looter","floor":14,"turns":3},{"damage":7,"enemies":"Slime Boss","floor":16,"turns":4},{"damage":8,"enemies":"Shell Parasite","floor":18,"turns":7},{"damage":0,"enemies":"Spheric Guardian","floor":21,"turns":2},{"damage":25,"enemies":"Snake Plant","floor":24,"turns":5},{"damage":5,"enemies":"Centurion and Healer","floor":29,"turns":14},{"damage":60,"enemies":"Cultist and Chosen","floor":30,"turns":7},{"damage":37,"enemies":"Slaver and Parasite","floor":31,"turns":4}],"relics_obtained":[{"floor":6,"key":"Pear"},{"floor":9,"key":"Pen Nib"},{"floor":26,"key":"Gremlin Horn"},{"floor":27,"key":"Nilry\u0027s Codex"}],"event_choices":[{"event_name":"The Cleric","player_choice":"Card Removal","floor":2,"damage_taken":0},{"event_name":"Bonfire Elementals","player_choice":"RARE","floor":11,"damage_taken":0},{"event_name":"Shining Light","player_choice":"Entered Light","floor":13,"damage_taken":0},{"event_name":"Masked Bandits","player_choice":"Paid Bandits 16 gold","floor":20,"damage_taken":0},{"event_name":"Upgrade Shrine","player_choice":"Upgraded","floor":22,"damage_taken":0},{"event_name":"Cursed Tome","player_choice":"Obtained Book","floor":27,"damage_taken":0},{"event_name":"Beggar","player_choice":"Ignored","floor":28,"damage_taken":0}],"boss_relics":[{"not_picked":["Black Star","Nuclear Battery"],"picked":"Inserter"}],"potions_floor_spawned":[3,6,8,14,16,18,30],"seed_played":"102662487137388656","killed_by":"Slaver and Parasite","ascension_level":0,"potions_obtained":[{"floor":3,"key":"Energy Potion"},{"floor":6,"key":"Weak Potion"},{"floor":8,"key":"Block Potion"},{"floor":14,"key":"Weak Potion"},{"floor":16,"key":"Explosive Potion"},{"floor":18,"key":"SpeedPotion"},{"floor":30,"key":"AttackPotion"}],"is_trial":false}