{"gold_per_floor":[116,116,130,22,42,42,82,82],"floor_reached":8,"playtime":317,"items_purged":[],"score":62,"play_id":"81eeb471-6a70-4d2f-b59a-2d2412d0958a","local_time":"20180716025459","is_ascension_mode":true,"campfire_choices":[{"floor":6,"key":"REST"}],"neow_cost":"NONE","seed_source_timestamp":603255775441222,"circlet_count":0,"master_deck":["Strike_B","Strike_B","Strike_B","Strike_B","Defend_B","Defend_B","Defend_B","Defend_B","Zap","Dualcast","White Noise","Heatsinks","Aggregate","Sunder","Fusion","Capacitor","Injury","Reinforced Body","Storm","Rip and Tear","Cold Snap","Doom and Gloom"],"relics":["Orrery","Golden Idol","Bottled Tornado"],"potions_floor_usage":[],"damage_taken":[{"damage":26,"enemies":"Small Slimes","floor":1,"turns":3},{"damage":16,"enemies":"Jaw Worm","floor":3,"turns":4},{"damage":6,"enemies":"Cultist","floor":5,"turns":4},{"damage":48,"enemies":"Gremlin Nob","floor":7,"turns":5},{"damage":5,"enemies":"Gremlin Gang","floor":8,"turns":1}],"seed_played":"-2042665698984593229","potions_obtained":[{"floor":3,"key":"SpeedPotion"}],"is_trial":false,"path_per_floor":["M","?","M","$","M","R","E"],"character_chosen":"DEFECT","items_purchased":["Storm","Rip and Tear"],"campfire_rested":1,"item_purchase_floors":[4,4],"current_hp_per_floor":[49,49,33,33,27,49,1,0],"gold":82,"neow_bonus":"BOSS_RELIC","is_prod":false,"is_daily":false,"chose_seed":false,"campfire_upgraded":0,"win_rate":0,"timestamp":1531724099,"path_taken":["M","?","M","$","?","R","E","?"],"build_version":"2018-07-13","purchased_purges":0,"victory":false,"max_hp_per_floor":[75,75,75,75,75,75,75,75],"card_choices":[{"not_picked":["Stack","Rebound"],"picked":"White Noise","floor":0},{"not_picked":["Coolheaded","Undo"],"picked":"Heatsinks","floor":0},{"not_picked":["Go for the Eyes","Reinforced Body"],"picked":"Aggregate","floor":0},{"not_picked":["Rebound","Cold Snap"],"picked":"Sunder","floor":0},{"not_picked":["Scrape","Redo"],"picked":"Fusion","floor":0},{"not_picked":["Conserve Battery","Steam"],"picked":"Capacitor","floor":1},{"not_picked":["Steam Power","Cold Snap"],"picked":"Reinforced Body","floor":3},{"not_picked":["Scrape","Steam"],"picked":"Cold Snap","floor":5},{"not_picked":["Sweeping Beam","Sunder"],"picked":"Doom and Gloom","floor":7}],"player_experience":442123,"relics_obtained":[{"floor":7,"key":"Bottled Tornado"}],"event_choices":[{"event_name":"Golden Idol","player_choice":"Take Wound","floor":2,"damage_taken":0}],"boss_relics":[],"items_purged_floors":[],"is_endless":false,"potions_floor_spawned":[3],"killed_by":"Gremlin Gang","ascension_level":2}