{"gold_per_floor":[116,135,135,135,149,182,182,226,251,21,21,54,54,15,15,144,144,159,159,199,3,19,59,59,100,123,123,123,142,185,14,14,140,140,164,180,513,523,523,523,548,560,620,662,674,437,465,31,31,31,31,31,31,63,63],"floor_reached":55,"playtime":6067,"items_purged":["Normality","Pain","Regret"],"score":1140,"play_id":"fbd98a48-e76e-47af-84b9-43f89c1b4b67","local_time":"20190627200141","is_ascension_mode":true,"campfire_choices":[{"data":"Neutralize","floor":7,"key":"SMITH"},{"data":"Prepared","floor":13,"key":"SMITH"},{"data":"Backflip","floor":15,"key":"SMITH"},{"data":"After Image","floor":24,"key":"SMITH"},{"data":"Endless Agony","floor":28,"key":"SMITH"},{"floor":32,"key":"REST"},{"data":"Tactician","floor":40,"key":"SMITH"},{"data":"Finisher","floor":42,"key":"SMITH"},{"floor":45,"key":"RECALL"},{"data":"Expertise","floor":49,"key":"SMITH"},{"data":"Finesse","floor":52,"key":"SMITH"}],"neow_cost":"NONE","seed_source_timestamp":74075389076689,"circlet_count":0,"master_deck":["Survivor+1","Neutralize+1","Endless Agony","Masterful Stab","Unload","Quick Slash","Die Die Die","Endless Agony","Dagger Throw","Backflip+1","Endless Agony+1","Prepared+1","Quick Slash","Sucker Punch","Underhanded Strike","Finisher+1","Flash of Steel","Tactician+1","After Image+1","Backflip+1","Acrobatics+1","Bandage Up+1","Rip and Tear+1","Prepared","Bloodletting+1","Finesse+1","Hyperbeam","Pommel Strike+1","Rebound+1","Expertise+1","Clash","Writhe","Envenom","Underhanded Strike+1","Pummel+1","Apotheosis"],"relics":["Pandora\u0027s Box","Bag of Marbles","Juzu Bracelet","Bottled Lightning","Vajra","Orichalcum","GremlinMask","Art of War","Cursed Key","Red Mask","PrismaticShard","Anchor","Regal Pillow","War Paint","Letter Opener","Sozu","WarpedTongs","MawBank","Smiling Mask","Molten Egg 2","Bottled Tornado","HandDrill","Boot"],"potions_floor_usage":[29,29,55,55],"damage_taken":[{"damage":0,"enemies":"Cultist","floor":1,"turns":2},{"damage":0,"enemies":"2 Louse","floor":2,"turns":1},{"damage":0,"enemies":"Jaw Worm","floor":5,"turns":1},{"damage":0,"enemies":"Gremlin Nob","floor":6,"turns":2},{"damage":0,"enemies":"Lagavulin","floor":8,"turns":2},{"damage":2,"enemies":"3 Sentries","floor":12,"turns":3},{"damage":34,"enemies":"The Guardian","floor":16,"turns":6},{"damage":0,"enemies":"Chosen","floor":18,"turns":2},{"damage":0,"enemies":"Masked Bandits","floor":20,"turns":2},{"damage":0,"enemies":"3 Byrds","floor":22,"turns":2},{"damage":15,"enemies":"Book of Stabbing","floor":23,"turns":4},{"damage":7,"enemies":"Slavers","floor":25,"turns":3},{"damage":20,"enemies":"Snecko","floor":29,"turns":5},{"damage":32,"enemies":"Gremlin Leader","floor":30,"turns":8},{"damage":6,"enemies":"Champ","floor":33,"turns":7},{"damage":4,"enemies":"3 Darklings","floor":35,"turns":3},{"damage":0,"enemies":"Orb Walker","floor":36,"turns":2},{"damage":2,"enemies":"3 Darklings","floor":38,"turns":2},{"damage":14,"enemies":"Giant Head","floor":41,"turns":4},{"damage":18,"enemies":"Nemesis","floor":44,"turns":5},{"damage":3,"enemies":"Giant Head","floor":47,"turns":4},{"damage":23,"enemies":"Awakened One","floor":50,"turns":7},{"damage":6,"enemies":"Shield and Spear","floor":54,"turns":4},{"damage":98,"enemies":"The Heart","floor":55,"turns":6}],"seed_played":"-7152718694755766362","potions_obtained":[{"floor":1,"key":"Swift Potion"},{"floor":5,"key":"PowerPotion"},{"floor":8,"key":"Block Potion"},{"floor":29,"key":"Block Potion"},{"floor":30,"key":"Ancient Potion"}],"is_trial":false,"path_per_floor":["M","M","?","?","M","E","R","E","T","$","?","E","R","$","R","B",null,"M","T","?","$","M","E","R","E","T","?","R","M","E","$","R","B",null,"M","M","?","M","?","R","E","R","T","E","R","$","E","$","R","B",null,"R","$","E","B"],"character_chosen":"THE_SILENT","items_purchased":["Flash of Steel","Orichalcum","Tactician","PrismaticShard","Finesse","Envenom","Underhanded Strike+1","Apotheosis","HandDrill"],"campfire_rested":1,"item_purchase_floors":[10,10,14,21,31,46,46,48,48],"current_hp_per_floor":[70,70,63,46,46,46,46,46,46,46,46,44,44,44,44,10,70,70,70,70,70,70,59,59,58,58,58,58,44,18,18,54,54,70,66,66,66,64,64,64,56,56,56,44,44,44,47,47,47,30,70,70,70,70,0],"gold":63,"neow_bonus":"BOSS_RELIC","is_prod":false,"is_daily":false,"chose_seed":false,"campfire_upgraded":9,"win_rate":0,"timestamp":1561680101,"path_taken":["M","M","?","?","M","E","R","E","T","?","?","E","R","$","R","BOSS","M","?","?","$","M","E","R","E","T","?","R","M","E","?","R","BOSS","M","M","?","M","?","R","E","R","T","E","R","$","E","$","R","BOSS","R","$","E","BOSS"],"build_version":"2019-01-23","purchased_purges":3,"victory":false,"max_hp_per_floor":[70,70,70,70,70,70,70,70,70,70,70,70,70,70,70,70,70,70,70,70,70,70,70,70,70,70,70,70,70,70,70,70,70,70,70,70,70,70,70,70,70,70,70,70,70,70,70,70,70,70,70,70,70,70,70],"card_choices":[{"not_picked":["Endless Agony","Distraction"],"picked":"Quick Slash","floor":1},{"not_picked":["Bane","Dagger Spray"],"picked":"Sucker Punch","floor":2},{"not_picked":["All Out Attack","Slice"],"picked":"Underhanded Strike","floor":5},{"not_picked":["Concentrate","Envenom"],"picked":"Finisher","floor":6},{"not_picked":["Blade Dance","Sucker Punch","Outmaneuver"],"picked":"SKIP","floor":8},{"not_picked":["Eviscerate","Blur","Blade Dance"],"picked":"SKIP","floor":12},{"not_picked":["Envenom","Unload"],"picked":"After Image","floor":16},{"not_picked":["Poisoned Stab","Dodge and Roll"],"picked":"Backflip","floor":18},{"not_picked":["Dagger Throw+1","A Thousand Cuts"],"picked":"Acrobatics+1","floor":20},{"not_picked":["Outmaneuver","Self Repair"],"picked":"Bandage Up+1","floor":22},{"not_picked":["True Grit","Blind","Sucker Punch"],"picked":"SKIP","floor":23},{"not_picked":["Havoc","Wraith Form v2"],"picked":"Rip and Tear+1","floor":25},{"not_picked":["Dash","Dagger Spray"],"picked":"Prepared","floor":29},{"not_picked":["Sucker Punch+1","Gash"],"picked":"Bloodletting+1","floor":30},{"not_picked":["Brutality","Metamorphosis"],"picked":"Hyperbeam","floor":33},{"not_picked":["Cloak And Dagger+1","Chaos+1"],"picked":"Pommel Strike+1","floor":35},{"not_picked":["Calculated Gamble","Eviscerate+1"],"picked":"Rebound+1","floor":36},{"not_picked":["Warcry","Twin Strike+1"],"picked":"Expertise","floor":38},{"not_picked":["Bane","Armaments"],"picked":"Clash","floor":41},{"not_picked":["Shrug It Off","Perfected Strike+1","Havoc"],"picked":"SKIP","floor":44},{"not_picked":["Dash+1","Concentrate"],"picked":"Pummel+1","floor":47},{"not_picked":["Compile Driver+1","Deflect","Bane+1"],"picked":"SKIP","floor":54}],"player_experience":124332,"relics_obtained":[{"floor":6,"key":"Juzu Bracelet"},{"floor":8,"key":"Bottled Lightning"},{"floor":9,"key":"Vajra"},{"floor":12,"key":"Art of War"},{"floor":20,"key":"Red Mask"},{"floor":23,"key":"Anchor"},{"floor":25,"key":"Regal Pillow"},{"floor":26,"key":"War Paint"},{"floor":30,"key":"Letter Opener"},{"floor":41,"key":"MawBank"},{"floor":43,"key":"Smiling Mask"},{"floor":44,"key":"Molten Egg 2"},{"floor":47,"key":"Bottled Tornado"},{"floor":54,"key":"Boot"}],"event_choices":[{"damage_healed":0,"gold_gain":0,"player_choice":"Success","damage_taken":7,"relics_obtained":["Bag of Marbles"],"max_hp_gain":0,"max_hp_loss":0,"event_name":"Scrap Ooze","floor":3,"gold_loss":0},{"damage_healed":0,"gold_gain":0,"player_choice":"Take Damage","damage_taken":17,"relics_obtained":["Golden Idol"],"max_hp_gain":0,"max_hp_loss":0,"event_name":"Golden Idol","floor":4,"gold_loss":0},{"damage_healed":0,"gold_gain":0,"player_choice":"Trade","damage_taken":0,"relics_obtained":["GremlinMask"],"max_hp_gain":0,"max_hp_loss":0,"event_name":"FaceTrader","floor":11,"gold_loss":0},{"damage_healed":0,"gold_gain":0,"player_choice":"Fought Bandits","damage_taken":0,"max_hp_gain":0,"max_hp_loss":0,"event_name":"Masked Bandits","floor":20,"gold_loss":0},{"damage_healed":0,"gold_gain":0,"player_choice":"Ignored","damage_taken":0,"max_hp_gain":0,"max_hp_loss":0,"event_name":"Vampires","floor":27,"gold_loss":0},{"damage_healed":0,"gold_gain":333,"player_choice":"Gave Idol","damage_taken":0,"max_hp_gain":0,"max_hp_loss":0,"event_name":"The Moai Head","floor":37,"relics_lost":["Golden Idol"],"gold_loss":0},{"damage_healed":0,"gold_gain":0,"player_choice":"Rummage","damage_taken":0,"relics_obtained":["WarpedTongs"],"max_hp_gain":0,"max_hp_loss":0,"event_name":"Accursed Blacksmith","floor":39,"gold_loss":0,"cards_obtained":["Pain"]}],"is_beta":false,"boss_relics":[{"not_picked":["Fusion Hammer","Astrolabe"],"picked":"Cursed Key"},{"not_picked":["Tiny House","Eternal Feather"],"picked":"Sozu"}],"items_purged_floors":[31,46,48],"is_endless":false,"potions_floor_spawned":[1,5,8,20,25,29,30,35,41],"killed_by":"The Heart","ascension_level":3}