{"gold_per_floor":[109,184,199,218,27,27,61,61,61,87,98,118,118,133,133,237,237,253,253,253,52,43,43,59,59,86,117,128,140,47,47,47,47],"floor_reached":33,"playtime":2612,"items_purged":[],"score":291,"play_id":"3cb57f98-a566-45e2-b3d9-19a62cbd3faa","local_time":"20190706224930","is_ascension_mode":true,"campfire_choices":[{"data":"Rage","floor":6,"key":"SMITH"},{"floor":15,"key":"REST"},{"data":"Bludgeon","floor":23,"key":"SMITH"},{"data":"Feel No Pain","floor":25,"key":"SMITH"},{"floor":32,"key":"REST"}],"neow_cost":"NONE","seed_source_timestamp":906945461624522,"circlet_count":0,"master_deck":["Strike_R","Strike_R","Strike_R","Strike_R","Defend_R","Defend_R","Defend_R","Defend_R","Bash","Clothesline","Perfected Strike","Spot Weakness","Rage+1","Bandage Up","Heavy Blade","Rampage","Carnage","Flame Barrier","Clothesline","Bludgeon+1","Heavy Blade+1","True Grit+1","Feel No Pain+1","Burning Pact+1","Sword Boomerang+1","Entrench","Bandage Up"],"relics":["Burning Blood","Vajra","Nunchaku","Thread and Needle","Happy Flower","Lizard Tail","Toy Ornithopter","PreservedInsect","Pen Nib","Enchiridion"],"potions_floor_usage":[16,16,27,27,33,33],"damage_taken":[{"damage":2,"enemies":"Small Slimes","floor":1,"turns":4},{"damage":4,"enemies":"Cultist","floor":3,"turns":3},{"damage":4,"enemies":"2 Louse","floor":4,"turns":2},{"damage":30,"enemies":"3 Sentries","floor":7,"turns":8},{"damage":36,"enemies":"Lagavulin","floor":10,"turns":7},{"damage":9,"enemies":"Red Slaver","floor":11,"turns":2},{"damage":14,"enemies":"Gremlin Gang","floor":12,"turns":4},{"damage":11,"enemies":"Exordium Thugs","floor":14,"turns":4},{"damage":22,"enemies":"Slime Boss","floor":16,"turns":9},{"damage":11,"enemies":"Spheric Guardian","floor":18,"turns":5},{"damage":30,"enemies":"2 Thieves","floor":22,"turns":5},{"damage":11,"enemies":"Shelled Parasite and Fungi","floor":24,"turns":7},{"damage":36,"enemies":"Gremlin Leader","floor":27,"turns":4},{"damage":11,"enemies":"3 Cultists","floor":28,"turns":6},{"damage":12,"enemies":"Cultist and Chosen","floor":29,"turns":5},{"damage":131,"enemies":"Collector","floor":33,"turns":6}],"seed_played":"4348306451728524322","potions_obtained":[{"floor":3,"key":"Poison Potion"},{"floor":11,"key":"Poison Potion"},{"floor":16,"key":"SkillPotion"},{"floor":18,"key":"Fire Potion"},{"floor":22,"key":"Swift Potion"},{"floor":27,"key":"FairyPotion"},{"floor":29,"key":"SteroidPotion"}],"is_trial":false,"path_per_floor":["M","?","M","M","$","R","E","?","T","E","M","M","$","M","R","B",null,"M","?","?","$","M","R","M","R","T","E","M","M","$","?","R","B"],"character_chosen":"IRONCLAD","items_purchased":["Spot Weakness","Rage","Bandage Up","Toy Ornithopter","Bandage Up"],"campfire_rested":2,"item_purchase_floors":[5,5,5,21,30],"current_hp_per_floor":[80,72,74,76,76,76,56,61,61,35,32,28,28,27,51,39,80,75,75,75,75,55,55,54,54,54,34,33,31,31,15,39,0],"gold":47,"neow_bonus":"RANDOM_COMMON_RELIC","is_prod":false,"is_daily":false,"chose_seed":false,"campfire_upgraded":3,"win_rate":0,"timestamp":1562467770,"path_taken":["M","?","M","?","$","R","E","?","T","E","?","?","$","M","R","BOSS","M","?","?","$","M","R","M","R","T","E","?","M","?","?","R","BOSS"],"build_version":"2019-07-05","purchased_purges":0,"victory":false,"max_hp_per_floor":[80,80,80,80,80,80,80,80,80,80,80,80,80,80,80,80,80,80,80,80,80,80,80,80,80,80,80,80,80,80,80,80,80],"card_choices":[{"not_picked":["Body Slam","Sword Boomerang"],"picked":"Clothesline","floor":1},{"not_picked":["Thunderclap","Iron Wave"],"picked":"Warcry","floor":3},{"not_picked":["Clash","Twin Strike"],"picked":"Perfected Strike","floor":4},{"not_picked":["Anger","Thunderclap"],"picked":"Heavy Blade","floor":7},{"not_picked":["Warcry","Double Tap"],"picked":"Rampage","floor":10},{"not_picked":["Flex","Whirlwind"],"picked":"Carnage","floor":11},{"not_picked":["Power Through","Clash"],"picked":"Flame Barrier","floor":12},{"not_picked":["Reckless Charge","Sword Boomerang"],"picked":"Clothesline","floor":14},{"not_picked":["Barricade","Dark Embrace"],"picked":"Bludgeon","floor":16},{"not_picked":["Second Wind+1","Warcry"],"picked":"Heavy Blade+1","floor":18},{"not_picked":["Twin Strike","Perfected Strike"],"picked":"True Grit+1","floor":22},{"not_picked":["Shrug It Off+1","Anger"],"picked":"Feel No Pain","floor":24},{"not_picked":["Shockwave","Headbutt"],"picked":"Burning Pact+1","floor":27},{"not_picked":["Twin Strike","Thunderclap"],"picked":"Sword Boomerang+1","floor":28},{"not_picked":["Twin Strike","Clash+1"],"picked":"Entrench","floor":29}],"player_experience":79623,"relics_obtained":[{"floor":7,"key":"Nunchaku"},{"floor":9,"key":"Thread and Needle"},{"floor":10,"key":"Happy Flower"},{"floor":26,"key":"PreservedInsect"},{"floor":27,"key":"Pen Nib"},{"floor":31,"key":"Enchiridion"}],"event_choices":[{"damage_healed":0,"gold_gain":75,"player_choice":"Touch","damage_taken":8,"max_hp_gain":0,"max_hp_loss":0,"event_name":"FaceTrader","floor":2,"gold_loss":0},{"cards_removed":["Warcry"],"damage_healed":5,"gold_gain":0,"player_choice":"Offered Common","damage_taken":0,"max_hp_gain":0,"max_hp_loss":0,"event_name":"Bonfire Elementals","floor":8,"gold_loss":0},{"cards_removed":["Warcry"],"damage_healed":5,"gold_gain":0,"player_choice":"Offered Special","damage_taken":0,"max_hp_gain":0,"max_hp_loss":0,"event_name":"Bonfire Elementals","floor":8,"gold_loss":0},{"damage_healed":0,"gold_gain":0,"player_choice":"Ignored","damage_taken":0,"max_hp_gain":0,"max_hp_loss":0,"event_name":"Ghosts","floor":19,"gold_loss":0},{"cards_removed":["Strike_R"],"damage_healed":0,"gold_gain":0,"player_choice":"Purged","damage_taken":0,"max_hp_gain":0,"max_hp_loss":0,"event_name":"Purifier","floor":20,"gold_loss":0},{"damage_healed":0,"gold_gain":0,"player_choice":"Obtained Book","damage_taken":16,"max_hp_gain":0,"max_hp_loss":0,"event_name":"Cursed Tome","floor":31,"gold_loss":0}],"is_beta":false,"boss_relics":[{"not_picked":["Calling Bell","Empty Cage"],"picked":"Lizard Tail"}],"items_purged_floors":[],"is_endless":false,"potions_floor_spawned":[3,11,16,18,22,27,29],"killed_by":"Collector","ascension_level":1}