{"gold_per_floor":[116,130,149,167,167,194,249,249,249,263,23,48,58,58],"floor_reached":14,"playtime":588,"items_purged":[],"score":117,"play_id":"d6906848-2b51-47f6-85db-73ba07a98524","local_time":"20180905022450","is_ascension_mode":true,"campfire_choices":[{"floor":8,"key":"REST"}],"neow_cost":"","seed_source_timestamp":733982220701094,"circlet_count":0,"master_deck":["Strike_B","Strike_B","Strike_B","Defend_B","Defend_B","Defend_B","Defend_B","Zap","Dualcast","Chill","Doom and Gloom","Leap","Hologram","Core Surge","Hologram","Beam Cell","Scrape","Auto Shields","Consume"],"relics":["Cracked Core","Cables","Sundial","Peace Pipe","Membership Card","Ancient Tea Set"],"potions_floor_usage":[6,12,12],"damage_taken":[{"damage":10,"enemies":"Small Slimes","floor":1,"turns":3},{"damage":2,"enemies":"Jaw Worm","floor":2,"turns":4},{"damage":1,"enemies":"2 Louse","floor":3,"turns":2},{"damage":12,"enemies":"Lots of Slimes","floor":4,"turns":2},{"damage":10,"enemies":"3 Sentries","floor":6,"turns":5},{"damage":24,"enemies":"Lagavulin Event","floor":7,"turns":5},{"damage":3,"enemies":"Blue Slaver","floor":10,"turns":4},{"damage":19,"enemies":"Gremlin Nob","floor":12,"turns":4},{"damage":0,"enemies":"Gremlin Gang","floor":13,"turns":4},{"damage":16,"enemies":"Lagavulin","floor":14,"turns":2}],"seed_played":"6805506633235958490","potions_obtained":[{"floor":4,"key":"AttackPotion"},{"floor":7,"key":"Explosive Potion"},{"floor":10,"key":"Weak Potion"}],"is_trial":false,"path_per_floor":["M","M","M","M","?","E","?","R","T","M","$","E","M"],"character_chosen":"DEFECT","items_purchased":["Scrape","Membership Card"],"campfire_rested":1,"item_purchase_floors":[11,11],"current_hp_per_floor":[65,63,62,50,43,33,9,31,31,28,28,9,9,0],"gold":58,"neow_bonus":"","is_prod":false,"is_daily":false,"chose_seed":false,"campfire_upgraded":0,"win_rate":0,"timestamp":1536128690,"path_taken":["M","M","M","M","?","E","?","R","T","M","$","E","M","E"],"build_version":"2018-09-03","purchased_purges":0,"victory":false,"max_hp_per_floor":[75,75,75,75,75,75,75,75,75,75,75,75,75,75],"card_choices":[{"not_picked":["Go for the Eyes","Sweeping Beam"],"picked":"Chill","floor":1},{"not_picked":["Steam","Beam Cell"],"picked":"Doom and Gloom","floor":2},{"not_picked":["Turbo","Fusion"],"picked":"Leap","floor":3},{"not_picked":["Heatsinks","Go for the Eyes"],"picked":"Hologram","floor":4},{"not_picked":["Blizzard","Turbo"],"picked":"Core Surge","floor":6},{"not_picked":["Steam Power","Barrage"],"picked":"Hologram","floor":7},{"not_picked":["Conserve Battery","Coolheaded"],"picked":"Beam Cell","floor":10},{"not_picked":["Recycle","Darkness"],"picked":"Auto Shields","floor":12},{"not_picked":["Leap","Barrage"],"picked":"Consume","floor":13}],"player_experience":566123,"relics_obtained":[{"floor":6,"key":"Cables"},{"floor":7,"key":"Sundial"},{"floor":9,"key":"Peace Pipe"},{"floor":12,"key":"Ancient Tea Set"}],"event_choices":[{"event_name":"Golden Wing","player_choice":"Card Removal","floor":5,"damage_taken":0},{"event_name":"Dead Adventurer","player_choice":"Searched \u00271\u0027 times","floor":7,"damage_taken":0}],"is_beta":true,"boss_relics":[],"items_purged_floors":[],"is_endless":false,"potions_floor_spawned":[4,7,10],"killed_by":"Lagavulin","ascension_level":3}