{"gold_per_floor":[110,1,17,17,27,27,60,60,60,78,98,108,108,137,137,237,237,255,5,20,120,210,210,271,282,282,282,316,316,351,371,371,476,526,542,27,47,60,71,71,102,121,121,121,121,121,121,521,521,521,521,521,11,43,43],"floor_reached":55,"playtime":8680,"items_purged":["Defend_R","Writhe","Strike_R","Strike_R"],"score":827,"play_id":"aa86ec75-ea85-4264-8bf5-52ca8d4bb39a","local_time":"20190616020650","is_ascension_mode":true,"campfire_choices":[{"floor":6.0,"key":"RECALL"},{"data":"Fire Breathing","floor":8.0,"key":"SMITH"},{"data":"Armaments","floor":13.0,"key":"SMITH"},{"data":"Battle Trance","floor":15.0,"key":"SMITH"},{"data":"Jack Of All Trades","floor":23.0,"key":"SMITH"},{"floor":27.0,"key":"REST"},{"floor":32.0,"key":"REST"},{"data":"Demon Form","floor":40,"key":"SMITH"},{"data":"Thinking Ahead","floor":45,"key":"SMITH"},{"data":"Shrug It Off","floor":47,"key":"SMITH"},{"data":"Pommel Strike","floor":49,"key":"SMITH"},{"data":"Battle Trance","floor":52,"key":"SMITH"}],"neow_cost":"NONE","seed_source_timestamp":0,"circlet_count":0,"master_deck":["Strike_R","Strike_R","Strike_R","Defend_R","Defend_R+1","Defend_R+1","Bash","Purity","Anger+1","Fire Breathing+1","Spot Weakness","Battle Trance+1","Bash","Iron Wave","Anger","Armaments+1","Pommel Strike+1","Headbutt","Shrug It Off+1","Reaper","Headbutt","Battle Trance+1","Clash","Jack Of All Trades+1","Cleave","Heavy Blade+1","Seeing Red+1","RitualDagger","Flex+1","Demon Form+1","Cleave","Thunderclap","Shrug It Off+1","True Grit+1","Flame Barrier+1","Combust+1","Shrug It Off","Thinking Ahead+1","Pommel Strike+1","Transmutation","Spot Weakness+1"],"special_seed":0,"relics":["Burning Blood","Kunai","PreservedInsect","Philosopher\u0027s Stone","Potion Belt","Charon\u0027s Ashes","Bottled Lightning","Tiny Chest","Pantograph","Bottled Tornado","Torii","Tiny House","Frozen Eye","War Paint","Pocketwatch","Orichalcum","Old Coin","Brimstone","Bronze Scales"],"potions_floor_usage":[39,50,55,55],"damage_taken":[{"damage":6.0,"enemies":"Cultist","floor":1.0,"turns":3.0},{"damage":6.0,"enemies":"Jaw Worm","floor":3.0,"turns":4.0},{"damage":3.0,"enemies":"Small Slimes","floor":5.0,"turns":3.0},{"damage":22.0,"enemies":"3 Sentries","floor":7.0,"turns":6.0},{"damage":16.0,"enemies":"Red Slaver","floor":10.0,"turns":3.0},{"damage":0.0,"enemies":"Large Slime","floor":11.0,"turns":5.0},{"damage":9.0,"enemies":"Blue Slaver","floor":12.0,"turns":3.0},{"damage":17.0,"enemies":"Lagavulin","floor":14.0,"turns":4.0},{"damage":41.0,"enemies":"The Guardian","floor":16.0,"turns":8.0},{"damage":18.0,"enemies":"Spheric Guardian","floor":18.0,"turns":4.0},{"damage":24.0,"enemies":"3 Byrds","floor":20.0,"turns":4.0},{"damage":31.0,"enemies":"Colosseum Slavers","floor":21.0,"turns":4.0},{"damage":20.0,"enemies":"Colosseum Nobs","floor":21.0,"turns":3.0},{"damage":22.0,"enemies":"Gremlin Leader","floor":24.0,"turns":5.0},{"damage":4.0,"enemies":"Centurion and Healer","floor":25.0,"turns":5.0},{"damage":14.0,"enemies":"Slavers","floor":28.0,"turns":3.0},{"damage":26.0,"enemies":"Book of Stabbing","floor":30.0,"turns":3.0},{"damage":17.0,"enemies":"Snake Plant","floor":31.0,"turns":5.0},{"damage":48.0,"enemies":"Champ","floor":33.0,"turns":9.0},{"damage":1.0,"enemies":"Orb Walker","floor":35.0,"turns":3.0},{"damage":54,"enemies":"3 Darklings","floor":37,"turns":4},{"damage":2,"enemies":"Sphere and 2 Shapes","floor":38,"turns":4},{"damage":0,"enemies":"Transient","floor":39,"turns":5},{"damage":38,"enemies":"Nemesis","floor":41,"turns":5},{"damage":18,"enemies":"Spire Growth","floor":42,"turns":4},{"damage":0,"enemies":"Mind Bloom Boss Battle","floor":48,"turns":3},{"damage":54,"enemies":"Awakened One","floor":50,"turns":9},{"damage":49,"enemies":"Shield and Spear","floor":54,"turns":3},{"damage":129,"enemies":"The Heart","floor":55,"turns":3}],"seed_played":"-7628025553575953196","potions_obtained":[{"floor":3.0,"key":"Swift Potion"},{"floor":7.0,"key":"AttackPotion"},{"floor":10.0,"key":"EssenceOfSteel"},{"floor":18.0,"key":"EssenceOfSteel"},{"floor":20.0,"key":"Explosive Potion"},{"floor":28.0,"key":"PowerPotion"},{"floor":34.0,"key":"Fire Potion"},{"floor":38,"key":"SteroidPotion"},{"floor":39,"key":"BloodPotion"},{"floor":42,"key":"Fire Potion"},{"floor":54,"key":"Block Potion"}],"is_trial":false,"path_per_floor":["M","$","M","?","M","R","E","R","T","M","M","M","R","E","R","B",null,"M","$","M","?","?","R","E","M","T","R","E","?","E","M","R","B",null,"M","$","M","M","M","R","E","M","T","?","R","?","R","?","R","B",null,"R","$","E","B"],"character_chosen":"IRONCLAD","items_purchased":["Fire Breathing","Potion Belt","Frozen Eye","War Paint","SteroidPotion","Brimstone","Transmutation"],"campfire_rested":2,"item_purchase_floors":[2,19,36,36,36,53,53],"current_hp_per_floor":[80,80,80,80,80,80,64,64,64,54,60,57,57,46,46,11,80,76,76,72,64,32,32,16,28,28,52,44,38,18,8,32,25,85,85,85,58,70,76,76,44,44,44,44,44,44,44,81,81,58,81,81,81,38,0],"gold":43,"neow_bonus":"RANDOM_COLORLESS","is_prod":false,"is_daily":false,"chose_seed":false,"campfire_upgraded":9,"win_rate":1,"timestamp":1560665210,"path_taken":["M","$","M","?","?","R","E","R","T","M","M","M","R","E","R","BOSS","M","$","M","?","?","R","E","?","T","R","E","?","E","M","R","BOSS","M","$","M","M","M","R","E","M","T","?","R","?","R","?","R","BOSS","R","$","E","BOSS"],"build_version":"2019-01-23","purchased_purges":4,"victory":false,"max_hp_per_floor":[80,80,80,80,80,80,80,80,80,80,80,80,80,80,80,80,80,80,80,80,80,80,80,80,80,80,80,80,80,80,80,80,80,85,85,85,85,85,85,85,85,85,85,85,85,81,81,81,81,81,81,81,81,81,81],"card_choices":[{"not_picked":["Flex","Bloodletting"],"picked":"Anger","floor":1.0},{"not_picked":["Pommel Strike","True Grit"],"picked":"Spot Weakness","floor":3.0},{"not_picked":["Ghostly Armor","Warcry"],"picked":"Iron Wave","floor":5.0},{"not_picked":["Body Slam","Flame Barrier"],"picked":"Anger","floor":7.0},{"not_picked":["Iron Wave","Battle Trance"],"picked":"Armaments","floor":10.0},{"not_picked":["Anger","Entrench"],"picked":"Pommel Strike","floor":11.0},{"not_picked":["Dual Wield","Ghostly Armor"],"picked":"Headbutt","floor":12.0},{"not_picked":["Sever Soul","Clothesline"],"picked":"Shrug It Off","floor":14.0},{"not_picked":["Berserk","Double Tap"],"picked":"Reaper","floor":16.0},{"not_picked":["Reckless Charge+1","Hemokinesis"],"picked":"Headbutt","floor":18.0},{"not_picked":["Perfected Strike","Spot Weakness"],"picked":"Battle Trance","floor":20.0},{"not_picked":["True Grit+1","Warcry"],"picked":"Clash","floor":21.0},{"not_picked":["Rupture","True Grit"],"picked":"Cleave","floor":24.0},{"not_picked":["Clothesline+1","Pommel Strike"],"picked":"Heavy Blade+1","floor":25.0},{"not_picked":["Shrug It Off","Warcry"],"picked":"Seeing Red+1","floor":28.0},{"not_picked":["Anger","Seeing Red","Body Slam"],"picked":"SKIP","floor":30.0},{"not_picked":["Body Slam","Clash"],"picked":"Flex+1","floor":31.0},{"not_picked":["Limit Break","Feed"],"picked":"Demon Form","floor":33.0},{"not_picked":["Headbutt","Twin Strike"],"picked":"Cleave","floor":34.0},{"not_picked":["Pommel Strike","Rampage+1"],"picked":"Thunderclap","floor":35.0},{"not_picked":["Heavy Blade+1","Fire Breathing+1"],"picked":"Shrug It Off+1","floor":37},{"not_picked":["Bloodletting","Thunderclap"],"picked":"True Grit+1","floor":38},{"not_picked":["Anger","Carnage+1"],"picked":"Flame Barrier+1","floor":39},{"not_picked":["Double Tap","Body Slam"],"picked":"Combust+1","floor":41},{"not_picked":["Hemokinesis","Heavy Blade+1"],"picked":"Shrug It Off","floor":42},{"not_picked":["Sadistic Nature","Flash of Steel"],"picked":"Thinking Ahead","floor":44},{"not_picked":["Warcry","Power Through"],"picked":"Pommel Strike+1","floor":48},{"not_picked":["Feed","Battle Trance+1"],"picked":"Spot Weakness+1","floor":54}],"player_experience":35789,"relics_obtained":[{"floor":7.0,"key":"Kunai"},{"floor":14.0,"key":"PreservedInsect"},{"floor":21.0,"key":"Charon\u0027s Ashes"},{"floor":21.0,"key":"Bottled Lightning"},{"floor":24.0,"key":"Tiny Chest"},{"floor":26.0,"key":"Pantograph"},{"floor":28.0,"key":"Bottled Tornado"},{"floor":30.0,"key":"Torii"},{"floor":41,"key":"Pocketwatch"},{"floor":43,"key":"Orichalcum"},{"floor":48,"key":"Old Coin"},{"floor":54,"key":"Bronze Scales"}],"event_choices":[{"damage_healed":0.0,"max_hp_gain":0.0,"max_hp_loss":0.0,"gold_gain":0.0,"event_name":"Match and Keep!","player_choice":"3 cards matched","floor":4.0,"gold_loss":0.0,"damage_taken":0.0,"cards_obtained":["Battle Trance","Writhe","Bash"]},{"damage_healed":0.0,"max_hp_gain":0.0,"max_hp_loss":0.0,"gold_gain":0.0,"event_name":"Match and Keep!","player_choice":"3 cards matched","floor":4.0,"gold_loss":0.0,"damage_taken":0.0,"cards_obtained":["Battle Trance","Writhe","Bash"]},{"damage_healed":0.0,"max_hp_gain":0.0,"max_hp_loss":0.0,"gold_gain":0.0,"event_name":"Colosseum","player_choice":"Fight","floor":21.0,"gold_loss":0.0,"damage_taken":0.0},{"damage_healed":0.0,"max_hp_gain":0.0,"max_hp_loss":0.0,"gold_gain":0.0,"event_name":"Colosseum","player_choice":"Fought Nobs","floor":21.0,"gold_loss":0.0,"damage_taken":0.0},{"damage_healed":0.0,"max_hp_gain":0.0,"max_hp_loss":0.0,"gold_gain":90.0,"event_name":"Knowing Skull","player_choice":"CARD GOLD POTION ","floor":22.0,"potions_obtained":["AttackPotion"],"gold_loss":0.0,"damage_taken":32.0,"cards_obtained":["Jack Of All Trades"]},{"damage_healed":0.0,"max_hp_gain":0.0,"max_hp_loss":0.0,"gold_gain":0.0,"event_name":"Nest","player_choice":"Joined the Cult","floor":29.0,"gold_loss":0.0,"damage_taken":6.0,"cards_obtained":["RitualDagger"]},{"damage_healed":0,"gold_gain":0,"player_choice":"Memory 1","damage_taken":0,"max_hp_gain":0,"max_hp_loss":0,"event_name":"SensoryStone","floor":44,"gold_loss":0},{"damage_healed":0,"gold_gain":0,"player_choice":"Max HP","damage_taken":0,"max_hp_gain":0,"max_hp_loss":4,"event_name":"Winding Halls","floor":46,"gold_loss":0},{"damage_healed":0,"gold_gain":0,"player_choice":"Fight","damage_taken":0,"max_hp_gain":0,"max_hp_loss":0,"event_name":"MindBloom","floor":48,"gold_loss":0}],"is_beta":false,"boss_relics":[{"not_picked":["Runic Dome","Astrolabe"],"picked":"Philosopher\u0027s Stone"},{"not_picked":["Orrery","Runic Cube"],"picked":"Tiny House"}],"items_purged_floors":[2,19,36,53],"is_endless":false,"potions_floor_spawned":[3,7,10,18,20,28,38,39,42,54],"killed_by":"The Heart","ascension_level":1}