{"gold_per_floor":[117,94,111,386,397,397,284,319,319,91,266,292,119,119,119,119],"floor_reached":16,"playtime":505,"items_purged":["Regret"],"score":148,"play_id":"5b1cab9c-057d-44a4-a01b-f88f12e36d93","local_time":"20190702224326","is_ascension_mode":true,"campfire_choices":[{"data":"Flex","floor":6,"key":"SMITH"},{"floor":15,"key":"REST"}],"neow_cost":"NONE","seed_source_timestamp":20525382429400,"circlet_count":0,"master_deck":["Strike_R","Strike_R","Strike_R","Strike_R","Strike_R","Defend_R","Defend_R","Defend_R","Defend_R","Bash","Spot Weakness","Flex+1","Spot Weakness","Reckless Charge","Flame Barrier","Feed","Trip","Doubt","Madness","Parasite"],"relics":["Burning Blood","NeowsBlessing","FossilizedHelix","Oddly Smooth Stone","Shovel","Singing Bowl"],"potions_floor_usage":[8,12],"damage_taken":[{"damage":0,"enemies":"Cultist","floor":1,"turns":1},{"damage":0,"enemies":"Jaw Worm","floor":3,"turns":1},{"damage":0,"enemies":"2 Louse","floor":5,"turns":1},{"damage":30,"enemies":"Gremlin Nob","floor":8,"turns":4},{"damage":45,"enemies":"3 Sentries","floor":12,"turns":10},{"damage":70,"enemies":"Hexaghost","floor":16,"turns":11}],"seed_played":"-885446850429407148","potions_obtained":[{"floor":1,"key":"Fire Potion"},{"floor":8,"key":"EssenceOfSteel"}],"is_trial":false,"path_per_floor":["M","$","M","?","M","R","?","E","T","$","?","E","$","?","R","B"],"character_chosen":"IRONCLAD","items_purchased":["Flex","Feed","Trip","Madness"],"campfire_rested":1,"item_purchase_floors":[2,10,10,13],"current_hp_per_floor":[78,78,80,80,80,80,80,56,56,56,56,19,19,39,63,0],"gold":119,"neow_bonus":"THREE_ENEMY_KILL","is_prod":false,"is_daily":false,"chose_seed":false,"campfire_upgraded":1,"win_rate":0,"timestamp":1562121806,"path_taken":["M","?","M","?","?","R","?","E","T","?","?","E","$","?","R","BOSS"],"build_version":"2019-06-30","purchased_purges":1,"victory":false,"max_hp_per_floor":[80,80,80,80,80,80,80,80,80,80,80,82,82,82,82,82],"card_choices":[{"not_picked":["Thunderclap","Havoc"],"picked":"Spot Weakness","floor":1},{"not_picked":["Hemokinesis","Seeing Red"],"picked":"Spot Weakness","floor":3},{"not_picked":["Entrench","Twin Strike"],"picked":"Reckless Charge","floor":5},{"not_picked":["Armaments","Disarm"],"picked":"Flame Barrier","floor":8},{"not_picked":["Metallicize","Power Through","Intimidate"],"picked":"Singing Bowl","floor":12}],"player_experience":1172164,"relics_obtained":[{"floor":8,"key":"Oddly Smooth Stone"},{"floor":9,"key":"Shovel"},{"floor":12,"key":"Singing Bowl"}],"event_choices":[{"damage_healed":0,"gold_gain":275,"player_choice":"Desecrate","damage_taken":0,"max_hp_gain":0,"max_hp_loss":0,"event_name":"Golden Shrine","floor":4,"gold_loss":0,"cards_obtained":["Regret"]},{"damage_healed":0,"gold_gain":0,"player_choice":"Paid Gold","damage_taken":0,"relics_obtained":["FossilizedHelix"],"max_hp_gain":0,"max_hp_loss":0,"event_name":"WeMeetAgain","floor":7,"gold_loss":113},{"damage_healed":0,"gold_gain":175,"player_choice":"AGREE","damage_taken":0,"max_hp_gain":0,"max_hp_loss":0,"event_name":"Liars Game","floor":11,"gold_loss":0,"cards_obtained":["Doubt"]},{"damage_healed":20,"gold_gain":0,"player_choice":"Healed and dodged fight","damage_taken":0,"max_hp_gain":0,"max_hp_loss":0,"event_name":"Mushrooms","floor":14,"gold_loss":0,"cards_obtained":["Parasite"]}],"is_beta":true,"boss_relics":[],"items_purged_floors":[13],"is_endless":false,"potions_floor_spawned":[1,8],"killed_by":"Hexaghost","ascension_level":8}