{"gold_per_floor":[17,36,54,54,54,2,21,35,58,91,110,122,122,77,77,173,173,184,434,349,799,811,811],"floor_reached":23,"playtime":722,"items_purged":[],"score":279,"play_id":"58b97d73-1aaa-459e-83d4-337f03c7a9a6","local_time":"20180712161109","is_ascension_mode":true,"campfire_choices":[{"data":"Bash","floor":13,"key":"SMITH"},{"data":"Dropkick","floor":15,"key":"SMITH"}],"neow_cost":"NO_GOLD","seed_source_timestamp":305043367549646,"circlet_count":0,"master_deck":["Strike_R","Strike_R","Strike_R","Strike_R","Strike_R","Defend_R","Defend_R","Defend_R+1","Defend_R+1","Bash+1","Bludgeon+1","Flame Barrier+1","Uppercut","Cleave","Iron Wave","Spot Weakness","Dropkick+1","Body Slam","Offering","Flex","Limit Break","Cleave","Spot Weakness","Whirlwind","Flex","Ghostly Armor","Whirlwind","Regret","Dropkick"],"relics":["Burning Blood","War Paint","Pen Nib","Orrery","Ancient Tea Set"],"potions_floor_usage":[7,8,18,18],"damage_taken":[{"damage":9,"enemies":"2 Louse","floor":1,"turns":3},{"damage":2,"enemies":"Jaw Worm","floor":2,"turns":3},{"damage":4,"enemies":"Small Slimes","floor":3,"turns":2},{"damage":8,"enemies":"Blue Slaver","floor":7,"turns":2},{"damage":0,"enemies":"Exordium Wildlife","floor":8,"turns":3},{"damage":11,"enemies":"3 Sentries","floor":10,"turns":6},{"damage":16,"enemies":"Lots of Slimes","floor":11,"turns":3},{"damage":8,"enemies":"Blue Slaver","floor":12,"turns":2},{"damage":4,"enemies":"Slime Boss","floor":16,"turns":6},{"damage":4,"enemies":"Chosen","floor":18,"turns":3},{"damage":25,"enemies":"3 Byrds","floor":22,"turns":4},{"damage":20,"enemies":"Slavers","floor":23,"turns":2}],"seed_played":"4461302335411182920","potions_obtained":[{"floor":3,"key":"SkillPotion"},{"floor":7,"key":"Block Potion"},{"floor":12,"key":"SteroidPotion"},{"floor":16,"key":"Block Potion"}],"is_trial":false,"path_per_floor":["M","M","M","?","?","$","M","M","T","E","M","M","R","$","R","B",null,"M","?","?","?","M"],"character_chosen":"IRONCLAD","items_purchased":["Cleave","Flex"],"campfire_rested":0,"item_purchase_floors":[6,14],"current_hp_per_floor":[77,80,80,64,80,80,78,80,80,75,65,63,63,63,63,65,80,80,80,80,32,13,0],"gold":811,"neow_bonus":"THREE_RARE_CARDS","is_prod":false,"is_daily":false,"chose_seed":false,"campfire_upgraded":2,"win_rate":0,"timestamp":1531426269,"path_taken":["M","M","M","?","?","?","M","?","T","E","M","M","R","$","R","BOSS","M","?","?","?","M","E"],"build_version":"2018-07-11","purchased_purges":0,"victory":false,"max_hp_per_floor":[80,80,80,80,80,80,80,80,80,80,80,80,80,80,80,80,80,80,80,80,80,80,80],"card_choices":[{"not_picked":["Juggernaut","Brutality"],"picked":"Bludgeon","floor":0},{"not_picked":["Flex","Spot Weakness"],"picked":"Rupture","floor":1},{"not_picked":["Clash","Intimidate"],"picked":"Flame Barrier","floor":2},{"not_picked":["Havoc","Anger"],"picked":"Uppercut","floor":3},{"not_picked":["Sever Soul","Combust"],"picked":"Iron Wave","floor":7},{"not_picked":["Dropkick","Headbutt"],"picked":"Spot Weakness","floor":8},{"not_picked":["Shrug It Off","Second Wind"],"picked":"Dropkick","floor":10},{"not_picked":["Rage","Sword Boomerang"],"picked":"Body Slam","floor":11},{"not_picked":["Iron Wave","Armaments"],"picked":"Offering","floor":12},{"not_picked":["Exhume","Brutality"],"picked":"Limit Break","floor":16},{"not_picked":["Evolve","Havoc"],"picked":"Cleave","floor":17},{"not_picked":["Intimidate","Reckless Charge"],"picked":"Spot Weakness","floor":17},{"not_picked":["Feel No Pain","Shrug It Off"],"picked":"Whirlwind","floor":17},{"not_picked":["Thunderclap","True Grit"],"picked":"Flex","floor":17},{"not_picked":["Perfected Strike","True Grit"],"picked":"Ghostly Armor","floor":17},{"not_picked":["Heavy Blade","Sword Boomerang"],"picked":"Whirlwind","floor":18},{"not_picked":["Shrug It Off","Heavy Blade"],"picked":"Dropkick","floor":22}],"player_experience":402725,"relics_obtained":[{"floor":9,"key":"War Paint"},{"floor":10,"key":"Pen Nib"}],"event_choices":[{"event_name":"Shining Light","player_choice":"Entered Light","floor":4,"damage_taken":0},{"event_name":"Bonfire Elementals","player_choice":"UNCOMMON","floor":5,"damage_taken":0},{"event_name":"Golden Shrine","player_choice":"Desecrate","floor":19,"damage_taken":0},{"event_name":"Addict","player_choice":"Obtained Relic","floor":20,"damage_taken":0},{"event_name":"Knowing Skull","player_choice":"GOLD GOLD GOLD GOLD GOLD ","floor":21,"damage_taken":0}],"boss_relics":[{"not_picked":["Lizard Tail","Eternal Feather"],"picked":"Orrery"}],"items_purged_floors":[],"is_endless":false,"potions_floor_spawned":[3,7,12,16],"killed_by":"Slavers","ascension_level":3}