{"gold_per_floor":[117,117,128,140,154,212,212,238,238,238,253,253,270,297,297,398,398,415,440,452,4,18,44,44,79,79,147,164,183,183,211,211,310,310,322,9,26,41,88,115,128,128,128,128,228,259,278,312,312,312,312,312,23,56,56],"floor_reached":56,"playtime":7656,"items_purged":["Defend_B","Parasite"],"score":1631,"play_id":"90ba877e-41f8-4b39-9b44-4760c0ec73b5","local_time":"20190625225226","is_ascension_mode":true,"campfire_choices":[{"floor":7,"key":"REST"},{"floor":10,"key":"REST"},{"floor":15,"key":"REST"},{"floor":24,"key":"REST"},{"data":"Redo","floor":30,"key":"SMITH"},{"data":"Metamorphosis","floor":32,"key":"SMITH"},{"data":"Seek","floor":42,"key":"SMITH"},{"floor":49,"key":"RECALL"},{"data":"Steam Power","floor":52,"key":"SMITH"}],"neow_cost":"NONE","seed_source_timestamp":327492936411826,"circlet_count":0,"master_deck":["Strike_B","Strike_B","Strike_B","Defend_B","Defend_B+1","Defend_B","Zap","Dualcast","Steam","Cold Snap","Ball Lightning","Darkness","Hologram","Conserve Battery","Go for the Eyes","Redo+1","Seek+1","All For One+1","Streamline+1","Gash+1","FTL+1","Metamorphosis+1","Chaos","Compile Driver+1","Self Repair+1","Undo+1","Melter+1","Steam+1","Hologram+1","Echo Form+1","Flash of Steel+1","Scrape+1","Redo","Gash+1","Machine Learning+1","Loop+1","Chill","Reprogram+1","Barrage+1","Turbo+1","Steam Power+1","Redo+1","FTL+1","White Noise+1"],"relics":["Black Star","Pear","Tiny Chest","Frozen Egg 2","Juzu Bracelet","Shuriken","Orichalcum","Bag of Marbles","Molten Egg 2","Nuclear Battery","Pen Nib","Vajra","Potion Belt","Happy Flower","Mercury Hourglass","Meat on the Bone","Sundial","Boot","Thread and Needle","Inserter","War Paint","Unceasing Top","Ancient Tea Set","Anchor","Mango","Calipers","Emotion Chip","Centennial Puzzle","Ornamental Fan","Bronze Scales","Kunai","Oddly Smooth Stone"],"potions_floor_usage":[6,8,14,16,46,55,55,55,55,55],"damage_taken":[{"damage":8,"enemies":"Small Slimes","floor":1,"turns":4},{"damage":5,"enemies":"2 Louse","floor":3,"turns":3},{"damage":6,"enemies":"Cultist","floor":4,"turns":6},{"damage":21,"enemies":"Exordium Wildlife","floor":5,"turns":5},{"damage":27,"enemies":"Gremlin Nob","floor":6,"turns":5},{"damage":11,"enemies":"Lagavulin","floor":8,"turns":6},{"damage":8,"enemies":"3 Louse","floor":11,"turns":4},{"damage":1,"enemies":"Looter","floor":13,"turns":3},{"damage":21,"enemies":"Gremlin Nob","floor":14,"turns":5},{"damage":14,"enemies":"The Guardian","floor":16,"turns":10},{"damage":18,"enemies":"2 Thieves","floor":18,"turns":5},{"damage":12,"enemies":"Spheric Guardian","floor":20,"turns":4},{"damage":12,"enemies":"Centurion and Healer","floor":22,"turns":5},{"damage":25,"enemies":"Book of Stabbing","floor":23,"turns":4},{"damage":15,"enemies":"Gremlin Leader","floor":25,"turns":5},{"damage":4,"enemies":"Cultist and Chosen","floor":28,"turns":3},{"damage":24,"enemies":"Snecko","floor":29,"turns":5},{"damage":27,"enemies":"Book of Stabbing","floor":31,"turns":4},{"damage":0,"enemies":"Collector","floor":33,"turns":2},{"damage":5,"enemies":"3 Darklings","floor":35,"turns":4},{"damage":0,"enemies":"3 Shapes","floor":37,"turns":1},{"damage":6,"enemies":"Jaw Worm Horde","floor":38,"turns":3},{"damage":25,"enemies":"2 Orb Walkers","floor":39,"turns":4},{"damage":9,"enemies":"Giant Head","floor":40,"turns":5},{"damage":6,"enemies":"4 Shapes","floor":41,"turns":3},{"damage":16,"enemies":"Mind Bloom Boss Battle","floor":45,"turns":4},{"damage":35,"enemies":"Reptomancer","floor":46,"turns":5},{"damage":17,"enemies":"Writhing Mass","floor":47,"turns":6},{"damage":0,"enemies":"Nemesis","floor":48,"turns":4},{"damage":19,"enemies":"Donu and Deca","floor":50,"turns":4},{"damage":22,"enemies":"Shield and Spear","floor":54,"turns":3},{"damage":38,"enemies":"The Heart","floor":55,"turns":6}],"seed_played":"-2203106655718962832","potions_obtained":[{"floor":1,"key":"EssenceOfSteel"},{"floor":3,"key":"Dexterity Potion"},{"floor":8,"key":"LiquidBronze"},{"floor":11,"key":"SkillPotion"},{"floor":16,"key":"Block Potion"},{"floor":20,"key":"Strength Potion"},{"floor":22,"key":"PowerPotion"},{"floor":25,"key":"FocusPotion"},{"floor":28,"key":"LiquidBronze"},{"floor":35,"key":"Regen Potion"},{"floor":37,"key":"PowerPotion"},{"floor":47,"key":"Dexterity Potion"}],"is_trial":false,"path_per_floor":["M","?","M","M","M","E","R","E","T","R","M","?","M","E","R","B",null,"M","T","M","$","M","E","R","E","T","T","M","M","R","E","R","B",null,"M","$","M","M","?","E","M","R","T","?","?","E","M","E","R","B",null,"R","$","E","B",null],"character_chosen":"DEFECT","items_purchased":["FTL+1","Metamorphosis","Chaos","Capacitor+1","Flash of Steel+1","Scrape+1","Redo","War Paint","FTL+1","Bronze Scales"],"campfire_rested":4,"item_purchase_floors":[21,21,21,21,36,36,36,36,53,53],"current_hp_per_floor":[67,60,55,49,28,11,36,25,25,50,42,42,41,20,45,31,85,67,67,55,55,43,18,43,38,38,38,46,44,44,29,29,41,85,85,85,85,85,60,61,55,55,55,55,75,72,65,75,75,66,99,99,96,84,61],"gold":56,"neow_bonus":"BOSS_RELIC","is_prod":false,"is_daily":false,"chose_seed":false,"campfire_upgraded":4,"win_rate":0,"timestamp":1561517546,"path_taken":["M","?","M","M","M","E","R","E","T","R","M","?","M","E","R","BOSS","M","?","M","$","M","E","R","E","T","?","M","M","R","E","R","BOSS","M","$","M","M","?","E","M","R","T","?","?","E","M","E","R","BOSS","R","$","E","BOSS"],"build_version":"2019-01-23","purchased_purges":2,"victory":true,"max_hp_per_floor":[75,75,75,75,75,85,85,85,85,85,85,85,85,85,85,85,85,85,85,85,85,85,85,85,85,85,85,85,85,85,85,85,85,85,85,85,85,85,85,85,85,85,85,85,99,99,99,99,99,99,99,99,96,96,96],"card_choices":[{"not_picked":["Darkness","Rebound"],"picked":"Steam","floor":1},{"not_picked":["Streamline","Doom and Gloom"],"picked":"Cold Snap","floor":3},{"not_picked":["Doom and Gloom","Gash"],"picked":"Ball Lightning","floor":4},{"not_picked":["Scrape","Double Energy"],"picked":"Darkness","floor":5},{"not_picked":["Leap","Steam"],"picked":"Hologram","floor":6},{"not_picked":["Cold Snap","Ball Lightning"],"picked":"Conserve Battery","floor":8},{"not_picked":["Coolheaded","Lockon"],"picked":"Go for the Eyes","floor":11},{"not_picked":["Reprogram","Go for the Eyes"],"picked":"Redo","floor":13},{"not_picked":["Gash","Stack"],"picked":"Seek","floor":14},{"not_picked":["Multi-Cast","Hyperbeam+1"],"picked":"All For One+1","floor":16},{"not_picked":["Rebound+1","Storm+1"],"picked":"Streamline+1","floor":18},{"not_picked":["Coolheaded","Stack"],"picked":"Gash+1","floor":20},{"not_picked":["Streamline+1","Defragment+1"],"picked":"Compile Driver+1","floor":22},{"not_picked":["Ball Lightning+1","Cold Snap+1"],"picked":"Self Repair+1","floor":23},{"not_picked":["Thunder Strike+1","Genetic Algorithm"],"picked":"Undo","floor":25},{"not_picked":["Consume","Barrage+1"],"picked":"Melter+1","floor":28},{"not_picked":["Redo","Chill+1"],"picked":"Steam+1","floor":29},{"not_picked":["Tempest","Genetic Algorithm"],"picked":"Hologram+1","floor":31},{"not_picked":["Core Surge+1","Electrodynamics+1"],"picked":"Echo Form+1","floor":33},{"not_picked":["Doom and Gloom+1","Cold Snap+1","Darkness"],"picked":"SKIP","floor":35},{"not_picked":["Rebound+1","Stack"],"picked":"Gash+1","floor":37},{"not_picked":["Coolheaded+1","Gash+1"],"picked":"Machine Learning+1","floor":38},{"not_picked":["Stack","Streamline+1"],"picked":"Loop+1","floor":39},{"not_picked":["Gash+1","Ball Lightning+1"],"picked":"Chill","floor":40},{"not_picked":["Gash+1","BootSequence"],"picked":"Reprogram+1","floor":41},{"not_picked":["Force Field","Fusion"],"picked":"Barrage+1","floor":45},{"not_picked":["Gash+1","Hello World+1"],"picked":"Turbo+1","floor":46},{"not_picked":["Fission","Lockon+1"],"picked":"Steam Power","floor":47},{"not_picked":["Turbo+1","Loop+1"],"picked":"Redo+1","floor":48},{"not_picked":["Hello World+1","Melter+1"],"picked":"White Noise+1","floor":54}],"player_experience":116676,"relics_obtained":[{"floor":6,"key":"Pear"},{"floor":6,"key":"Tiny Chest"},{"floor":8,"key":"Frozen Egg 2"},{"floor":8,"key":"Juzu Bracelet"},{"floor":9,"key":"Shuriken"},{"floor":12,"key":"Orichalcum"},{"floor":14,"key":"Bag of Marbles"},{"floor":14,"key":"Molten Egg 2"},{"floor":19,"key":"Pen Nib"},{"floor":23,"key":"Vajra"},{"floor":23,"key":"Potion Belt"},{"floor":25,"key":"Happy Flower"},{"floor":25,"key":"Mercury Hourglass"},{"floor":26,"key":"Meat on the Bone"},{"floor":27,"key":"Sundial"},{"floor":31,"key":"Boot"},{"floor":31,"key":"Thread and Needle"},{"floor":39,"key":"Unceasing Top"},{"floor":40,"key":"Ancient Tea Set"},{"floor":40,"key":"Anchor"},{"floor":45,"key":"Mango"},{"floor":46,"key":"Calipers"},{"floor":46,"key":"Emotion Chip"},{"floor":48,"key":"Centennial Puzzle"},{"floor":48,"key":"Ornamental Fan"},{"floor":54,"key":"Kunai"},{"floor":54,"key":"Oddly Smooth Stone"}],"event_choices":[{"cards_removed":["Strike_B"],"damage_healed":0,"gold_gain":0,"player_choice":"Card Removal","damage_taken":7,"max_hp_gain":0,"max_hp_loss":0,"event_name":"Golden Wing","floor":2,"gold_loss":0},{"damage_healed":0,"gold_gain":0,"player_choice":"Relic","damage_taken":0,"max_hp_gain":0,"max_hp_loss":0,"event_name":"Wheel of Change","floor":12,"gold_loss":0},{"damage_healed":0,"gold_gain":0,"player_choice":"Fight","damage_taken":0,"max_hp_gain":0,"max_hp_loss":0,"event_name":"Mysterious Sphere","floor":39,"gold_loss":0},{"cards_removed":["Capacitor"],"damage_healed":0,"gold_gain":0,"player_choice":"Removed Power","damage_taken":0,"max_hp_gain":0,"max_hp_loss":0,"event_name":"Falling","floor":44,"gold_loss":0},{"damage_healed":0,"gold_gain":0,"player_choice":"Fight","damage_taken":0,"max_hp_gain":0,"max_hp_loss":0,"event_name":"MindBloom","floor":45,"gold_loss":0}],"is_beta":false,"boss_relics":[{"not_picked":["Philosopher\u0027s Stone","Coffee Dripper"],"picked":"Nuclear Battery"},{"not_picked":["Lizard Tail","Cursed Key"],"picked":"Inserter"}],"items_purged_floors":[21,53],"is_endless":false,"potions_floor_spawned":[1,3,8,11,16,20,22,25,28,35,37,41,47,48],"ascension_level":3}