{"gold_per_floor":[118,118,138,158,175,209,209,209,235,260,280,250,267,285,285,390,440,455,501,120,120,134,168,168,195,195,205,205,205,205,240,240,240],"floor_reached":33,"playtime":5456,"items_purged":[],"score":394,"play_id":"7cb8aa95-77ca-4e0b-862b-00c31529fadb","local_time":"20190706044722","is_ascension_mode":true,"campfire_choices":[{"data":"Double Energy","floor":7,"key":"SMITH"},{"floor":15,"key":"REST"},{"floor":24,"key":"REST"},{"floor":28,"key":"REST"},{"data":"RitualDagger","floor":32,"key":"SMITH"}],"neow_cost":"PERCENT_DAMAGE","seed_source_timestamp":182951928375200,"circlet_count":0,"master_deck":["Strike_B","Strike_B","Strike_B","Strike_B","Defend_B","Defend_B","Defend_B","Defend_B","Zap","Dualcast","Double Energy+1","Fusion+1","Glacier","Gash","Hologram","Storm","Glacier","Ball Lightning","Cold Snap","Meteor Strike","Defragment","Conserve Battery","Defragment","Reboot","RitualDagger+1","Gash","Double Energy","Tempest","Streamline","Rip and Tear","Turbo+1"],"relics":["Cracked Core","Ice Cream","Mercury Hourglass","Dream Catcher","Cables","Tiny House","Art of War","Pen Nib","PreservedInsect","Bag of Marbles","FossilizedHelix","Happy Flower"],"potions_floor_usage":[5,6,10,13,16,16,16,18,18,22,25],"damage_taken":[{"damage":1,"enemies":"Cultist","floor":1,"turns":4},{"damage":0,"enemies":"Small Slimes","floor":3,"turns":3},{"damage":0,"enemies":"2 Louse","floor":4,"turns":2},{"damage":6,"enemies":"Looter","floor":5,"turns":4},{"damage":11,"enemies":"Lagavulin","floor":6,"turns":10},{"damage":6,"enemies":"3 Sentries","floor":10,"turns":5},{"damage":7,"enemies":"Large Slime","floor":11,"turns":7},{"damage":5,"enemies":"Exordium Wildlife","floor":13,"turns":4},{"damage":15,"enemies":"3 Louse","floor":14,"turns":2},{"damage":26,"enemies":"Hexaghost","floor":16,"turns":12},{"damage":3,"enemies":"Chosen","floor":18,"turns":3},{"damage":12,"enemies":"Shell Parasite","floor":22,"turns":4},{"damage":45,"enemies":"Slavers","floor":23,"turns":7},{"damage":8,"enemies":"Book of Stabbing","floor":25,"turns":4},{"damage":0,"enemies":"Cultist and Chosen","floor":27,"turns":5},{"damage":6,"enemies":"Gremlin Leader","floor":31,"turns":5},{"damage":66,"enemies":"Automaton","floor":33,"turns":6}],"seed_played":"-8354717196478636144","potions_obtained":[{"floor":1,"key":"FocusPotion"},{"floor":3,"key":"Block Potion"},{"floor":6,"key":"AttackPotion"},{"floor":11,"key":"SkillPotion"},{"floor":12,"key":"GamblersBrew"},{"floor":12,"key":"FearPotion"},{"floor":14,"key":"Dexterity Potion"},{"floor":16,"key":"Weak Potion"},{"floor":17,"key":"FocusPotion"},{"floor":18,"key":"Fire Potion"},{"floor":23,"key":"FocusPotion"}],"is_trial":false,"path_per_floor":["M","?","M","M","M","E","R","T","T","E","M","?","M","M","R","B",null,"M","T","$","?","M","E","R","E","T","M","R","?","?","E","R","B"],"character_chosen":"DEFECT","items_purchased":["Defragment","Pen Nib","Reboot"],"campfire_rested":3,"item_purchase_floors":[20,20,20],"current_hp_per_floor":[53,75,75,75,69,58,58,58,58,52,45,45,40,25,47,21,67,64,64,64,58,46,1,25,17,17,17,41,67,67,61,61,0],"gold":240,"neow_bonus":"ONE_RARE_RELIC","is_prod":false,"is_daily":false,"chose_seed":false,"campfire_upgraded":2,"win_rate":0,"timestamp":1562402842,"path_taken":["M","?","M","M","?","E","R","?","T","E","M","?","M","M","R","BOSS","M","?","$","?","M","E","R","E","T","M","R","?","?","E","R","BOSS"],"build_version":"2019-07-03","purchased_purges":0,"victory":false,"max_hp_per_floor":[75,75,75,75,75,75,75,75,75,75,75,75,75,75,75,75,80,80,80,80,80,80,80,80,80,80,80,80,80,80,80,80,80],"card_choices":[{"not_picked":["Compile Driver","Loop"],"picked":"Aggregate","floor":1},{"not_picked":["Reinforced Body","Leap"],"picked":"Double Energy","floor":3},{"not_picked":["Defragment","Rebound"],"picked":"Fusion","floor":4},{"not_picked":["Cold Snap","Skim"],"picked":"Glacier","floor":5},{"not_picked":["Auto Shields","Conserve Battery"],"picked":"Gash","floor":6},{"not_picked":["Darkness","Streamline"],"picked":"Hologram","floor":10},{"not_picked":["Rebound","Reprogram"],"picked":"Storm","floor":11},{"not_picked":["Hello World","Hologram"],"picked":"Glacier","floor":13},{"not_picked":["Beam Cell","Barrage"],"picked":"Ball Lightning","floor":14},{"not_picked":["Conserve Battery","Coolheaded"],"picked":"Cold Snap","floor":15},{"not_picked":["Creative AI","Amplify"],"picked":"Meteor Strike","floor":16},{"not_picked":["Sweeping Beam","Streamline"],"picked":"Defragment","floor":17},{"not_picked":["Reprogram","Coolheaded"],"picked":"Conserve Battery","floor":18},{"not_picked":["Barrage","Stack","Recycle+1"],"picked":"SKIP","floor":22},{"not_picked":["Fusion","Ball Lightning+1"],"picked":"Gash","floor":23},{"not_picked":["Redo","Coolheaded"],"picked":"Double Energy","floor":24},{"not_picked":["Skim","Rebound"],"picked":"Tempest","floor":25},{"not_picked":["Hyperbeam","Rebound"],"picked":"Streamline","floor":27},{"not_picked":["Beam Cell","Leap"],"picked":"Rip and Tear","floor":28},{"not_picked":["Sweeping Beam+1","Rebound"],"picked":"Turbo+1","floor":31}],"player_experience":1200630,"relics_obtained":[{"floor":6,"key":"Mercury Hourglass"},{"floor":9,"key":"Dream Catcher"},{"floor":10,"key":"Cables"},{"floor":19,"key":"Art of War"},{"floor":23,"key":"PreservedInsect"},{"floor":25,"key":"Bag of Marbles"},{"floor":26,"key":"FossilizedHelix"},{"floor":31,"key":"Happy Flower"}],"event_choices":[{"cards_removed":["Aggregate"],"damage_healed":22,"gold_gain":0,"player_choice":"Offered Uncommon","damage_taken":0,"max_hp_gain":0,"max_hp_loss":0,"event_name":"Bonfire Elementals","floor":2,"gold_loss":0},{"damage_healed":0,"gold_gain":0,"player_choice":"Bought 2 Potions","damage_taken":0,"max_hp_gain":0,"max_hp_loss":0,"event_name":"The Woman in Blue","floor":12,"gold_loss":0},{"damage_healed":0,"gold_gain":0,"player_choice":"Joined the Cult","damage_taken":6,"max_hp_gain":0,"max_hp_loss":0,"event_name":"Nest","floor":21,"gold_loss":0,"cards_obtained":["RitualDagger"]},{"damage_healed":26,"gold_gain":0,"player_choice":"Heal","damage_taken":0,"max_hp_gain":0,"max_hp_loss":0,"event_name":"The Library","floor":29,"gold_loss":0},{"damage_healed":0,"gold_gain":0,"player_choice":"Ignored","damage_taken":0,"max_hp_gain":0,"max_hp_loss":0,"event_name":"Ghosts","floor":30,"gold_loss":0}],"is_beta":true,"boss_relics":[{"not_picked":["White Beast Statue","Fusion Hammer"],"picked":"Tiny House"}],"items_purged_floors":[],"is_endless":false,"potions_floor_spawned":[1,3,6,11,14,16,18,23],"killed_by":"Automaton","ascension_level":5}