{"path_per_floor":["M","M","?","?","M","R","$","E","T","M","$","M","R","M","R","B",null,"M","$","?","M","?","R","M","?","T","?","?","?","R","?","R"],"character_chosen":"DEFECT","items_purchased":["Defragment","Auto Shields","Genetic Algorithm","Juzu Bracelet"],"gold_per_floor":[115,129,129,204,214,214,64,91,91,105,34,46,46,60,60,158,158,170,17,17,29,29,29,45,45,45,45,45,295,295,295,295,295],"floor_reached":33,"campfire_rested":4,"playtime":932,"current_hp_per_floor":[75,63,63,52,52,56,56,25,25,30,30,20,48,35,63,29,75,41,41,41,27,27,57,28,28,28,28,28,28,60,60,70,0],"items_purged":[],"gold":295,"score":243,"play_id":"f6199f64-0fcd-4a0d-a0e5-fec3e40efdf9","local_time":"20180516131052","is_prod":false,"is_daily":false,"chose_seed":false,"is_ascension_mode":false,"campfire_upgraded":2,"timestamp":1526490652,"path_taken":["M","M","?","?","?","R","?","E","T","?","?","M","R","M","R","BOSS","M","$","?","M","?","R","M","?","T","?","?","?","R","?","R","BOSS"],"build_version":"2018-05-15","seed_source_timestamp":252725882835458,"purchased_purges":0,"victory":false,"master_deck":["Strike_B","Strike_B","Strike_B","Defend_B","Defend_B","Defend_B","Defend_B","Zap+1","Dualcast","Sunder+1","Consume+1","Defragment+1","Auto Shields+1","Genetic Algorithm","Redo","Genetic Algorithm","Chaos","Doom and Gloom","Fission","Melter","Turbo+1","Streamline","Chill+1","Consume+1","Regret"],"max_hp_per_floor":[75,75,75,75,75,75,75,75,75,75,75,75,75,75,75,75,75,75,75,75,75,75,75,75,75,75,75,75,75,75,75,75,75],"relics":["Eternal Feather","Symbiotic Virus","War Paint","Nuclear Battery","Juzu Bracelet","Art of War","Turnip"],"card_choices":[{"not_picked":["Rebound","Capacitor"],"picked":"Sunder","floor":1},{"not_picked":["Cold Snap","Axe Kick","Barrage"],"picked":"SKIP","floor":2},{"not_picked":["Capacitor","Glacier"],"picked":"Consume","floor":5},{"not_picked":["Creative AI","Sweeping Beam"],"picked":"Genetic Algorithm","floor":8},{"not_picked":["Chaos","Ball Lightning"],"picked":"Redo","floor":10},{"not_picked":["Ball Lightning","Steam"],"picked":"Chaos","floor":12},{"not_picked":["Cold Snap","Stack"],"picked":"Doom and Gloom","floor":14},{"not_picked":["Nova","Hyperbeam"],"picked":"Fission","floor":16},{"not_picked":["Axe Kick","Capacitor+1"],"picked":"Melter","floor":18},{"not_picked":["Static Discharge","Skim"],"picked":"Turbo+1","floor":21},{"not_picked":["Doom and Gloom+1","Rebound"],"picked":"Chill","floor":24}],"player_experience":284977,"potions_floor_usage":[10,12,16],"damage_taken":[{"damage":0,"enemies":"Small Slimes","floor":1,"turns":3},{"damage":12,"enemies":"Jaw Worm","floor":2,"turns":4},{"damage":0,"enemies":"2 Louse","floor":5,"turns":2},{"damage":31,"enemies":"Lagavulin","floor":8,"turns":7},{"damage":7,"enemies":"Gremlin Gang","floor":10,"turns":4},{"damage":10,"enemies":"Exordium Thugs","floor":12,"turns":4},{"damage":13,"enemies":"Lots of Slimes","floor":14,"turns":4},{"damage":34,"enemies":"The Guardian","floor":16,"turns":9},{"damage":34,"enemies":"3 Byrds","floor":18,"turns":6},{"damage":14,"enemies":"Spheric Guardian","floor":21,"turns":4},{"damage":29,"enemies":"Centurion and Healer","floor":24,"turns":6},{"damage":84,"enemies":"Automaton","floor":33,"turns":6}],"relics_obtained":[{"floor":8,"key":"Symbiotic Virus"},{"floor":9,"key":"War Paint"},{"floor":26,"key":"Turnip"}],"event_choices":[{"event_name":"Living Wall","player_choice":"Grow","floor":3,"damage_taken":0},{"event_name":"World of Goop","player_choice":"Gather Gold","floor":4,"damage_taken":0},{"event_name":"The Mausoleum","player_choice":"Yes","floor":20,"damage_taken":0},{"event_name":"Transmorgrifier","player_choice":"Transform","floor":22,"damage_taken":0},{"event_name":"Upgrade Shrine","player_choice":"Upgraded","floor":25,"damage_taken":0},{"event_name":"Addict","player_choice":"Ignored","floor":27,"damage_taken":0},{"event_name":"Duplicator","player_choice":"One dupe","floor":28,"damage_taken":0},{"event_name":"Golden Shrine","player_choice":"Desecrate","floor":29,"damage_taken":0},{"event_name":"Drug Dealer","player_choice":"Ignored","floor":31,"damage_taken":0}],"boss_relics":[{"not_picked":["Ectoplasm","Black Star"],"picked":"Nuclear Battery"}],"potions_floor_spawned":[8,10,12,14],"seed_played":"212443830634146467","killed_by":"Automaton","ascension_level":0,"potions_obtained":[{"floor":8,"key":"Regen Potion"},{"floor":10,"key":"Weak Potion"},{"floor":12,"key":"Ancient Potion"},{"floor":14,"key":"SteroidPotion"}],"is_trial":false}