{"gold_per_floor":[115,115,115,133,1,27,40,40,40,75,50,50,77,94,94,189,189,169,183,183,183,195,195],"floor_reached":23,"playtime":2149,"items_purged":[],"score":199,"play_id":"f1502c90-8d29-40a3-ab64-f017edb986a8","local_time":"20190704235711","is_ascension_mode":false,"campfire_choices":[{"data":"White Noise","floor":8,"key":"SMITH"},{"floor":12,"key":"REST"},{"data":"Conserve Battery","floor":15,"key":"SMITH"}],"neow_cost":"NONE","seed_source_timestamp":738667796607040,"circlet_count":0,"master_deck":["Strike_B","Strike_B","Defend_B","Defend_B","Defend_B","Defend_B","Zap","Dualcast","Cold Snap","White Noise+1","Coolheaded","Dramatic Entrance","Coolheaded","Ball Lightning","Cold Snap","Conserve Battery+1","Glacier","Multi-Cast","Gash+1","Double Energy","Writhe","FTL","Force Field","Rebound"],"relics":["Cracked Core","Dodecahedron","Centennial Puzzle","Mummified Hand","Lantern","Oddly Smooth Stone","Coffee Dripper","Happy Flower"],"potions_floor_usage":[16,16,16,23,23],"damage_taken":[{"damage":1,"enemies":"Jaw Worm","floor":1,"turns":3},{"damage":3,"enemies":"Small Slimes","floor":4,"turns":3},{"damage":23,"enemies":"Lagavulin","floor":6,"turns":13},{"damage":0,"enemies":"Cultist","floor":7,"turns":4},{"damage":31,"enemies":"Gremlin Nob","floor":10,"turns":4},{"damage":0,"enemies":"Lots of Slimes","floor":14,"turns":2},{"damage":7,"enemies":"Hexaghost","floor":16,"turns":9},{"damage":18,"enemies":"2 Thieves","floor":18,"turns":5},{"damage":3,"enemies":"Spheric Guardian","floor":19,"turns":4},{"damage":4,"enemies":"Shelled Parasite and Fungi","floor":22,"turns":7},{"damage":64,"enemies":"Gremlin Leader","floor":23,"turns":10}],"seed_played":"-1566793925830944700","potions_obtained":[{"floor":3,"key":"EntropicBrew"},{"floor":3,"key":"SpeedPotion"},{"floor":3,"key":"SneckoOil"},{"floor":7,"key":"FocusPotion"},{"floor":10,"key":"LiquidBronze"},{"floor":16,"key":"Strength Potion"}],"is_trial":false,"path_per_floor":["M","?","?","M","$","E","M","R","T","E","$","R","T","M","R","B",null,"M","M","?","?","M","E"],"character_chosen":"DEFECT","items_purchased":["Coolheaded","Dramatic Entrance","Conserve Battery"],"campfire_rested":1,"item_purchase_floors":[5,5,11],"current_hp_per_floor":[81,78,78,75,75,52,52,52,52,21,21,45,45,45,45,38,82,64,61,61,61,57,0],"gold":195,"neow_bonus":"TEN_PERCENT_HP_BONUS","is_prod":false,"is_daily":false,"chose_seed":false,"campfire_upgraded":2,"win_rate":0.0,"timestamp":1562299031,"path_taken":["M","?","?","?","?","E","M","R","T","E","$","R","?","?","R","BOSS","M","M","?","?","M","E"],"build_version":"2019-07-01","purchased_purges":0,"victory":false,"max_hp_per_floor":[82,82,82,82,82,82,82,82,82,82,82,82,82,82,82,82,82,82,82,82,82,82,82],"card_choices":[{"not_picked":["Leap","Turbo"],"picked":"Cold Snap","floor":1},{"not_picked":["Steam","Gash"],"picked":"White Noise","floor":4},{"not_picked":["Rebound","Stack"],"picked":"Coolheaded","floor":6},{"not_picked":["Static Discharge","Gash"],"picked":"Ball Lightning","floor":7},{"not_picked":["Streamline","Go for the Eyes"],"picked":"Cold Snap","floor":10},{"not_picked":["Hello World","Loop"],"picked":"Glacier","floor":14},{"not_picked":["All For One","Machine Learning"],"picked":"Multi-Cast","floor":16},{"not_picked":["Melter","Leap"],"picked":"Gash+1","floor":18},{"not_picked":["Steam Power","Steam"],"picked":"Double Energy","floor":19},{"not_picked":["Turbo","Sweeping Beam"],"picked":"Rebound","floor":22}],"player_experience":38964,"relics_obtained":[{"floor":6,"key":"Centennial Puzzle"},{"floor":9,"key":"Mummified Hand"},{"floor":10,"key":"Lantern"},{"floor":13,"key":"Oddly Smooth Stone"}],"event_choices":[{"damage_healed":0,"gold_gain":0,"player_choice":"Success","damage_taken":3,"relics_obtained":["Dodecahedron"],"max_hp_gain":0,"max_hp_loss":0,"event_name":"Scrap Ooze","floor":2,"gold_loss":0},{"damage_healed":0,"gold_gain":0,"player_choice":"Got Potions","damage_taken":0,"max_hp_gain":0,"max_hp_loss":0,"event_name":"Lab","floor":3,"gold_loss":0},{"damage_healed":0,"gold_gain":0,"player_choice":"Opened","damage_taken":0,"relics_obtained":["Happy Flower"],"max_hp_gain":0,"max_hp_loss":0,"event_name":"The Mausoleum","floor":20,"gold_loss":0,"cards_obtained":["Writhe"]},{"damage_healed":0,"gold_gain":0,"cards_transformed":["Strike_B","Strike_B"],"player_choice":"Became Test Subject","damage_taken":0,"max_hp_gain":0,"max_hp_loss":0,"event_name":"Drug Dealer","floor":21,"gold_loss":0,"cards_obtained":["FTL","Force Field"]}],"is_beta":false,"boss_relics":[{"not_picked":["Sozu","Cursed Key"],"picked":"Coffee Dripper"}],"items_purged_floors":[],"is_endless":false,"potions_floor_spawned":[7,10,14,16,18,19],"killed_by":"Gremlin Leader","ascension_level":0}