{"path_per_floor":["M","?","?","$","M","E","R","M","T","M","E","M","R","E","R","B",null,"M","?","$","M","?","R","M","R","T","M","?","?","M","$","R"],"character_chosen":"IRONCLAD","items_purchased":["Offering","Toy Ornithopter","Strawberry","Pummel"],"gold_per_floor":[115,115,290,126,142,171,171,182,209,220,252,270,270,335,335,431,431,444,444,23,36,36,36,49,49,125,135,135,50,69,35,35,35],"floor_reached":33,"campfire_rested":5,"playtime":957,"current_hp_per_floor":[80,77,77,77,80,90,90,86,86,74,52,52,79,50,77,27,90,63,63,70,42,26,55,14,43,43,20,20,20,7,7,36,0],"items_purged":["Doubt"],"gold":35,"score":315,"play_id":"096079f5-fc15-4a4c-aa8e-9a468e74857c","local_time":"20180416105629","is_prod":false,"is_daily":false,"chose_seed":false,"is_ascension_mode":false,"campfire_upgraded":1,"timestamp":1523890589,"path_taken":["M","?","?","?","M","E","R","M","T","M","E","?","R","E","R","BOSS","M","?","$","?","?","R","M","R","T","M","?","?","?","?","R","BOSS"],"build_version":"2018-04-12","seed_source_timestamp":60869959549677,"purchased_purges":1,"victory":false,"master_deck":["Strike_R","Strike_R","Strike_R","Strike_R","Strike_R","Defend_R","Defend_R","Defend_R","Defend_R","Bash","Inflame","Offering+1","Dual Wield","Battle Trance","Seeing Red","Cleave","Offering","Writhe","Seeing Red","Seeing Red+1","Dropkick","Offering+1","Flex+1","Pummel"],"max_hp_per_floor":[80,80,80,80,80,90,90,90,90,90,90,90,90,90,90,90,90,90,90,97,97,97,97,97,97,97,97,97,97,97,97,97,97],"relics":["Burning Blood","NeowsBlessing","Bag of Marbles","Pear","Prayer Wheel","Centennial Puzzle","Tiny Chest","Runic Cube","Unceasing Top","Toy Ornithopter","Strawberry","Nilry\u0027s Codex","Kunai","Peace Pipe"],"card_choices":[{"not_picked":["Twin Strike","Body Slam"],"picked":"Inflame","floor":1},{"not_picked":["Carnage","Spot Weakness"],"picked":"Dual Wield","floor":6},{"not_picked":["Reckless Charge","Twin Strike"],"picked":"Battle Trance","floor":10},{"not_picked":["Thunderclap","Clothesline"],"picked":"Seeing Red","floor":11},{"not_picked":["Combust","Clash"],"picked":"Cleave","floor":12},{"not_picked":["Limit Break","Barricade"],"picked":"Offering","floor":16},{"not_picked":["Flame Barrier","Thunderclap"],"picked":"Seeing Red","floor":24},{"not_picked":["Sever Soul","Twin Strike"],"picked":"Seeing Red","floor":26},{"not_picked":["Metallicize","Heavy Blade"],"picked":"Dropkick","floor":27},{"not_picked":["Pommel Strike","Thunderclap"],"picked":"Flex","floor":30}],"player_experience":656376,"potions_floor_usage":[11,14,16,21,21,30,33],"damage_taken":[{"damage":0,"enemies":"2 Louse","floor":1,"turns":1},{"damage":0,"enemies":"Small Slimes","floor":5,"turns":1},{"damage":0,"enemies":"Gremlin Nob","floor":6,"turns":1},{"damage":10,"enemies":"Jaw Worm","floor":8,"turns":2},{"damage":18,"enemies":"Blue Slaver","floor":10,"turns":3},{"damage":28,"enemies":"3 Sentries","floor":11,"turns":5},{"damage":6,"enemies":"Exordium Wildlife","floor":12,"turns":2},{"damage":35,"enemies":"Lagavulin","floor":14,"turns":4},{"damage":56,"enemies":"Slime Boss","floor":16,"turns":9},{"damage":33,"enemies":"2 Thieves","floor":18,"turns":4},{"damage":40,"enemies":"Shell Parasite","floor":21,"turns":4},{"damage":47,"enemies":"Snake Plant","floor":24,"turns":4},{"damage":29,"enemies":"3 Cultists","floor":27,"turns":4},{"damage":22,"enemies":"Slaver and Parasite","floor":30,"turns":3},{"damage":44,"enemies":"Collector","floor":33,"turns":3}],"event_choices":[{"event_name":"Scrap Ooze","player_choice":"success","floor":2,"damage_taken":3},{"event_name":"Liars Game","player_choice":"agreed","floor":3,"damage_taken":0},{"event_name":"The Mausoleum","player_choice":"Yes","floor":19,"damage_taken":0},{"event_name":"Cursed Tome","player_choice":"Obtained Book","floor":22,"damage_taken":0},{"event_name":"Duplicator","player_choice":"One dupe","floor":28,"damage_taken":0},{"event_name":"Addict","player_choice":"Obtained Relic","floor":29,"damage_taken":0}],"boss_relics":[{"not_picked":["Sozu","Runic Pyramid"],"picked":"Runic Cube"}],"potions_floor_spawned":[1,5,12,14,18,27,30],"seed_played":"8696666542860486397","killed_by":"Collector","ascension_level":0,"is_trial":false}