{"path_per_floor":["M","?","$","?","?","M","R","M","T","E","M","R","M","?","R","B",null,"M","?","$","?","M","M","?","R","T","R","M","$","R","M","R"],"character_chosen":"DEFECT","items_purchased":["White Noise","Tiny Chest","Blood Vial","Sunder","Poison Potion"],"gold_per_floor":[115,115,74,74,149,168,168,191,215,250,271,271,271,271,271,399,399,417,332,17,17,33,51,51,51,51,51,75,24,24,39,39,39],"floor_reached":33,"campfire_rested":5,"playtime":1334,"item_purchase_floors":[3,20,20,20,29],"current_hp_per_floor":[75,69,69,69,58,58,58,58,58,48,40,40,40,40,60,55,69,18,18,18,18,8,1,1,21,21,41,19,19,39,45,65,0],"items_purged":[],"gold":39,"score":245,"play_id":"6e566550-f209-455d-93a9-021354d1ba7f","local_time":"20180519102034","is_prod":false,"is_daily":false,"chose_seed":false,"is_ascension_mode":false,"campfire_upgraded":2,"timestamp":1526739634,"campfire_choices":[{"data":"White Noise","floor":7,"key":"SMITH"},{"data":"Chaos","floor":12,"key":"SMITH"},{"floor":15,"key":"REST"},{"floor":25,"key":"REST"},{"floor":27,"key":"REST"},{"floor":30,"key":"REST"},{"floor":32,"key":"REST"}],"path_taken":["M","?","$","?","?","M","R","?","T","E","?","R","M","?","R","BOSS","M","?","$","?","M","M","?","R","T","R","M","?","R","M","R","BOSS"],"build_version":"2018-05-18","seed_source_timestamp":501306746254482,"purchased_purges":0,"victory":false,"master_deck":["Zap","Dualcast","Cold Snap+1","Beam Cell+1","White Noise","Recycle","Force Field","Skim","Stack","Double Energy+1","Turbo","White Noise+1","Cold Snap","Darkness","Chaos+1","Multi-Cast","Glacier","Sunder","Writhe","Blizzard+1","Gash+1"],"max_hp_per_floor":[75,69,69,69,69,69,69,69,69,69,69,69,69,69,69,69,69,69,69,69,69,69,69,69,69,69,69,69,69,69,69,69,69],"relics":["Pandora\u0027s Box","Golden Idol","Pen Nib","Whetstone","Lizard Tail","Mercury Hourglass","Tiny Chest","Blood Vial","Unceasing Top","Frozen Egg 2"],"card_choices":[{"not_picked":["Coolheaded","Aggregate"],"picked":"Turbo","floor":1},{"not_picked":["Axe Kick","Stack","Skim"],"picked":"SKIP","floor":6},{"not_picked":["Aggregate","Capacitor"],"picked":"Cold Snap","floor":8},{"not_picked":["Heatsinks","Skim"],"picked":"Darkness","floor":10},{"not_picked":["Go for the Eyes","Cold Snap"],"picked":"Chaos","floor":11},{"not_picked":["Electrodynamics","Seek"],"picked":"Multi-Cast","floor":16},{"not_picked":["Axe Kick+1","Recycle"],"picked":"Glacier","floor":18},{"not_picked":["Steam","Hologram"],"picked":"Blizzard+1","floor":22},{"not_picked":["Coolheaded","Go for the Eyes"],"picked":"Gash+1","floor":23},{"not_picked":["Steam","Rebound","Axe Kick"],"picked":"SKIP","floor":28},{"not_picked":["Skim","Steam","Axe Kick"],"picked":"SKIP","floor":31}],"player_experience":295752,"potions_floor_usage":[6,8,10,11,13,23,31,31,33],"damage_taken":[{"damage":0,"enemies":"2 Louse","floor":1,"turns":1},{"damage":0,"enemies":"Small Slimes","floor":6,"turns":2},{"damage":0,"enemies":"Cultist","floor":8,"turns":4},{"damage":10,"enemies":"3 Sentries","floor":10,"turns":10},{"damage":8,"enemies":"Exordium Thugs","floor":11,"turns":4},{"damage":0,"enemies":"3 Louse","floor":13,"turns":1},{"damage":5,"enemies":"Slime Boss","floor":16,"turns":6},{"damage":51,"enemies":"3 Byrds","floor":18,"turns":6},{"damage":19,"enemies":"2 Thieves","floor":22,"turns":4},{"damage":45,"enemies":"Slaver and Parasite","floor":23,"turns":7},{"damage":24,"enemies":"Centurion and Healer","floor":28,"turns":5},{"damage":3,"enemies":"Snecko","floor":31,"turns":3},{"damage":78,"enemies":"Champ","floor":33,"turns":11}],"relics_obtained":[{"floor":9,"key":"Pen Nib"},{"floor":10,"key":"Whetstone"},{"floor":26,"key":"Frozen Egg 2"}],"event_choices":[{"event_name":"Golden Idol","player_choice":"Lose Max HP","floor":2,"damage_taken":0},{"event_name":"The Lab","player_choice":"Got Potions","floor":4,"damage_taken":0},{"event_name":"World of Goop","player_choice":"Gather Gold","floor":5,"damage_taken":0},{"event_name":"Living Wall","player_choice":"Grow","floor":14,"damage_taken":0},{"event_name":"Addict","player_choice":"Obtained Relic","floor":19,"damage_taken":0},{"event_name":"The Mausoleum","player_choice":"Yes","floor":21,"damage_taken":0},{"event_name":"Beggar","player_choice":"Ignored","floor":24,"damage_taken":0}],"boss_relics":[{"not_picked":["Philosopher\u0027s Stone","Runic Pyramid"],"picked":"Lizard Tail"}],"items_purged_floors":[],"potions_floor_spawned":[1,6,10,13,22,28,31],"seed_played":"-6136912760259198927","killed_by":"Champ","ascension_level":0,"potions_obtained":[{"floor":1,"key":"Weak Potion"},{"floor":4,"key":"SmokeBomb"},{"floor":4,"key":"Poison Potion"},{"floor":6,"key":"EssenceOfSteel"},{"floor":10,"key":"Energy Potion"},{"floor":22,"key":"Explosive Potion"},{"floor":28,"key":"FocusPotion"},{"floor":31,"key":"Ancient Potion"}],"is_trial":false}