{"gold_per_floor":[111,7,21,40,66,66,95,95,121,153,153,166,179,193,193,268,268,287,287,260,288,302,302],"floor_reached":23,"playtime":873,"items_purged":["Strike_G"],"score":406,"play_id":"ccb45d6d-5f45-4146-ba91-888dc25a58fb","local_time":"20190629142049","is_ascension_mode":true,"campfire_choices":[{"data":"Skewer","floor":6.0,"key":"SMITH"},{"data":"Noxious Fumes","floor":8.0,"key":"SMITH"},{"data":"Footwork","floor":11.0,"key":"SMITH"},{"floor":15.0,"key":"REST"}],"neow_cost":"NONE","seed_source_timestamp":1541637811270802,"circlet_count":0,"master_deck":["AscendersBane","Defend_G","Defend_G","Defend_G","Defend_G","Defend_G","Strike_G","Strike_G","Survivor","Neutralize","Skewer","Dodge and Roll","Skewer+1","Noxious Fumes+1","Infinite Blades","Footwork+1","Crippling Poison","Wraith Form v2","Well Laid Plans","Dash","Choke","Backflip","Backflip"],"special_seed":0,"relics":["Ring of the Snake","Lantern","Smiling Mask","Snake Skull","Matryoshka","Fusion Hammer","Red Mask"],"potions_floor_usage":[21,23],"damage_taken":[{"damage":0.0,"enemies":"Cultist","floor":1.0,"turns":3.0},{"damage":2.0,"enemies":"Jaw Worm","floor":3.0,"turns":7.0},{"damage":1.0,"enemies":"Small Slimes","floor":4.0,"turns":5.0},{"damage":23.0,"enemies":"3 Sentries","floor":7.0,"turns":8.0},{"damage":9.0,"enemies":"Lagavulin","floor":10.0,"turns":6.0},{"damage":0.0,"enemies":"3 Louse","floor":12.0,"turns":4.0},{"damage":0.0,"enemies":"Large Slime","floor":13.0,"turns":4.0},{"damage":5.0,"enemies":"Red Slaver","floor":14.0,"turns":3.0},{"damage":44.0,"enemies":"Slime Boss","floor":16.0,"turns":10.0},{"damage":0.0,"enemies":"Chosen","floor":18.0,"turns":5.0},{"damage":10.0,"enemies":"2 Thieves","floor":20.0,"turns":4.0},{"damage":26,"enemies":"Masked Bandits","floor":21,"turns":5},{"damage":11,"enemies":"Snake Plant","floor":22,"turns":3},{"damage":8,"enemies":"Book of Stabbing","floor":23,"turns":4}],"seed_played":"-6089952925640597615","potions_obtained":[{"floor":1.0,"key":"Fire Potion"},{"floor":4.0,"key":"LiquidBronze"},{"floor":14.0,"key":"SteroidPotion"},{"floor":22,"key":"SkillPotion"}],"is_trial":false,"path_per_floor":["M","$","M","M","T","R","E","R","T","E","R","M","M","M","R","B",null,"M","?","M","?","M","E"],"character_chosen":"THE_SILENT","items_purchased":["Dodge and Roll"],"campfire_rested":1,"item_purchase_floors":[2],"current_hp_per_floor":[65,65,63,62,62,62,39,39,39,30,30,30,30,25,46,2,55,55,55,45,19,8,0],"gold":302,"neow_bonus":"TEN_PERCENT_HP_BONUS","is_prod":false,"is_daily":false,"chose_seed":false,"campfire_upgraded":3,"win_rate":0,"timestamp":1561843249,"path_taken":["M","$","M","M","?","R","E","R","T","E","R","M","M","M","R","BOSS","M","?","M","?","M","E"],"build_version":"2019-01-23","purchased_purges":1,"victory":false,"max_hp_per_floor":[72,72,72,72,72,72,72,72,72,72,72,72,72,72,72,72,72,72,72,72,72,72,72],"card_choices":[{"not_picked":["Flechettes","Setup"],"picked":"Skewer","floor":1.0},{"not_picked":["Sucker Punch","Quick Slash"],"picked":"Skewer","floor":3.0},{"not_picked":["Poisoned Stab","Acrobatics"],"picked":"Noxious Fumes","floor":4.0},{"not_picked":["All Out Attack","Expertise"],"picked":"Infinite Blades","floor":7.0},{"not_picked":["Dagger Spray","Tactician"],"picked":"Footwork","floor":10.0},{"not_picked":["Terror","Deadly Poison","Expertise"],"picked":"SKIP","floor":12.0},{"not_picked":["Phantasmal Killer","Eviscerate","Outmaneuver"],"picked":"SKIP","floor":13.0},{"not_picked":["Eviscerate","Flying Knee"],"picked":"Crippling Poison","floor":14.0},{"not_picked":["Glass Knife","Doppelganger"],"picked":"Wraith Form v2","floor":16.0},{"not_picked":["Backflip","Deflect"],"picked":"Well Laid Plans","floor":18.0},{"not_picked":["Quick Slash","Dagger Throw","Outmaneuver"],"picked":"SKIP","floor":20.0},{"not_picked":["Caltrops+1","Flying Knee"],"picked":"Backflip","floor":21},{"not_picked":["Well Laid Plans","Slice"],"picked":"Backflip","floor":22}],"player_experience":821570,"relics_obtained":[{"floor":5.0,"key":"Lantern"},{"floor":7.0,"key":"Smiling Mask"},{"floor":9.0,"key":"Snake Skull"},{"floor":10.0,"key":"Matryoshka"},{"floor":21,"key":"Red Mask"}],"event_choices":[{"damage_healed":0.0,"max_hp_gain":0.0,"max_hp_loss":0.0,"gold_gain":0.0,"cards_transformed":["Strike_G","Strike_G"],"event_name":"Drug Dealer","player_choice":"Became Test Subject","floor":19.0,"gold_loss":0.0,"damage_taken":0.0,"cards_obtained":["Dash","Choke"]},{"damage_healed":0,"gold_gain":0,"player_choice":"Fought Bandits","damage_taken":0,"max_hp_gain":0,"max_hp_loss":0,"event_name":"Masked Bandits","floor":21,"gold_loss":0}],"is_beta":false,"boss_relics":[{"not_picked":["Runic Dome","Calling Bell"],"picked":"Fusion Hammer"}],"items_purged_floors":[2],"is_endless":false,"potions_floor_spawned":[1,4,10,14,22],"killed_by":"Book of Stabbing","ascension_level":20}