{"gold_per_floor":[119,119,18,28,78,78,98,159,159,175,194,17,33,59,59,59],"floor_reached":16,"playtime":607,"items_purged":[],"score":120,"play_id":"51fc56ae-67eb-432b-ac74-b29876e98556","local_time":"20180629030224","is_ascension_mode":true,"campfire_choices":[{"data":"Rage","floor":6,"key":"SMITH"},{"floor":15,"key":"REST"}],"neow_cost":"NONE","seed_source_timestamp":131710647583631,"circlet_count":0,"master_deck":["Strike_R","Strike_R","Strike_R","Defend_R","Defend_R","Defend_R","Defend_R","Bash","Rage+1","Pommel Strike","Iron Wave","Hemokinesis","Battle Trance","Rupture","Seeing Red","Iron Wave","Panache","Corruption","Headbutt"],"relics":["Burning Blood","SsserpentHead","Boot","Pantograph","The Courier"],"potions_floor_usage":[7,8,11,13],"damage_taken":[{"damage":9,"enemies":"Small Slimes","floor":1,"turns":6},{"damage":1,"enemies":"Cultist","floor":4,"turns":3},{"damage":7,"enemies":"2 Louse","floor":7,"turns":2},{"damage":6,"enemies":"Large Slime","floor":8,"turns":4},{"damage":29,"enemies":"Exordium Wildlife","floor":10,"turns":4},{"damage":16,"enemies":"Blue Slaver","floor":11,"turns":3},{"damage":21,"enemies":"Exordium Thugs","floor":13,"turns":4},{"damage":21,"enemies":"Lagavulin","floor":14,"turns":6},{"damage":79,"enemies":"The Guardian","floor":16,"turns":10}],"seed_played":"-3876593758320170037","potions_obtained":[{"floor":4,"key":"SteroidPotion"},{"floor":7,"key":"PowerPotion"},{"floor":10,"key":"PowerPotion"},{"floor":11,"key":"Regen Potion"}],"is_trial":false,"path_per_floor":["M","?","$","M","?","R","M","M","T","M","M","$","M","E","R"],"character_chosen":"IRONCLAD","items_purchased":["Boot","Panache"],"campfire_rested":1,"item_purchase_floors":[3,12],"current_hp_per_floor":[77,77,77,80,80,80,79,79,79,56,46,46,43,28,52,0],"gold":59,"neow_bonus":"TRANSFORM_CARD","is_prod":false,"is_daily":false,"chose_seed":false,"campfire_upgraded":1,"win_rate":0,"timestamp":1530255744,"path_taken":["M","?","?","M","?","R","M","?","T","M","M","$","M","E","R","BOSS"],"build_version":"2018-06-28","purchased_purges":0,"victory":false,"max_hp_per_floor":[80,80,80,80,80,80,80,80,80,80,80,80,80,80,80,80],"card_choices":[{"not_picked":["True Grit","Shrug It Off"],"picked":"Pommel Strike","floor":1},{"not_picked":["Anger","Wild Strike"],"picked":"Iron Wave","floor":4},{"not_picked":["Warcry","Havoc"],"picked":"Battle Trance","floor":7},{"not_picked":["Battle Trance","Corruption"],"picked":"Rupture","floor":8},{"not_picked":["Dropkick","Thunderclap"],"picked":"Seeing Red","floor":10},{"not_picked":["Evolve","Entrench"],"picked":"Iron Wave","floor":11},{"not_picked":["Bloodletting","Searing Blow"],"picked":"Corruption","floor":13},{"not_picked":["Armaments","Twin Strike"],"picked":"Headbutt","floor":14}],"player_experience":355930,"relics_obtained":[{"floor":9,"key":"Pantograph"},{"floor":14,"key":"The Courier"}],"event_choices":[{"event_name":"FaceTrader","player_choice":"Took Mask Of The Ssserpant","floor":2,"damage_taken":0},{"event_name":"Living Wall","player_choice":"Change","floor":5,"damage_taken":0}],"boss_relics":[],"items_purged_floors":[],"is_endless":false,"potions_floor_spawned":[4,7,10,11],"killed_by":"The Guardian","ascension_level":3}