{"gold_per_floor":[113,388,101,101,118,118,136,170,170,170,202,202,237,217],"floor_reached":14,"playtime":402,"items_purged":["Regret"],"score":201,"play_id":"baefadce-b19f-4b9f-94bc-7471697dbb5b","local_time":"20190529163356","is_ascension_mode":true,"campfire_choices":[{"data":"Deadly Poison","floor":6,"key":"SMITH"},{"data":"Well Laid Plans","floor":10,"key":"SMITH"},{"data":"Poisoned Stab","floor":12,"key":"SMITH"}],"neow_cost":"NONE","seed_source_timestamp":637255170982340,"circlet_count":0,"master_deck":["AscendersBane","Defend_G","Defend_G+1","Defend_G","Defend_G","Defend_G","Strike_G","Strike_G","Strike_G","Strike_G","Strike_G","Survivor+1","Neutralize","Dagger Spray+1","Poisoned Stab+1","Deadly Poison+1","Well Laid Plans+1","Prepared","PiercingWail","Cloak And Dagger"],"relics":["White Beast Statue","Lantern","Ornamental Fan","War Paint","Pear","Snake Skull"],"potions_floor_usage":[8,11,11,13],"damage_taken":[{"damage":10,"enemies":"2 Louse","floor":1,"turns":4},{"damage":5,"enemies":"Cultist","floor":5,"turns":4},{"damage":4,"enemies":"Small Slimes","floor":7,"turns":3},{"damage":7,"enemies":"Lagavulin","floor":8,"turns":7},{"damage":14,"enemies":"Gremlin Nob","floor":11,"turns":4},{"damage":26,"enemies":"3 Sentries","floor":13,"turns":6},{"damage":9,"enemies":"Exordium Thugs","floor":14,"turns":1}],"seed_played":"6247891936920694999","potions_obtained":[{"floor":1,"key":"Energy Potion"},{"floor":5,"key":"Fire Potion"},{"floor":8,"key":"SkillPotion"},{"floor":11,"key":"Poison Potion"},{"floor":13,"key":"FearPotion"}],"is_trial":false,"path_per_floor":["M","?","$","?","M","R","M","E","T","R","E","R","E","M"],"character_chosen":"THE_SILENT","items_purchased":["Poisoned Stab","Lantern"],"campfire_rested":0,"item_purchase_floors":[3,3],"current_hp_per_floor":[49,49,49,49,44,44,40,33,33,33,29,29,3,0],"gold":217,"neow_bonus":"BOSS_RELIC","is_prod":false,"is_daily":false,"chose_seed":false,"campfire_upgraded":3,"win_rate":0,"timestamp":1559140436,"path_taken":["M","?","?","?","M","R","?","E","T","R","E","R","E","M"],"build_version":"2019-01-23","purchased_purges":1,"victory":false,"max_hp_per_floor":[66,66,66,66,66,66,66,66,66,66,76,76,76,76],"card_choices":[{"not_picked":["Sucker Punch","Escape Plan"],"picked":"Dagger Spray","floor":1},{"not_picked":["Finisher","Calculated Gamble"],"picked":"Deadly Poison","floor":5},{"not_picked":["Acrobatics","Dagger Throw"],"picked":"Well Laid Plans","floor":7},{"not_picked":["Distraction","Choke"],"picked":"Prepared","floor":8},{"not_picked":["Quick Slash","Accuracy"],"picked":"PiercingWail","floor":11},{"not_picked":["Dagger Spray","Riddle With Holes"],"picked":"Cloak And Dagger","floor":13}],"player_experience":552696,"relics_obtained":[{"floor":8,"key":"Ornamental Fan"},{"floor":9,"key":"War Paint"},{"floor":11,"key":"Pear"},{"floor":13,"key":"Snake Skull"}],"event_choices":[{"damage_healed":0,"gold_gain":275,"player_choice":"Desecrate","damage_taken":0,"max_hp_gain":0,"max_hp_loss":0,"event_name":"Golden Shrine","floor":2,"gold_loss":0,"cards_obtained":["Regret"]},{"damage_healed":0,"gold_gain":0,"player_choice":"Upgraded","damage_taken":0,"max_hp_gain":0,"max_hp_loss":0,"event_name":"Upgrade Shrine","floor":4,"gold_loss":0,"cards_upgraded":["Dagger Spray"]}],"is_beta":false,"boss_relics":[],"items_purged_floors":[3],"is_endless":false,"potions_floor_spawned":[1,5,7,8,11,13],"killed_by":"Exordium Thugs","ascension_level":18}