{"gold_per_floor":[110,110,133,146,146,187,187,207,207,223,18,18,32,53,53,53],"floor_reached":16,"playtime":617,"items_purged":[],"score":120,"play_id":"71835b44-8ae2-4408-a906-8267184690ae","local_time":"20180629024212","is_ascension_mode":true,"campfire_choices":[{"floor":7,"key":"REST"},{"floor":12,"key":"REST"},{"data":"Seeing Red","floor":15,"key":"SMITH"}],"neow_cost":"CURSE","seed_source_timestamp":130485297754742,"circlet_count":0,"master_deck":["Strike_R","Strike_R","Strike_R","Strike_R","Strike_R","Defend_R","Defend_R","Defend_R","Defend_R","Bash","Regret","Anger","Disarm","Iron Wave","Rampage","Cleave","Anger","Bludgeon","Clash","Flex","Seeing Red+1"],"relics":["Burning Blood","Unceasing Top","Golden Idol","Vajra","Pantograph","Juzu Bracelet"],"potions_floor_usage":[6,10,14],"damage_taken":[{"damage":6,"enemies":"2 Louse","floor":1,"turns":4},{"damage":10,"enemies":"Jaw Worm","floor":3,"turns":2},{"damage":7,"enemies":"Cultist","floor":4,"turns":4},{"damage":38,"enemies":"3 Sentries","floor":6,"turns":9},{"damage":14,"enemies":"3 Louse","floor":8,"turns":2},{"damage":0,"enemies":"Gremlin Gang","floor":10,"turns":3},{"damage":9,"enemies":"Looter","floor":13,"turns":2},{"damage":15,"enemies":"Lots of Slimes","floor":14,"turns":3},{"damage":83,"enemies":"The Guardian","floor":16,"turns":9}],"seed_played":"7615038226046648204","potions_obtained":[{"floor":1,"key":"Poison Potion"},{"floor":6,"key":"Regen Potion"},{"floor":8,"key":"Fire Potion"},{"floor":14,"key":"FairyPotion"}],"is_trial":false,"path_per_floor":["M","?","M","M","?","E","R","M","T","M","$","R","M","M","R"],"character_chosen":"IRONCLAD","items_purchased":["Juzu Bracelet","Clash"],"campfire_rested":2,"item_purchase_floors":[11,11],"current_hp_per_floor":[80,74,70,69,69,37,59,51,51,57,57,74,71,71,71,0],"gold":53,"neow_bonus":"ONE_RARE_RELIC","is_prod":false,"is_daily":false,"chose_seed":false,"campfire_upgraded":1,"win_rate":0,"timestamp":1530254532,"path_taken":["M","?","?","M","?","E","R","?","T","M","$","R","M","M","R","BOSS"],"build_version":"2018-06-28","purchased_purges":0,"victory":false,"max_hp_per_floor":[80,74,74,74,74,74,74,74,74,74,74,74,74,74,74,74],"card_choices":[{"not_picked":["Clothesline","Headbutt"],"picked":"Anger","floor":1},{"not_picked":["Armaments","Sword Boomerang"],"picked":"Disarm","floor":3},{"not_picked":["Armaments","Sword Boomerang"],"picked":"Iron Wave","floor":4},{"not_picked":["Combust","Clothesline"],"picked":"Cleave","floor":6},{"not_picked":["Combust","Entrench"],"picked":"Anger","floor":8},{"not_picked":["Armaments","Havoc"],"picked":"Bludgeon","floor":10},{"not_picked":["Rampage","Heavy Blade"],"picked":"Flex","floor":13},{"not_picked":["Perfected Strike","Inflame"],"picked":"Seeing Red","floor":14}],"player_experience":354743,"relics_obtained":[{"floor":6,"key":"Vajra"},{"floor":9,"key":"Pantograph"}],"event_choices":[{"event_name":"Golden Idol","player_choice":"Lose Max HP","floor":2,"damage_taken":0},{"event_name":"Match and Keep!","player_choice":"1 cards matched","floor":5,"damage_taken":0}],"boss_relics":[],"items_purged_floors":[],"is_endless":false,"potions_floor_spawned":[1,6,8,14],"killed_by":"The Guardian","ascension_level":3}