{"path_per_floor":["M","M","M","?","$","R","M","R","T","$","M","?","?","M","R","B",null,"M","?","?","?"],"character_chosen":"DEFECT","items_purchased":["Cold Snap","FTL","Chaos","Heatsinks"],"gold_per_floor":[110,123,137,137,52,52,67,67,146,32,42,42,42,59,59,157,157,97,97,12,12,12],"floor_reached":22,"campfire_rested":2,"playtime":797,"current_hp_per_floor":[70,64,71,71,71,71,41,63,63,63,50,35,28,31,53,34,75,53,37,37,37,0],"items_purged":[],"gold":12,"score":172,"play_id":"a83b9f44-aad3-444b-929d-2404909a77de","local_time":"20180430011202","is_prod":false,"is_daily":false,"chose_seed":false,"is_ascension_mode":false,"campfire_upgraded":1,"timestamp":1525065122,"path_taken":["M","M","M","?","$","R","M","R","T","$","?","?","?","M","R","BOSS","M","?","?","?","?"],"build_version":"2018-04-27v3","seed_source_timestamp":1235595925928784,"purchased_purges":0,"victory":false,"master_deck":["Strike_B","Strike_B+1","Strike_B","Defend_B","Defend_B","Defend_B","Zap","Dualcast","Self Repair+1","Cold Snap","Coolheaded","Cold Snap","FTL+1","Blizzard","Chaos","Heatsinks","Coolheaded","Prime","Coolheaded+1","Necronomicurse"],"max_hp_per_floor":[75,75,75,75,75,75,75,75,75,75,75,75,75,75,75,75,75,75,75,75,75,75],"relics":["Black Star","Bottled Tornado","Inserter","Necronomicon","Happy Flower"],"card_choices":[{"not_picked":["Undo","Cold Snap"],"picked":"Self Repair","floor":1},{"not_picked":["Streamline","Go for the Eyes"],"picked":"Cold Snap","floor":2},{"not_picked":["Impulse","Hologram"],"picked":"Coolheaded","floor":3},{"not_picked":["Go for the Eyes","Auto Shields"],"picked":"Blizzard","floor":7},{"not_picked":["Hologram","Rebound"],"picked":"Coolheaded","floor":14},{"not_picked":["All For One","Meteor Strike"],"picked":"Prime","floor":16},{"not_picked":["Impulse","Capacitor"],"picked":"Coolheaded","floor":18}],"player_experience":65052,"potions_floor_usage":[3,3,16,18],"damage_taken":[{"damage":5,"enemies":"2 Louse","floor":1,"turns":3},{"damage":13,"enemies":"Cultist","floor":2,"turns":5},{"damage":0,"enemies":"Jaw Worm","floor":3,"turns":2},{"damage":37,"enemies":"Gremlin Gang","floor":7,"turns":6},{"damage":20,"enemies":"Blue Slaver","floor":11,"turns":4},{"damage":7,"enemies":"Looter","floor":14,"turns":4},{"damage":44,"enemies":"Hexaghost","floor":16,"turns":15},{"damage":32,"enemies":"2 Thieves","floor":18,"turns":4},{"damage":39,"enemies":"3 Byrds","floor":22,"turns":6}],"event_choices":[{"event_name":"Bonfire Elementals","player_choice":"BASIC","floor":4,"damage_taken":0},{"event_name":"Shining Light","player_choice":"Entered Light","floor":12,"damage_taken":0},{"event_name":"Golden Wing","player_choice":"Card Removal","floor":13,"damage_taken":0},{"event_name":"Cursed Tome","player_choice":"Obtained Book","floor":19,"damage_taken":0},{"event_name":"Addict","player_choice":"Obtained Relic","floor":20,"damage_taken":0},{"event_name":"Beggar","player_choice":"Ignored","floor":21,"damage_taken":0}],"boss_relics":[{"not_picked":["Tiny House","White Beast Statue"],"picked":"Inserter"}],"potions_floor_spawned":[1,2,14,16],"seed_played":"-9209227254724612967","killed_by":"3 Byrds","ascension_level":0,"is_trial":false}