{"path_per_floor":["M","M","M","$","M","E","R","M","T","R","?","E","M","?","R"],"character_chosen":"IRONCLAD","items_purchased":["Fiend Fire"],"gold_per_floor":[117,137,152,12,31,57,57,75,100,100,100,125,140,315,315],"floor_reached":16,"campfire_rested":1,"playtime":809,"current_hp_per_floor":[80,80,80,80,70,60,60,65,65,65,32,23,24,24,48],"items_purged":[],"gold":315,"score":112,"play_id":"e004d47a-baae-465b-9e4b-0f1aa115bd53","local_time":"20180303221330","is_prod":false,"is_daily":false,"is_ascension_mode":false,"campfire_upgraded":2,"timestamp":1520133210,"path_taken":["M","M","M","$","M","E","R","M","T","R","?","E","M","?","R","BOSS"],"build_version":"2018-03-01-PROD1","purchased_purges":0,"victory":false,"master_deck":["Strike_R","Strike_R","Strike_R","Strike_R","Strike_R","Defend_R","Defend_R","Defend_R","Defend_R","Bash","Infernal Blade","Headbutt","Whirlwind","Fiend Fire+1","Armaments","Pommel Strike","Headbutt","Pummel+1","Burning Pact","Fiend Fire","Doubt"],"max_hp_per_floor":[80,80,80,80,80,80,80,80,80,80,80,80,80,80,80],"relics":["Burning Blood","Prayer Wheel","Juzu Bracelet","Pen Nib","Ginger","Self Forming Clay"],"card_choices":[{"not_picked":["Spot Weakness","Pommel Strike"],"picked":"Infernal Blade"},{"not_picked":["Uppercut","Iron Wave"],"picked":"Headbutt"},{"not_picked":["Perfected Strike","Burning Pact"],"picked":"Whirlwind"},{"not_picked":["Disarm","Inflame"],"picked":"Armaments"},{"not_picked":["Sentinel","Rupture"],"picked":"Pommel Strike"},{"not_picked":["Anger","Flex"],"picked":"Headbutt"},{"not_picked":["Reckless Charge","Perfected Strike"],"picked":"Pummel"},{"not_picked":["Clothesline","Clash"],"picked":"Burning Pact"},{"not_picked":["Anger","Twin Strike"],"picked":"Fiend Fire"}],"player_experience":221799,"potions_floor_usage":[6,12,16],"damage_taken":[{"damage":1,"enemies":"Cultist","floor":1,"turns":3},{"damage":1,"enemies":"Jaw Worm","floor":2,"turns":3},{"damage":0,"enemies":"Small Slimes","floor":3,"turns":2},{"damage":16,"enemies":"2 Fungi Beasts","floor":5,"turns":4},{"damage":16,"enemies":"3 Sentries","floor":6,"turns":6},{"damage":1,"enemies":"3 Louse","floor":8,"turns":3},{"damage":15,"enemies":"Gremlin Nob","floor":12,"turns":4},{"damage":5,"enemies":"Looter","floor":13,"turns":2},{"damage":65,"enemies":"Hexaghost","floor":16,"turns":12}],"event_choices":[{"event_name":"Scrap Ooze","player_choice":"success","floor":11,"damage_taken":33},{"event_name":"Liars Game","player_choice":"agreed","floor":14,"damage_taken":0}],"boss_relics":[],"potions_floor_spawned":[1,6,13],"seed_played":"4031769953837479690","killed_by":"Hexaghost","ascension_level":0,"is_trial":false}