{"path_per_floor":["M","M","?","M","M","R","$","E","T","R","M","M","T","M","R","B",null,"M","$","?","T","?","?","M","E","T","R","M","E","M","$","R"],"character_chosen":"DEFECT","items_purchased":["Buffer","Capacitor","Block Potion","Block Potion","Dramatic Entrance","Darkness","Impulse","Block Potion"],"gold_per_floor":[117,129,129,140,160,160,52,77,77,77,96,108,108,122,122,227,227,242,3,3,3,3,0,11,37,90,90,108,135,151,0,0,0],"floor_reached":33,"campfire_rested":3,"playtime":1287,"current_hp_per_floor":[75,75,75,72,59,59,59,28,28,52,52,52,52,52,52,32,82,74,74,74,74,58,58,58,50,50,74,45,39,46,46,70,0],"items_purged":["Strike_B"],"gold":0,"score":287,"play_id":"ad73c695-0d9e-466a-9821-0424a85eea25","local_time":"20180430034513","is_prod":false,"is_daily":false,"chose_seed":false,"is_ascension_mode":false,"campfire_upgraded":2,"timestamp":1525074313,"path_taken":["M","M","?","M","M","R","?","E","T","R","M","?","?","M","R","BOSS","M","$","?","?","?","?","?","E","T","R","M","E","M","$","R","BOSS"],"build_version":"2018-04-27v3","seed_source_timestamp":1244291192920189,"purchased_purges":2,"victory":false,"master_deck":["Strike_B","Strike_B+1","Strike_B","Defend_B","Defend_B","Defend_B","Defend_B","Zap","Dualcast","Sunder","Ball Lightning+1","Thunder Strike","Zap","Aggregate+1","Buffer","All For One","Static Discharge+1","Amplify","Ball Lightning","Capacitor","Dramatic Entrance","Stack+1","Static Discharge","Ball Lightning","Beam Cell","Buffer","Darkness","Impulse"],"max_hp_per_floor":[75,75,75,75,75,75,75,82,82,82,82,82,82,82,82,82,82,82,82,82,82,82,82,82,82,82,82,82,82,82,82,82,82],"relics":["Cracked Core","Strawberry","Anchor","Meat on the Bone","Nuclear Battery","Question Card","Enchiridion","Letter Opener","Juzu Bracelet","Whetstone"],"card_choices":[{"not_picked":["Skim","Axe Kick"],"picked":"Sunder","floor":1},{"not_picked":["Barrage","Sweeping Beam"],"picked":"Ball Lightning","floor":2},{"not_picked":["Rebound","Go for the Eyes"],"picked":"Aggregate","floor":4},{"not_picked":["Melter","Loop"],"picked":"All For One","floor":8},{"not_picked":["Scrape","Sweeping Beam"],"picked":"Static Discharge","floor":14},{"not_picked":["Thunder Strike","Multi-Cast"],"picked":"Amplify","floor":16},{"not_picked":["Go for the Eyes","Gash"],"picked":"Ball Lightning","floor":18},{"not_picked":["Skim","Auto Shields","Cold Snap"],"picked":"Stack","floor":24},{"not_picked":["Undo","Go for the Eyes","Skim"],"picked":"Static Discharge","floor":25},{"not_picked":["Turbo","Cold Snap","Streamline"],"picked":"Ball Lightning","floor":28},{"not_picked":["Stack","Rebound","Scrape"],"picked":"Beam Cell","floor":29},{"not_picked":["Turbo","Capacitor","Double Energy"],"picked":"Buffer","floor":30}],"player_experience":73580,"potions_floor_usage":[2,4,14,18,24,25,25,28,33],"damage_taken":[{"damage":0,"enemies":"Cultist","floor":1,"turns":4},{"damage":0,"enemies":"2 Louse","floor":2,"turns":2},{"damage":3,"enemies":"Jaw Worm","floor":4,"turns":3},{"damage":13,"enemies":"Large Slime","floor":5,"turns":6},{"damage":38,"enemies":"3 Sentries","floor":8,"turns":7},{"damage":0,"enemies":"Exordium Wildlife","floor":11,"turns":3},{"damage":0,"enemies":"2 Fungi Beasts","floor":12,"turns":2},{"damage":0,"enemies":"Red Slaver","floor":14,"turns":2},{"damage":32,"enemies":"The Guardian","floor":16,"turns":9},{"damage":8,"enemies":"3 Byrds","floor":18,"turns":4},{"damage":0,"enemies":"Chosen","floor":24,"turns":3},{"damage":15,"enemies":"Slavers","floor":25,"turns":4},{"damage":41,"enemies":"Centurion and Healer","floor":28,"turns":6},{"damage":18,"enemies":"Book of Stabbing","floor":29,"turns":3},{"damage":12,"enemies":"Snecko","floor":30,"turns":4},{"damage":71,"enemies":"Automaton","floor":33,"turns":6}],"event_choices":[{"event_name":"Match and Keep!","player_choice":"2 cards matched","floor":3,"damage_taken":0},{"event_name":"Beggar","player_choice":"Ignored","floor":20,"damage_taken":0},{"event_name":"Cursed Tome","player_choice":"Obtained Book","floor":22,"damage_taken":0},{"event_name":"Masked Bandits","player_choice":"Paid Bandits 3 gold","floor":23,"damage_taken":0}],"boss_relics":[{"not_picked":["Philosopher\u0027s Stone","Runic Dome"],"picked":"Nuclear Battery"}],"potions_floor_spawned":[1,2,12,16,24,25],"seed_played":"-4707938661157710261","killed_by":"Automaton","ascension_level":0,"is_trial":false}