{"gold_per_floor":[112,127,141,158,47,47,67,83,107,107,117,130,130,130,130,228,228,241,27,42,42,58,58],"floor_reached":23,"playtime":2411,"items_purged":["Defend_R"],"score":187,"play_id":"cbf3c0c0-4d81-493d-99d0-77436ead2658","local_time":"20190701220559","is_ascension_mode":false,"campfire_choices":[{"data":"Dramatic Entrance","floor":6,"key":"SMITH"},{"data":"Seeing Red","floor":10,"key":"SMITH"},{"data":"Iron Wave","floor":13,"key":"SMITH"},{"data":"Twin Strike","floor":15,"key":"SMITH"}],"neow_cost":"","seed_source_timestamp":472533244410043,"circlet_count":0,"master_deck":["Strike_R","Strike_R","Strike_R","Strike_R","Strike_R","Defend_R","Defend_R","Defend_R","Bash","Seeing Red+1","Cleave","Bludgeon","Cleave","Dramatic Entrance+1","Cleave","Perfected Strike","Thunderclap+1","Twin Strike+1","Iron Wave+1","Feed","Blood for Blood+1","Twin Strike","Perfected Strike","Seeing Red","Anger","Armaments"],"relics":["Burning Blood","Oddly Smooth Stone","Black Star"],"potions_floor_usage":[16,16,22],"damage_taken":[{"damage":6,"enemies":"Cultist","floor":1,"turns":3},{"damage":1,"enemies":"Jaw Worm","floor":2,"turns":3},{"damage":0,"enemies":"Small Slimes","floor":3,"turns":3},{"damage":21,"enemies":"Exordium Thugs","floor":4,"turns":4},{"damage":0,"enemies":"3 Louse","floor":7,"turns":2},{"damage":7,"enemies":"Blue Slaver","floor":8,"turns":2},{"damage":13,"enemies":"Red Slaver","floor":11,"turns":2},{"damage":0,"enemies":"Lots of Slimes","floor":12,"turns":1},{"damage":67,"enemies":"The Guardian","floor":16,"turns":9},{"damage":10,"enemies":"2 Thieves","floor":18,"turns":3},{"damage":20,"enemies":"Spheric Guardian","floor":20,"turns":4},{"damage":15,"enemies":"Snake Plant","floor":22,"turns":3},{"damage":56,"enemies":"Gremlin Leader","floor":23,"turns":5}],"seed_played":"5856910130133569772","potions_obtained":[{"floor":1,"key":"SteroidPotion"},{"floor":3,"key":"Energy Potion"},{"floor":7,"key":"SpeedPotion"},{"floor":8,"key":"FearPotion"},{"floor":16,"key":"LiquidBronze"},{"floor":18,"key":"EssenceOfSteel"},{"floor":20,"key":"Strength Potion"}],"is_trial":false,"path_per_floor":["M","M","M","M","$","R","M","M","T","R","M","M","R","?","R","B",null,"M","$","M","?","M","E"],"character_chosen":"IRONCLAD","items_purchased":["Dramatic Entrance","Cleave","Twin Strike","Perfected Strike","Seeing Red"],"campfire_rested":0,"item_purchase_floors":[5,5,19,19,19],"current_hp_per_floor":[80,80,80,65,65,65,71,70,70,70,63,69,69,69,69,8,80,79,79,65,65,56,0],"gold":58,"neow_bonus":"","is_prod":false,"is_daily":false,"chose_seed":false,"campfire_upgraded":4,"win_rate":0.0,"timestamp":1562033159,"path_taken":["M","M","M","M","$","R","M","M","T","R","?","M","R","?","R","BOSS","M","$","M","?","M","E"],"build_version":"2019-07-01","purchased_purges":1,"victory":false,"max_hp_per_floor":[80,80,80,80,80,80,80,80,80,80,80,80,80,80,80,80,80,83,83,83,83,83,83],"card_choices":[{"not_picked":["Hemokinesis","Blood for Blood"],"picked":"Seeing Red","floor":1},{"not_picked":["Clash","True Grit"],"picked":"Cleave","floor":2},{"not_picked":["Flex","Rupture"],"picked":"Bludgeon","floor":3},{"not_picked":["Disarm","Sword Boomerang"],"picked":"Cleave","floor":4},{"not_picked":["Clothesline","Body Slam"],"picked":"Perfected Strike","floor":7},{"not_picked":["Seeing Red","Entrench"],"picked":"Thunderclap","floor":8},{"not_picked":["Offering","Body Slam"],"picked":"Twin Strike","floor":11},{"not_picked":["Shrug It Off","Sword Boomerang"],"picked":"Iron Wave","floor":12},{"not_picked":["Demon Form","Double Tap"],"picked":"Feed","floor":16},{"not_picked":["Inflame","Dual Wield"],"picked":"Blood for Blood+1","floor":18},{"not_picked":["Power Through","Ghostly Armor"],"picked":"Anger","floor":20},{"not_picked":["Thunderclap","Twin Strike"],"picked":"Armaments","floor":22}],"player_experience":0,"relics_obtained":[{"floor":9,"key":"Oddly Smooth Stone"}],"event_choices":[{"damage_healed":0,"gold_gain":0,"player_choice":"Grow","damage_taken":0,"max_hp_gain":0,"max_hp_loss":0,"event_name":"Living Wall","floor":14,"gold_loss":0,"cards_upgraded":["Thunderclap"]},{"damage_healed":0,"gold_gain":0,"player_choice":"Got Potions","damage_taken":0,"max_hp_gain":0,"max_hp_loss":0,"event_name":"Lab","floor":21,"gold_loss":0}],"is_beta":false,"boss_relics":[{"not_picked":["Fusion Hammer","Runic Cube"],"picked":"Black Star"}],"items_purged_floors":[19],"is_endless":false,"potions_floor_spawned":[1,3,7,8,16,18,20],"killed_by":"Gremlin Leader","ascension_level":0}