{"gold_per_floor":[119,138,154,154,97,97,108,122,122,139,139,170,170,90,90,193,193,182,196,50,50,50,50,76,1,69,69],"floor_reached":27,"playtime":2094,"items_purged":[],"score":266,"play_id":"b1cfb855-5b1a-4d7f-b630-98de1e8da4fc","local_time":"20190703054922","is_ascension_mode":true,"campfire_choices":[{"data":"True Grit","floor":6,"key":"SMITH"},{"data":"Corruption","floor":11,"key":"SMITH"},{"data":"Feel No Pain","floor":15,"key":"SMITH"},{"floor":23,"key":"REST"}],"neow_cost":"NONE","seed_source_timestamp":772555101881083,"circlet_count":0,"master_deck":["Strike_R","Strike_R","Strike_R","Strike_R","Strike_R","Defend_R","Defend_R","Defend_R","Defend_R","Bash+1","Seeing Red","Feel No Pain+1","True Grit+1","Corruption+1","Evolve","Juggernaut","Armaments+1"],"relics":["Black Blood","Torii","StoneCalendar","Pear","Blood Vial","Incense Burner","Kunai"],"potions_floor_usage":[12,16,16,27],"damage_taken":[{"damage":9,"enemies":"2 Louse","floor":1,"turns":3},{"damage":2,"enemies":"Small Slimes","floor":2,"turns":4},{"damage":3,"enemies":"Cultist","floor":3,"turns":4},{"damage":1,"enemies":"2 Fungi Beasts","floor":7,"turns":5},{"damage":12,"enemies":"Looter","floor":8,"turns":3},{"damage":13,"enemies":"Large Slime","floor":10,"turns":7},{"damage":1,"enemies":"Lagavulin","floor":12,"turns":5},{"damage":57,"enemies":"Hexaghost","floor":16,"turns":10},{"damage":43,"enemies":"2 Thieves","floor":18,"turns":4},{"damage":1,"enemies":"Chosen","floor":19,"turns":5},{"damage":83,"enemies":"Slavers","floor":24,"turns":7},{"damage":20,"enemies":"Snake Plant","floor":27,"turns":3}],"seed_played":"-147519032798605916","potions_obtained":[{"floor":1,"key":"Poison Potion"},{"floor":10,"key":"Explosive Potion"},{"floor":12,"key":"Regen Potion"},{"floor":24,"key":"AttackPotion"}],"is_trial":false,"path_per_floor":["M","M","M","?","?","R","M","M","T","M","R","E","?","$","R","B",null,"M","M","$","?","?","R","E","?","T","M"],"character_chosen":"IRONCLAD","items_purchased":["Evolve","Blood Vial"],"campfire_rested":1,"item_purchase_floors":[14,20],"current_hp_per_floor":[77,80,80,80,80,80,80,74,74,67,67,82,82,82,82,46,90,57,66,66,66,66,90,17,17,17,0],"gold":69,"neow_bonus":"UPGRADE_CARD","is_prod":false,"is_daily":false,"chose_seed":false,"campfire_upgraded":3,"win_rate":0,"timestamp":1562147362,"path_taken":["M","M","M","?","?","R","M","M","T","?","R","E","?","$","R","BOSS","M","M","$","?","?","R","E","?","T","M"],"build_version":"2019-07-01","purchased_purges":0,"victory":false,"max_hp_per_floor":[80,80,80,80,80,80,80,80,80,80,80,90,90,90,90,90,90,90,90,90,90,90,90,90,90,90,90],"card_choices":[{"not_picked":["Infernal Blade","Warcry"],"picked":"Seeing Red","floor":1},{"not_picked":["Searing Blow","Battle Trance"],"picked":"Feel No Pain","floor":2},{"not_picked":["Iron Wave","Twin Strike"],"picked":"True Grit","floor":3},{"not_picked":["Heavy Blade","True Grit"],"picked":"Thunderclap","floor":7},{"not_picked":["Entrench","Reckless Charge"],"picked":"Corruption","floor":8},{"not_picked":["Anger","Flame Barrier","Pummel"],"picked":"SKIP","floor":10},{"not_picked":["Perfected Strike","Sword Boomerang","Fire Breathing"],"picked":"SKIP","floor":12},{"not_picked":["Dark Embrace","Immolate"],"picked":"Juggernaut","floor":16},{"not_picked":["True Grit","Anger"],"picked":"Armaments+1","floor":18},{"not_picked":["Shrug It Off","Perfected Strike","Clash"],"picked":"SKIP","floor":19},{"not_picked":["Havoc","Combust","Bloodletting"],"picked":"SKIP","floor":24}],"player_experience":187935,"relics_obtained":[{"floor":9,"key":"StoneCalendar"},{"floor":12,"key":"Pear"},{"floor":24,"key":"Incense Burner"},{"floor":26,"key":"Kunai"}],"event_choices":[{"damage_healed":0,"gold_gain":0,"player_choice":"Ignored","damage_taken":0,"max_hp_gain":0,"max_hp_loss":0,"event_name":"Liars Game","floor":4,"gold_loss":0},{"damage_healed":0,"gold_gain":0,"player_choice":"Paid Gold","damage_taken":0,"relics_obtained":["Torii"],"max_hp_gain":0,"max_hp_loss":0,"event_name":"WeMeetAgain","floor":5,"gold_loss":57},{"damage_healed":0,"gold_gain":0,"player_choice":"Fled","damage_taken":0,"max_hp_gain":0,"max_hp_loss":0,"event_name":"Scrap Ooze","floor":13,"gold_loss":0},{"damage_healed":0,"gold_gain":0,"player_choice":"Ignored","damage_taken":0,"max_hp_gain":0,"max_hp_loss":0,"event_name":"Cursed Tome","floor":22,"gold_loss":0},{"cards_removed":["Thunderclap"],"damage_healed":0,"gold_gain":0,"player_choice":"Gave Gold","damage_taken":0,"max_hp_gain":0,"max_hp_loss":0,"event_name":"Beggar","floor":25,"gold_loss":75}],"is_beta":false,"boss_relics":[{"not_picked":["Lizard Tail","Velvet Choker"],"picked":"Black Blood"}],"items_purged_floors":[],"is_endless":false,"potions_floor_spawned":[1,10,12,24],"killed_by":"Snake Plant","ascension_level":3}