{"gold_per_floor":[112,32,49,49,49,49,74,74,143,143,143,166,166,18,18,137,137,130,27,46,46,70,70,114,114,141,175,175,175],"floor_reached":29,"playtime":842,"items_purged":[],"score":283,"play_id":"38ad96d2-1694-4986-b8bf-39387d1f7a11","local_time":"20180716035146","is_ascension_mode":true,"campfire_choices":[{"floor":6,"key":"REST"},{"floor":8,"key":"REST"},{"floor":13,"key":"REST"},{"floor":15,"key":"REST"},{"floor":23,"key":"REST"},{"floor":25,"key":"REST"}],"neow_cost":"NONE","seed_source_timestamp":606138174339196,"circlet_count":0,"master_deck":["Zap","Dualcast","Consume","Static Discharge","Auto Shields","Defragment","Rebound","Echo Form","Barrage","Rebound","Fusion","Aggregate","Tempest","Coolheaded","Redo","Sunder+1","Rip and Tear","Coolheaded","Streamline","Static Discharge","Beam Cell+1","Storm","Chaos+1"],"relics":["Fusion Hammer","Potion Belt","Matryoshka","Strawberry","Mercury Hourglass","Golden Idol","Lantern","Pandora\u0027s Box","Vajra","Shuriken","Happy Flower","Pear"],"potions_floor_usage":[7,7,24,27],"damage_taken":[{"damage":0,"enemies":"2 Louse","floor":1,"turns":3},{"damage":0,"enemies":"Cultist","floor":3,"turns":4},{"damage":29,"enemies":"Gremlin Nob","floor":7,"turns":5},{"damage":0,"enemies":"Jaw Worm","floor":12,"turns":3},{"damage":29,"enemies":"Slime Boss","floor":16,"turns":8},{"damage":10,"enemies":"2 Thieves","floor":18,"turns":4},{"damage":6,"enemies":"3 Byrds","floor":20,"turns":2},{"damage":37,"enemies":"Slaver and Parasite","floor":22,"turns":6},{"damage":23,"enemies":"Gremlin Leader","floor":24,"turns":4},{"damage":37,"enemies":"Book of Stabbing","floor":27,"turns":4},{"damage":18,"enemies":"Gremlin Leader","floor":29,"turns":4}],"seed_played":"-4615337354421912557","potions_obtained":[{"floor":1,"key":"Regen Potion"},{"floor":3,"key":"EssenceOfSteel"},{"floor":22,"key":"PowerPotion"},{"floor":24,"key":"GamblersBrew"}],"is_trial":false,"path_per_floor":["M","$","M","?","?","R","E","R","T","?","?","M","R","$","R","B",null,"M","$","M","?","M","R","E","R","T","E","?"],"character_chosen":"DEFECT","items_purchased":["Static Discharge","Lantern","Rip and Tear","Coolheaded"],"campfire_rested":6,"item_purchase_floors":[2,14,19,19],"current_hp_per_floor":[75,75,75,75,50,72,53,75,82,66,66,66,76,76,76,47,76,66,66,60,60,23,45,22,44,44,17,17,0],"gold":175,"neow_bonus":"BOSS_RELIC","is_prod":false,"is_daily":false,"chose_seed":false,"campfire_upgraded":0,"win_rate":0,"timestamp":1531727506,"path_taken":["M","$","M","?","?","R","E","R","T","?","?","?","R","$","R","BOSS","M","$","M","?","M","R","E","R","T","E","?","E"],"build_version":"2018-07-13","purchased_purges":0,"victory":false,"max_hp_per_floor":[75,75,75,75,75,75,75,75,82,82,76,76,76,76,76,76,76,76,76,76,76,76,76,76,76,76,86,86,86],"card_choices":[{"not_picked":["Redo","Fusion"],"picked":"Consume","floor":1},{"not_picked":["Rebound","Cold Snap"],"picked":"Auto Shields","floor":3},{"not_picked":["Barrage","Hologram"],"picked":"Defragment","floor":7},{"not_picked":["Barrage","Force Field"],"picked":"Rebound","floor":12},{"not_picked":["Biased Cognition","Reboot"],"picked":"Echo Form","floor":16},{"not_picked":["Static Discharge","Barrage"],"picked":"Sunder+1","floor":18},{"not_picked":["Barrage","Steam+1"],"picked":"Streamline","floor":20},{"not_picked":["Stack","Leap"],"picked":"Beam Cell+1","floor":22},{"not_picked":["Stack","Fusion"],"picked":"Storm","floor":24},{"not_picked":["Multi-Cast","Tempest"],"picked":"Chaos+1","floor":27}],"player_experience":444932,"relics_obtained":[{"floor":7,"key":"Matryoshka"},{"floor":9,"key":"Strawberry"},{"floor":9,"key":"Mercury Hourglass"},{"floor":24,"key":"Vajra"},{"floor":26,"key":"Shuriken"},{"floor":26,"key":"Happy Flower"},{"floor":27,"key":"Pear"}],"event_choices":[{"event_name":"Bonfire Elementals","player_choice":"BASIC","floor":4,"damage_taken":0},{"event_name":"Scrap Ooze","player_choice":"success","floor":5,"damage_taken":25},{"event_name":"Shining Light","player_choice":"Entered Light","floor":10,"damage_taken":0},{"event_name":"Golden Idol","player_choice":"Lose Max HP","floor":11,"damage_taken":0},{"event_name":"The Library","player_choice":"Read","floor":21,"damage_taken":0},{"event_name":"Beggar","player_choice":"Ignored","floor":28,"damage_taken":0}],"boss_relics":[{"not_picked":["Tiny House","Black Star"],"picked":"Pandora\u0027s Box"}],"items_purged_floors":[],"is_endless":false,"potions_floor_spawned":[1,3,22,24],"killed_by":"Gremlin Leader","ascension_level":2}