{"path_per_floor":["M","?","?","?","M","E","?","M","T","M","R","E","R","M","R","B",null,"M","?","?","M","M"],"character_chosen":"THE_SILENT","items_purchased":[],"gold_per_floor":[114,114,114,114,133,167,167,181,181,191,191,226,226,244,244,345,345,359,359,359,379,393],"floor_reached":23,"campfire_rested":1,"playtime":2287,"current_hp_per_floor":[65,65,70,63,63,9,9,2,2,35,49,41,41,28,68,20,84,83,83,67,51,8],"items_purged":[],"gold":393,"score":201,"play_id":"7ffa34fa-409c-47c6-b6b5-269386efba8e","local_time":"20180308140758","is_prod":false,"is_daily":false,"is_ascension_mode":false,"campfire_upgraded":0,"timestamp":1520510878,"path_taken":["M","?","?","?","?","E","?","M","T","?","R","E","R","M","R","BOSS","M","?","?","M","M","M"],"build_version":"2018-03-01-PROD1","purchased_purges":0,"victory":false,"master_deck":["Defend_G","Defend_G","Defend_G","Defend_G","Defend_G","Strike_G","Strike_G","Strike_G","Strike_G","Survivor","Neutralize","Flying Knee","Reflex","Dagger Spray","Skewer","Deadly Poison","Terror","Flying Knee","Backstab","Envenom","Noxious Fumes","Dagger Spray","Blur","Deflect","Phantasmal Killer","Bane+1","Writhe","Bouncing Flask+1","Slice+1"],"max_hp_per_floor":[70,70,70,70,70,70,70,70,70,70,84,84,84,84,84,84,84,84,84,84,84,84],"relics":["Lizard Tail","Bronze Scales","Dodecahedron","Shovel","Mango","Blood Vial","Regal Pillow","Orrery","Kunai","Enchiridion"],"card_choices":[{"not_picked":["Predator","Prepared"],"picked":"Sucker Punch"},{"not_picked":["Skewer","Sucker Punch"],"picked":"Flying Knee"},{"not_picked":["Deflect","Calculated Gamble"],"picked":"Reflex"},{"not_picked":["Sucker Punch","Deflect"],"picked":"Deadly Poison"},{"not_picked":["Dash","Infinite Blades"],"picked":"Terror"},{"not_picked":["Phantasmal Killer","Slice"],"picked":"Flying Knee"},{"not_picked":["Flying Knee","Dagger Spray"],"picked":"Backstab"},{"not_picked":["Unload","Die Die Die"],"picked":"Envenom"},{"not_picked":["Dagger Spray","Quick Slash"],"picked":"Noxious Fumes"},{"not_picked":["Infinite Blades","Flechettes"],"picked":"Dagger Spray"},{"not_picked":["Bane","Calculated Gamble"],"picked":"Blur"},{"not_picked":["Choke","Acrobatics"],"picked":"Deflect"},{"not_picked":["Heel Hook","Underhanded Strike"],"picked":"Phantasmal Killer"},{"not_picked":["Backflip","Underhanded Strike"],"picked":"Bane"},{"not_picked":["Masterful Stab","Bane"],"picked":"Bouncing Flask"},{"not_picked":["Dash","Sucker Punch"],"picked":"Slice"}],"player_experience":45739,"potions_floor_usage":[10,12,16],"damage_taken":[{"damage":5,"enemies":"Small Slimes","floor":1,"turns":4},{"damage":0,"enemies":"Cultist","floor":5,"turns":4},{"damage":54,"enemies":"Lagavulin","floor":6,"turns":13},{"damage":7,"enemies":"Jaw Worm","floor":8,"turns":4},{"damage":2,"enemies":"Gremlin Gang","floor":10,"turns":5},{"damage":8,"enemies":"3 Sentries","floor":12,"turns":6},{"damage":15,"enemies":"Exordium Thugs","floor":14,"turns":5},{"damage":50,"enemies":"Hexaghost","floor":16,"turns":10},{"damage":1,"enemies":"3 Byrds","floor":18,"turns":4},{"damage":18,"enemies":"Chosen","floor":21,"turns":5},{"damage":45,"enemies":"Slaver and Parasite","floor":22,"turns":5},{"damage":20,"enemies":"Chosen and Byrds","floor":23,"turns":5}],"event_choices":[{"event_name":"Wheel of Change","player_choice":"Card Removal","floor":2,"damage_taken":0},{"event_name":"Bonfire Elementals","player_choice":"COMMON","floor":3,"damage_taken":0},{"event_name":"Scrap Ooze","player_choice":"success","floor":4,"damage_taken":7},{"event_name":"Match and Keep!","player_choice":"2 cards matched","floor":7,"damage_taken":0},{"event_name":"The Mausoleum","player_choice":"Yes","floor":19,"damage_taken":0},{"event_name":"Cursed Tome","player_choice":"Obtained Book","floor":20,"damage_taken":0}],"boss_relics":[{"not_picked":["Question Card","Ectoplasm"],"picked":"Orrery"}],"potions_floor_spawned":[6,10,14],"seed_played":"2058212292003203011","killed_by":"Chosen and Byrds","ascension_level":0,"is_trial":false}