{"gold_per_floor":[110,110,123,123,140,167,167,180,180,198,7,53,53,83,83,83],"floor_reached":16,"playtime":607,"items_purged":[],"score":151,"play_id":"eb868134-70ac-40c6-b5f3-732308c7b706","local_time":"20180928112513","is_ascension_mode":true,"campfire_choices":[{"data":"Armaments","floor":7,"key":"SMITH"},{"floor":15,"key":"REST"}],"neow_cost":"","seed_source_timestamp":612186925978617,"circlet_count":0,"master_deck":["Strike_R","Strike_R","Strike_R","Strike_R","Defend_R","Defend_R","Defend_R","Defend_R","Bash","Cleave","Heavy Blade","Armaments+1","Pommel Strike","Limit Break","HandOfGreed"],"relics":["Burning Blood","Kunai","Meat on the Bone","Ornamental Fan"],"potions_floor_usage":[6,10,16],"damage_taken":[{"damage":12,"enemies":"Jaw Worm","floor":1,"turns":3},{"damage":15,"enemies":"Small Slimes","floor":3,"turns":4},{"damage":0,"enemies":"2 Louse","floor":5,"turns":2},{"damage":33,"enemies":"3 Sentries","floor":6,"turns":7},{"damage":24,"enemies":"Gremlin Gang","floor":8,"turns":4},{"damage":13,"enemies":"Blue Slaver","floor":10,"turns":3},{"damage":16,"enemies":"Lots of Slimes","floor":12,"turns":4},{"damage":8,"enemies":"3 Louse","floor":14,"turns":3},{"damage":71,"enemies":"The Guardian","floor":16,"turns":12}],"seed_played":"-9150702102824573260","potions_obtained":[{"floor":1,"key":"Strength Potion"},{"floor":8,"key":"GamblersBrew"},{"floor":10,"key":"Swift Potion"},{"floor":12,"key":"Ancient Potion"}],"is_trial":false,"path_per_floor":["M","?","M","?","M","E","R","M","T","M","$","M","?","M","R"],"character_chosen":"IRONCLAD","items_purchased":["HandOfGreed"],"campfire_rested":1,"item_purchase_floors":[11],"current_hp_per_floor":[66,66,57,57,63,36,36,30,30,35,35,37,37,47,71,0],"gold":83,"neow_bonus":"","is_prod":false,"is_daily":false,"chose_seed":false,"campfire_upgraded":1,"win_rate":0,"timestamp":1538123113,"path_taken":["M","?","M","?","M","E","R","M","T","M","?","?","?","?","R","BOSS"],"build_version":"2018-09-27","purchased_purges":0,"victory":false,"max_hp_per_floor":[80,80,80,80,80,80,80,80,80,80,80,80,80,80,80,80],"card_choices":[{"not_picked":["Corruption","Havoc"],"picked":"Cleave","floor":1},{"not_picked":["Uppercut","Sever Soul"],"picked":"Heavy Blade","floor":3},{"not_picked":["True Grit","Warcry","Dual Wield"],"picked":"SKIP","floor":5},{"not_picked":["Sword Boomerang","Rupture"],"picked":"Armaments","floor":6},{"not_picked":["Clothesline","Dual Wield"],"picked":"Pommel Strike","floor":8},{"not_picked":["Perfected Strike","Iron Wave"],"picked":"Limit Break","floor":10},{"not_picked":["Warcry","Bludgeon","Cleave"],"picked":"SKIP","floor":12},{"not_picked":["Warcry","Headbutt","Burning Pact"],"picked":"SKIP","floor":14}],"player_experience":388433,"relics_obtained":[{"floor":6,"key":"Meat on the Bone"},{"floor":9,"key":"Ornamental Fan"}],"event_choices":[{"event_name":"Big Fish","player_choice":"Box","floor":2,"damage_taken":0},{"event_name":"Fountain of Cleansing","player_choice":"Removed Curse","floor":4,"damage_taken":0},{"event_name":"Living Wall","player_choice":"Forget","floor":13,"damage_taken":0}],"is_beta":false,"boss_relics":[],"items_purged_floors":[],"is_endless":false,"potions_floor_spawned":[1,8,10,12],"killed_by":"The Guardian","ascension_level":9}