{"path_per_floor":["M","?","T","$","?","E","R","E","T","M","M","$","M","M","R","B",null,"M","?","?","$","M","M","M","M","T","M","R","M","$","M","R","B",null,"M","?","$","M","M","R","M","R","T","E","?","M","R","M","R"],"character_chosen":"THE_SILENT","items_purchased":["Oddly Smooth Stone","Block Potion"],"gold_per_floor":[111,111,111,36,36,71,71,99,154,169,186,86,105,125,125,220,220,231,231,231,81,98,110,125,139,165,178,178,193,143,158,158,253,253,264,264,139,150,166,166,179,179,179,210,210,223,223,233,233,233],"floor_reached":50,"campfire_rested":8,"playtime":2460,"current_hp_per_floor":[70,70,70,70,52,14,35,17,17,29,41,41,41,46,67,35,70,61,61,61,61,58,60,43,25,25,29,50,50,50,47,68,34,70,46,46,46,36,29,50,38,59,59,18,18,14,35,27,48,0],"items_purged":["Regret","Strike_G","Injury"],"gold":233,"score":539,"play_id":"57fcd64f-81de-4b14-8722-9dd52fbf88a9","local_time":"20180430202940","is_prod":false,"is_daily":false,"chose_seed":false,"is_ascension_mode":true,"campfire_upgraded":0,"timestamp":1525109380,"path_taken":["M","?","?","$","?","E","R","E","T","M","M","$","M","M","R","BOSS","M","?","?","?","M","M","M","M","T","?","R","M","$","?","R","BOSS","M","?","$","M","M","R","M","R","T","E","?","?","R","M","R","BOSS"],"build_version":"2018-04-28v2","seed_source_timestamp":0,"purchased_purges":5,"victory":false,"master_deck":["Defend_G+1","Defend_G+1","Defend_G+1","Defend_G+1","Strike_G+1","Strike_G+1","Survivor","Neutralize","Deadly Poison","Die Die Die","Bane","Bane","Bouncing Flask","Poisoned Stab","Glass Knife","Bouncing Flask+1","Sucker Punch+1","Poisoned Stab+1","Backflip","Envenom","Noxious Fumes+1","Adrenaline","Glass Knife","Outmaneuver+1","Terror","Envenom","Parasite","PiercingWail","Catalyst","Noxious Fumes+1"],"max_hp_per_floor":[70,70,70,70,70,70,70,70,70,70,70,70,70,70,70,70,70,70,70,70,70,70,70,70,70,70,70,70,70,70,70,70,70,70,70,70,70,70,70,70,70,70,70,70,70,70,70,70,70,70],"relics":["White Beast Statue","Pantograph","Pen Nib","Ancient Tea Set","Bronze Scales","Meat on the Bone","Happy Flower","Astrolabe","Oddly Smooth Stone","Dream Catcher","Calling Bell","Art of War","Girya","Centennial Puzzle","Shuriken","Kunai"],"card_choices":[{"not_picked":["Endless Agony","Cloak And Dagger"],"picked":"Deadly Poison","floor":1.0},{"not_picked":["Prepared","Slice"],"picked":"Die Die Die","floor":6.0},{"not_picked":["Reflex","Masterful Stab"],"picked":"Bane","floor":8.0},{"not_picked":["Dagger Throw","Blade Dance"],"picked":"Bane","floor":10.0},{"not_picked":["Malaise","Accuracy"],"picked":"Bouncing Flask","floor":13.0},{"not_picked":["Sucker Punch","PiercingWail"],"picked":"Poisoned Stab","floor":14.0},{"not_picked":["Storm of Steel","Venomology"],"picked":"Glass Knife","floor":16.0},{"not_picked":["Outmaneuver","Dagger Throw"],"picked":"Backflip","floor":18},{"not_picked":["Quick Slash","Backflip"],"picked":"Noxious Fumes","floor":22},{"not_picked":["Outmaneuver","Backflip"],"picked":"Adrenaline","floor":23},{"not_picked":["Leg Sweep","Quick Slash"],"picked":"Glass Knife","floor":28},{"not_picked":["Bane","Masterful Stab"],"picked":"Outmaneuver","floor":29},{"not_picked":["Deadly Poison","Predator"],"picked":"Terror","floor":31},{"not_picked":["Die Die Die","Corpse Explosion"],"picked":"Envenom","floor":33},{"not_picked":["Deflect","Sucker Punch"],"picked":"PiercingWail","floor":35},{"not_picked":["Cloak And Dagger","Dagger Spray"],"picked":"Catalyst","floor":41},{"not_picked":["Masterful Stab","After Image"],"picked":"Noxious Fumes","floor":42}],"player_experience":227389,"potions_floor_usage":[22,23,24,24,25,27,27,29,31,33,33,35,38,39,41,44,50,50,50],"damage_taken":[{"damage":0.0,"enemies":"Jaw Worm","floor":1.0,"turns":5.0},{"damage":38.0,"enemies":"Gremlin Nob","floor":6.0,"turns":5.0},{"damage":18.0,"enemies":"Lagavulin","floor":8.0,"turns":9.0},{"damage":0.0,"enemies":"2 Louse","floor":10.0,"turns":2.0},{"damage":0.0,"enemies":"Small Slimes","floor":11.0,"turns":1.0},{"damage":0.0,"enemies":"Blue Slaver","floor":13.0,"turns":2.0},{"damage":16.0,"enemies":"Large Slime","floor":14.0,"turns":4.0},{"damage":47.0,"enemies":"The Guardian","floor":16.0,"turns":8.0},{"damage":9.0,"enemies":"2 Thieves","floor":18.0,"turns":3.0},{"damage":3,"enemies":"Snecko","floor":22,"turns":3},{"damage":13,"enemies":"Cultist and Chosen","floor":23,"turns":5},{"damage":17,"enemies":"Centurion and Healer","floor":24,"turns":4},{"damage":36,"enemies":"Snake Plant","floor":25,"turns":3},{"damage":8,"enemies":"Cultist and Chosen","floor":27,"turns":5},{"damage":0,"enemies":"Centurion and Healer","floor":29,"turns":3},{"damage":3,"enemies":"Slaver and Parasite","floor":31,"turns":5},{"damage":48,"enemies":"Automaton","floor":33,"turns":7},{"damage":24,"enemies":"3 Darklings","floor":35,"turns":5},{"damage":22,"enemies":"3 Shapes","floor":38,"turns":3},{"damage":19,"enemies":"3 Darklings","floor":39,"turns":5},{"damage":12,"enemies":"Sphere and 2 Shapes","floor":41,"turns":5},{"damage":53,"enemies":"2 Orb Walkers","floor":44,"turns":5},{"damage":16,"enemies":"Maw","floor":46,"turns":6},{"damage":20,"enemies":"3 Darklings","floor":48,"turns":4},{"damage":70,"enemies":"Awakened One","floor":50,"turns":8}],"event_choices":[{"event_name":"Big Fish","player_choice":"Box","floor":2.0,"damage_taken":0.0},{"event_name":"Scrap Ooze","player_choice":"success","floor":5.0,"damage_taken":18.0},{"event_name":"Back to Basics","player_choice":"Simplicity","floor":19,"damage_taken":0},{"event_name":"The Library","player_choice":"Read","floor":20,"damage_taken":0},{"event_name":"Tomb of Lord Red Mask","player_choice":"Ignored","floor":36,"damage_taken":0},{"event_name":"Purifier","player_choice":"One Purge","floor":45,"damage_taken":0}],"boss_relics":[{"not_picked":["Eternal Feather","Orrery"],"picked":"Calling Bell"}],"potions_floor_spawned":[1,6,8,10,11,13,14,16,18,22,23,24,25,27,29,31,33,35,38,39,41,44,46,48],"seed_played":"2915247347992788593","killed_by":"Awakened One","ascension_level":1,"is_trial":false}