{"gold_per_floor":[117,117,133,20,37,69,69,69,99,137,312,312,327,327,327,447,447,460,473,35,35,50,50,70,70,145,30,30,55,55,105,105,226,226,246,11,34,34,54,54,54],"floor_reached":41,"playtime":1556,"items_purged":["Defend_B","Consume+1"],"score":566,"play_id":"3c4ae467-2150-40e1-8c0a-e8df6f690a82","local_time":"20190628213252","is_ascension_mode":true,"campfire_choices":[{"floor":8,"key":"REST"},{"floor":15,"key":"REST"},{"floor":25,"key":"REST"},{"floor":28,"key":"RECALL"},{"data":"Zap","floor":32,"key":"SMITH"},{"floor":40,"key":"REST"}],"neow_cost":"NONE","seed_source_timestamp":50115228474400,"circlet_count":0,"master_deck":["Strike_B+1","Strike_B+1","Defend_B+1","Defend_B+1","Zap+1","Dualcast","Undo","White Noise","Self Repair","Glacier","Defragment","Rainbow","Coolheaded","Electrodynamics","Ball Lightning+1","Rip and Tear+1","Defragment+1","Magnetism+1","Static Discharge+1","White Noise","Echo Form+1","Blizzard","BootSequence+1"],"relics":["Nuclear Battery","The Courier","Golden Idol","Tiny Chest","Omamori","Bronze Scales","Astrolabe","Frozen Egg 2","Dodecahedron","Anchor","Oddly Smooth Stone","Fusion Hammer","Emotion Chip","Pen Nib"],"potions_floor_usage":[6,10,22,33,41],"damage_taken":[{"damage":3,"enemies":"Jaw Worm","floor":1,"turns":4},{"damage":0,"enemies":"Cultist","floor":3,"turns":4},{"damage":9,"enemies":"2 Louse","floor":5,"turns":3},{"damage":23,"enemies":"Lagavulin","floor":6,"turns":8},{"damage":33,"enemies":"Gremlin Nob","floor":10,"turns":6},{"damage":0,"enemies":"Looter","floor":13,"turns":4},{"damage":55,"enemies":"Hexaghost","floor":16,"turns":15},{"damage":8,"enemies":"Spheric Guardian","floor":18,"turns":3},{"damage":26,"enemies":"2 Thieves","floor":19,"turns":3},{"damage":23,"enemies":"Centurion and Healer","floor":22,"turns":6},{"damage":8,"enemies":"Snecko","floor":24,"turns":4},{"damage":23,"enemies":"Champ","floor":33,"turns":9},{"damage":0,"enemies":"Orb Walker","floor":35,"turns":5},{"damage":17,"enemies":"3 Darklings","floor":37,"turns":3},{"damage":21,"enemies":"4 Shapes","floor":39,"turns":2},{"damage":66,"enemies":"Nemesis","floor":41,"turns":10}],"seed_played":"6740879918009809237","potions_obtained":[{"floor":5,"key":"Fire Potion"},{"floor":6,"key":"SkillPotion"},{"floor":13,"key":"Poison Potion"},{"floor":19,"key":"EssenceOfSteel"},{"floor":22,"key":"FocusPotion"},{"floor":37,"key":"GamblersBrew"},{"floor":39,"key":"Strength Potion"}],"is_trial":false,"path_per_floor":["M","?","M","$","M","E","?","R","T","E","?","T","M","?","R","B",null,"M","M","$","?","M","?","M","R","T","$","R","T","?","?","R","B",null,"M","$","M","T","M","R","E"],"character_chosen":"DEFECT","items_purchased":["Self Repair","Frozen Egg 2","Magnetism+1","Anchor","Emotion Chip"],"campfire_rested":4,"item_purchase_floors":[4,20,20,27,36],"current_hp_per_floor":[65,75,75,75,73,57,39,61,61,35,35,35,42,42,64,16,60,59,40,40,40,24,24,23,45,45,45,45,45,70,70,70,54,70,75,75,65,65,44,66,0],"gold":54,"neow_bonus":"BOSS_RELIC","is_prod":false,"is_daily":false,"chose_seed":false,"campfire_upgraded":1,"win_rate":0,"timestamp":1561746772,"path_taken":["M","?","?","$","M","E","?","R","T","E","?","?","?","?","R","BOSS","M","M","?","?","M","?","?","R","T","$","R","?","?","?","R","BOSS","M","$","M","?","M","R","E"],"build_version":"2019-01-23","purchased_purges":2,"victory":false,"max_hp_per_floor":[75,75,75,75,75,75,75,75,75,75,75,75,75,75,75,75,75,75,75,75,75,75,75,75,75,75,75,75,75,75,75,75,75,75,75,75,75,75,75,75,75],"card_choices":[{"not_picked":["Rebound","Steam Power"],"picked":"Undo","floor":1},{"not_picked":["Doom and Gloom","Darkness"],"picked":"White Noise","floor":3},{"not_picked":["Steam","Turbo"],"picked":"Glacier","floor":5},{"not_picked":["Steam","Undo"],"picked":"Defragment","floor":6},{"not_picked":["Go for the Eyes","Scrape"],"picked":"Rainbow","floor":10},{"not_picked":["Ball Lightning","Sweeping Beam"],"picked":"Coolheaded","floor":13},{"not_picked":["Machine Learning","Seek"],"picked":"Electrodynamics","floor":16},{"not_picked":["Gash","Streamline"],"picked":"Defragment+1","floor":18},{"not_picked":["Go for the Eyes+1","Ball Lightning","Chaos"],"picked":"SKIP","floor":19},{"not_picked":["Stack","Conserve Battery"],"picked":"Static Discharge+1","floor":22},{"not_picked":["Stack","Reboot"],"picked":"White Noise","floor":24},{"not_picked":["Rainbow","Seek"],"picked":"Echo Form+1","floor":33},{"not_picked":["Rebound","Go for the Eyes+1"],"picked":"Blizzard","floor":35},{"not_picked":["Hologram+1","Ball Lightning+1","Go for the Eyes"],"picked":"SKIP","floor":37},{"not_picked":["Go for the Eyes","Conserve Battery"],"picked":"BootSequence+1","floor":39}],"player_experience":630103,"relics_obtained":[{"floor":6,"key":"The Courier"},{"floor":9,"key":"Tiny Chest"},{"floor":10,"key":"Omamori"},{"floor":26,"key":"Dodecahedron"},{"floor":29,"key":"Oddly Smooth Stone"},{"floor":38,"key":"Pen Nib"}],"event_choices":[{"damage_healed":10,"gold_gain":0,"player_choice":"Full Heal","damage_taken":0,"max_hp_gain":0,"max_hp_loss":0,"event_name":"Wheel of Change","floor":2,"gold_loss":0},{"damage_healed":0,"gold_gain":0,"player_choice":"Take Damage","damage_taken":18,"relics_obtained":["Golden Idol"],"max_hp_gain":0,"max_hp_loss":0,"event_name":"Golden Idol","floor":7,"gold_loss":0},{"damage_healed":0,"gold_gain":175,"player_choice":"AGREE","damage_taken":0,"max_hp_gain":0,"max_hp_loss":0,"event_name":"Liars Game","floor":11,"gold_loss":0,"cards_obtained":["Doubt"]},{"damage_healed":0,"gold_gain":0,"player_choice":"Gave Potion","damage_taken":0,"relics_obtained":["Bronze Scales"],"max_hp_gain":0,"max_hp_loss":0,"event_name":"WeMeetAgain","floor":14,"gold_loss":0},{"damage_healed":0,"gold_gain":0,"player_choice":"Ignored","damage_taken":0,"max_hp_gain":0,"max_hp_loss":0,"event_name":"Ghosts","floor":21,"gold_loss":0},{"damage_healed":0,"gold_gain":0,"player_choice":"Simplicity","damage_taken":0,"max_hp_gain":0,"max_hp_loss":0,"event_name":"Back to Basics","floor":23,"gold_loss":0,"cards_upgraded":["Strike_B","Strike_B","Defend_B","Defend_B"]},{"damage_healed":25,"gold_gain":0,"player_choice":"Heal","damage_taken":0,"max_hp_gain":0,"max_hp_loss":0,"event_name":"The Library","floor":30,"gold_loss":0},{"damage_healed":0,"gold_gain":100,"player_choice":"Bet on Murderer","damage_taken":0,"max_hp_gain":0,"max_hp_loss":0,"event_name":"The Joust","floor":31,"gold_loss":50}],"is_beta":false,"boss_relics":[{"not_picked":["Empty Cage","Eternal Feather"],"picked":"Astrolabe"},{"not_picked":["Calling Bell","Pandora\u0027s Box"],"picked":"Fusion Hammer"}],"items_purged_floors":[4,20],"is_endless":false,"potions_floor_spawned":[5,6,13,19,22,37,39],"killed_by":"Nemesis","ascension_level":6}