{"gold_per_floor":[119,44,44,59,59,88,110,150,162,174,86,86,98,116,116,218,218,229,244,159,0,0],"floor_reached":22,"playtime":529,"items_purged":["Strike_R","Regret"],"score":350,"play_id":"8de9f398-003f-4490-ab31-52e4af6d49dd","local_time":"20181218115913","is_ascension_mode":true,"campfire_choices":[{"floor":12.0,"key":"REST"},{"floor":15.0,"key":"REST"}],"neow_cost":"NONE","seed_source_timestamp":0,"circlet_count":0,"master_deck":["AscendersBane","Strike_R","Strike_R","Strike_R","Defend_R","Defend_R","Bash","Anger+1"],"special_seed":0,"relics":["Burning Blood","NeowsBlessing","MawBank","Calipers","Pear","Lantern","Empty Cage","Vajra"],"potions_floor_usage":[22],"damage_taken":[{"damage":0.0,"enemies":"Jaw Worm","floor":1.0,"turns":1.0},{"damage":0.0,"enemies":"Cultist","floor":4.0,"turns":1.0},{"damage":0.0,"enemies":"Gremlin Nob","floor":6.0,"turns":1.0},{"damage":14.0,"enemies":"Small Slimes","floor":7.0,"turns":3.0},{"damage":50.0,"enemies":"3 Sentries","floor":8.0,"turns":9.0},{"damage":10.0,"enemies":"Gremlin Gang","floor":13.0,"turns":3.0},{"damage":0.0,"enemies":"Large Slime","floor":14.0,"turns":2.0},{"damage":63.0,"enemies":"Slime Boss","floor":16.0,"turns":9.0},{"damage":36.0,"enemies":"2 Thieves","floor":18.0,"turns":4.0},{"damage":28.0,"enemies":"3 Byrds","floor":19.0,"turns":5.0},{"damage":41,"enemies":"3 Cultists","floor":22,"turns":4}],"seed_played":"5123250130023618849","potions_obtained":[{"floor":4.0,"key":"FearPotion"},{"floor":8.0,"key":"FearPotion"},{"floor":13.0,"key":"AttackPotion"},{"floor":16.0,"key":"LiquidBronze"},{"floor":18.0,"key":"EntropicBrew"},{"floor":19.0,"key":"BloodPotion"}],"is_trial":false,"path_per_floor":["M","$","?","M","?","E","M","E","T","?","$","R","M","M","R","B",null,"M","M","?","?","M"],"character_chosen":"IRONCLAD","items_purchased":[],"campfire_rested":2,"item_purchase_floors":[],"current_hp_per_floor":[78,78,78,80,80,80,72,28,38,38,38,65,61,67,90,33,76,46,24,24,24,0],"gold":0,"neow_bonus":"THREE_ENEMY_KILL","is_prod":false,"is_daily":false,"chose_seed":false,"campfire_upgraded":0,"win_rate":0,"timestamp":1545127153,"path_taken":["M","$","?","?","?","E","?","E","T","?","?","R","M","M","R","BOSS","M","M","?","?","M"],"build_version":"2018-12-13","purchased_purges":2,"victory":false,"max_hp_per_floor":[80,80,80,80,80,80,80,80,90,90,90,90,90,90,90,90,90,90,90,90,90,90],"card_choices":[{"not_picked":["Wild Strike","Sword Boomerang"],"picked":"Anger","floor":1.0},{"not_picked":["Body Slam","Evolve","Headbutt"],"picked":"SKIP","floor":4.0},{"not_picked":["Barricade","Heavy Blade","Body Slam"],"picked":"SKIP","floor":6.0},{"not_picked":["Havoc","Double Tap","Pommel Strike"],"picked":"SKIP","floor":7.0},{"not_picked":["Twin Strike","Clothesline","Searing Blow"],"picked":"SKIP","floor":8.0},{"not_picked":["Blood for Blood","Clash","Feel No Pain"],"picked":"SKIP","floor":13.0},{"not_picked":["Flex","Body Slam","Burning Pact"],"picked":"SKIP","floor":14.0},{"not_picked":["Wild Strike","Twin Strike","True Grit"],"picked":"SKIP","floor":18.0},{"not_picked":["Wild Strike","Perfected Strike","Cleave"],"picked":"SKIP","floor":19.0}],"player_experience":469570,"relics_obtained":[{"floor":6.0,"key":"MawBank"},{"floor":8.0,"key":"Calipers"},{"floor":9.0,"key":"Pear"}],"event_choices":[{"damage_healed":0.0,"max_hp_gain":0.0,"max_hp_loss":0.0,"gold_gain":0.0,"event_name":"Upgrade Shrine","player_choice":"Upgraded","floor":3.0,"gold_loss":0.0,"damage_taken":0.0,"cards_upgraded":["Anger"]},{"cards_removed":["Defend_R"],"damage_healed":0.0,"max_hp_gain":0.0,"max_hp_loss":0.0,"gold_gain":0.0,"event_name":"Purifier","player_choice":"Purged","floor":5.0,"gold_loss":0.0,"damage_taken":0.0},{"damage_healed":0.0,"max_hp_gain":0.0,"max_hp_loss":0.0,"gold_gain":0.0,"event_name":"Big Fish","player_choice":"Box","floor":10.0,"gold_loss":0.0,"damage_taken":0.0,"relics_obtained":["Lantern"],"cards_obtained":["Regret"]},{"damage_healed":0.0,"max_hp_gain":0.0,"max_hp_loss":0.0,"gold_gain":0.0,"event_name":"Addict","player_choice":"Obtained Relic","floor":20.0,"gold_loss":85.0,"damage_taken":0.0,"relics_obtained":["Vajra"]},{"damage_healed":0,"gold_gain":0,"player_choice":"Paid Fearfully","damage_taken":0,"max_hp_gain":0,"max_hp_loss":0,"event_name":"Masked Bandits","floor":21,"gold_loss":159}],"is_beta":false,"boss_relics":[{"not_picked":["Runic Pyramid","Astrolabe"],"picked":"Empty Cage"}],"items_purged_floors":[2,11],"is_endless":false,"potions_floor_spawned":[4,8,13,16,18,19],"killed_by":"3 Cultists","ascension_level":12}