{"gold_per_floor":[113,126,76,86,86,86,11,30,30,64,64,64,76,90,90,190,190,209,235,41,41,61,61,61,61,61,79,105,105,105,119,119,119],"floor_reached":33,"playtime":1266,"items_purged":["Strike_R"],"score":290,"play_id":"57ccf85b-1256-4d70-9575-504cdbb6da65","local_time":"20190710111443","is_ascension_mode":false,"campfire_choices":[{"data":"Bash","floor":6,"key":"SMITH"},{"data":"Armaments","floor":12,"key":"SMITH"},{"data":"Dropkick","floor":15,"key":"SMITH"},{"data":"Double Tap","floor":23,"key":"SMITH"},{"data":"1","floor":25,"key":"LIFT"},{"data":"2","floor":30,"key":"LIFT"},{"data":"3","floor":32,"key":"LIFT"}],"neow_cost":"NONE","seed_source_timestamp":76023436288348,"circlet_count":0,"master_deck":["Strike_R","Strike_R","Defend_R","Defend_R","Defend_R","Defend_R","Bash+1","Pummel","Iron Wave","Armaments+1","Thunderclap","Dropkick+1","Carnage","Double Tap+1","Clothesline","Dark Embrace","Juggernaut"],"relics":["Burning Blood","Blood Vial","Bottled Flame","Paper Frog","FaceOfCleric","Snecko Eye","Red Mask","Membership Card","Girya","Pear","Centennial Puzzle","Art of War"],"potions_floor_usage":[16,18,19,19,33],"damage_taken":[{"damage":7,"enemies":"Small Slimes","floor":1,"turns":6},{"damage":1,"enemies":"Cultist","floor":2,"turns":3},{"damage":5,"enemies":"Jaw Worm","floor":4,"turns":5},{"damage":1,"enemies":"2 Fungi Beasts","floor":8,"turns":4},{"damage":29,"enemies":"Lagavulin","floor":10,"turns":6},{"damage":0,"enemies":"Blue Slaver","floor":13,"turns":5},{"damage":5,"enemies":"Looter","floor":14,"turns":3},{"damage":38,"enemies":"Hexaghost","floor":16,"turns":4},{"damage":7,"enemies":"Shell Parasite","floor":18,"turns":4},{"damage":17,"enemies":"Masked Bandits","floor":19,"turns":4},{"damage":18,"enemies":"Spheric Guardian","floor":22,"turns":5},{"damage":1,"enemies":"Cultist and Chosen","floor":27,"turns":3},{"damage":9,"enemies":"Book of Stabbing","floor":28,"turns":3},{"damage":13,"enemies":"Centurion and Healer","floor":31,"turns":3},{"damage":83,"enemies":"Automaton","floor":33,"turns":6}],"seed_played":"6584088974880156776","potions_obtained":[{"floor":1,"key":"PowerPotion"},{"floor":8,"key":"LiquidBronze"},{"floor":10,"key":"BloodPotion"},{"floor":13,"key":"Strength Potion"},{"floor":16,"key":"Dexterity Potion"},{"floor":19,"key":"GamblersBrew"},{"floor":27,"key":"SteroidPotion"},{"floor":28,"key":"Ancient Potion"}],"is_trial":false,"path_per_floor":["M","M","?","M","?","R","$","M","T","E","?","R","M","M","R","B",null,"M","?","$","?","M","R","T","R","T","M","E","T","R","M","R","B"],"character_chosen":"IRONCLAD","items_purchased":["Membership Card"],"campfire_rested":0,"item_purchase_floors":[20],"current_hp_per_floor":[79,80,80,80,73,73,73,80,80,57,57,57,66,70,70,41,83,83,74,74,74,65,65,65,65,75,83,83,83,83,79,79,0],"gold":119,"neow_bonus":"RANDOM_COMMON_RELIC","is_prod":false,"is_daily":false,"chose_seed":false,"campfire_upgraded":4,"win_rate":0,"timestamp":1562750083,"path_taken":["M","M","?","M","?","R","$","M","T","E","?","R","?","M","R","BOSS","M","?","$","?","M","R","?","R","T","M","E","?","R","M","R","BOSS"],"build_version":"2019-07-05","purchased_purges":1,"victory":false,"max_hp_per_floor":[80,80,80,80,80,80,80,80,80,80,80,80,81,82,82,83,83,84,85,85,85,86,86,86,86,96,97,98,98,98,99,99,99],"card_choices":[{"not_picked":["Disarm","Wild Strike"],"picked":"Pummel","floor":1},{"not_picked":["Headbutt","Heavy Blade"],"picked":"Iron Wave","floor":2},{"not_picked":["Twin Strike","Blood for Blood","Infernal Blade"],"picked":"SKIP","floor":4},{"not_picked":["Anger","Sword Boomerang"],"picked":"Armaments","floor":8},{"not_picked":["Juggernaut","Clothesline"],"picked":"Thunderclap","floor":10},{"not_picked":["Wild Strike","Searing Blow"],"picked":"Dropkick","floor":13},{"not_picked":["Body Slam","Clash"],"picked":"Carnage","floor":14},{"not_picked":["Bludgeon","Immolate"],"picked":"Double Tap","floor":16},{"not_picked":["Havoc","Shrug It Off"],"picked":"Clothesline","floor":18},{"not_picked":["Blood for Blood","Sword Boomerang+1","True Grit"],"picked":"SKIP","floor":22},{"not_picked":["Hemokinesis","Cleave","Clothesline"],"picked":"SKIP","floor":27},{"not_picked":["Blood for Blood+1","Warcry","Reckless Charge"],"picked":"SKIP","floor":28},{"not_picked":["Sword Boomerang","Clash+1"],"picked":"Juggernaut","floor":31}],"player_experience":51772,"relics_obtained":[{"floor":9,"key":"Bottled Flame"},{"floor":10,"key":"Paper Frog"},{"floor":19,"key":"Red Mask"},{"floor":24,"key":"Girya"},{"floor":26,"key":"Pear"},{"floor":28,"key":"Centennial Puzzle"},{"floor":29,"key":"Art of War"}],"event_choices":[{"cards_removed":["Strike_R"],"damage_healed":0,"gold_gain":0,"player_choice":"Card Removal","damage_taken":0,"max_hp_gain":0,"max_hp_loss":0,"event_name":"The Cleric","floor":3,"gold_loss":50},{"cards_removed":["Strike_R"],"damage_healed":0,"gold_gain":0,"player_choice":"Card Removal","damage_taken":7,"max_hp_gain":0,"max_hp_loss":0,"event_name":"Golden Wing","floor":5,"gold_loss":0},{"damage_healed":0,"gold_gain":0,"player_choice":"Trade","damage_taken":0,"relics_obtained":["FaceOfCleric"],"max_hp_gain":0,"max_hp_loss":0,"event_name":"FaceTrader","floor":11,"gold_loss":0},{"damage_healed":0,"gold_gain":0,"player_choice":"Fought Bandits","damage_taken":0,"max_hp_gain":0,"max_hp_loss":0,"event_name":"Masked Bandits","floor":19,"gold_loss":0},{"damage_healed":0,"gold_gain":0,"player_choice":"Read","damage_taken":0,"max_hp_gain":0,"max_hp_loss":0,"event_name":"The Library","floor":21,"gold_loss":0,"cards_obtained":["Dark Embrace"]}],"is_beta":false,"boss_relics":[{"not_picked":["Velvet Choker","Ectoplasm"],"picked":"Snecko Eye"}],"items_purged_floors":[7],"is_endless":false,"potions_floor_spawned":[1,8,10,13,16,19,27,28],"killed_by":"Automaton","ascension_level":0}