{"gold_per_floor":[119,119,133,133,133,133,150,150,231,231,9,9,9,20,20,121,121,138,138,149,76,175,175,205,205,231,231,263,263,282,299,299,396,396,415,94,0,12,30,59,59,94,121,152,152,152,186,203,203,203],"floor_reached":50,"playtime":3599,"items_purged":["Defend_G","Defend_G"],"score":701,"play_id":"60e2fad8-f482-4427-9066-f860056adbf9","local_time":"20181010105902","is_ascension_mode":true,"campfire_choices":[{"data":"Flying Knee","floor":6,"key":"SMITH"},{"data":"Neutralize","floor":8,"key":"SMITH"},{"floor":10,"key":"REST"},{"data":"After Image","floor":12,"key":"SMITH"},{"data":"Leg Sweep","floor":15,"key":"SMITH"},{"floor":23,"key":"REST"},{"data":"Eviscerate","floor":27,"key":"SMITH"},{"data":"Adrenaline","floor":29,"key":"SMITH"},{"floor":32,"key":"REST"},{"floor":41,"key":"REST"},{"floor":45,"key":"REST"},{"floor":49,"key":"REST"}],"neow_cost":"NONE","seed_source_timestamp":435727380701800,"circlet_count":0,"master_deck":["Defend_G+1","Defend_G+1","Strike_G","Strike_G","Strike_G","Strike_G","Strike_G","Survivor+1","Neutralize+1","Flying Knee+1","After Image+1","Leg Sweep+1","Adrenaline+1","Dash+1","Backflip+1","Noxious Fumes","Eviscerate+1","Escape Plan","Calculated Gamble+1","Quick Slash+1","A Thousand Cuts","Backflip","Backflip","Prepared+1","Infinite Blades+1","Writhe","Crippling Poison+1"],"relics":["Busted Crown","Bag of Preparation","Blue Candle","HoveringKite","Mercury Hourglass","Thread and Needle","Anchor","Blood Vial","White Beast Statue","Toolbox","Red Mask","Shuriken","Shovel","War Paint","Incense Burner","Dodecahedron"],"potions_floor_usage":[16,16,31,33,40,40,44,44,44,47,48,50],"damage_taken":[{"damage":2,"enemies":"Jaw Worm","floor":1,"turns":5},{"damage":2,"enemies":"2 Louse","floor":3,"turns":3},{"damage":0,"enemies":"Cultist","floor":7,"turns":3},{"damage":0,"enemies":"2 Fungi Beasts","floor":14,"turns":4},{"damage":41,"enemies":"Slime Boss","floor":16,"turns":17},{"damage":7,"enemies":"3 Byrds","floor":18,"turns":9},{"damage":7,"enemies":"Chosen","floor":20,"turns":5},{"damage":24,"enemies":"Book of Stabbing","floor":24,"turns":9},{"damage":9,"enemies":"Slavers","floor":28,"turns":7},{"damage":0,"enemies":"Snecko","floor":30,"turns":5},{"damage":1,"enemies":"Snake Plant","floor":31,"turns":5},{"damage":25,"enemies":"Automaton","floor":33,"turns":12},{"damage":0,"enemies":"3 Shapes","floor":35,"turns":3},{"damage":0,"enemies":"3 Darklings","floor":38,"turns":5},{"damage":0,"enemies":"4 Shapes","floor":39,"turns":6},{"damage":78,"enemies":"Giant Head","floor":40,"turns":11},{"damage":23,"enemies":"2 Orb Walkers","floor":42,"turns":6},{"damage":7,"enemies":"Giant Head","floor":44,"turns":9},{"damage":9,"enemies":"2 Orb Walkers","floor":47,"turns":6},{"damage":8,"enemies":"Reptomancer","floor":48,"turns":6},{"damage":62,"enemies":"Time Eater","floor":50,"turns":10}],"seed_played":"3442317416567026438","potions_obtained":[{"floor":7,"key":"GamblersBrew"},{"floor":14,"key":"PowerPotion"},{"floor":30,"key":"SkillPotion"},{"floor":31,"key":"SteroidPotion"},{"floor":35,"key":"Ancient Potion"},{"floor":38,"key":"Regen Potion"},{"floor":39,"key":"Strength Potion"},{"floor":40,"key":"Energy Potion"},{"floor":42,"key":"GamblersBrew"},{"floor":44,"key":"PowerPotion"},{"floor":47,"key":"Explosive Potion"},{"floor":48,"key":"SpeedPotion"}],"is_trial":false,"path_per_floor":["M","?","M","?","?","R","M","R","T","R","$","R","$","M","R","B",null,"M","?","M","$","?","R","E","T","T","R","E","R","M","M","R","B",null,"M","$","?","M","M","E","R","E","T","E","R","?","E","M","R"],"character_chosen":"THE_SILENT","items_purchased":["After Image","Leg Sweep","Noxious Fumes","Toolbox","Backflip"],"campfire_rested":6,"item_purchase_floors":[11,11,21,36,36],"current_hp_per_floor":[68,61,59,45,42,42,42,42,42,63,63,63,63,63,63,22,70,63,50,43,43,43,65,41,41,41,41,32,32,34,35,57,34,75,75,75,75,75,75,11,33,12,12,7,29,48,41,35,57,0],"gold":203,"neow_bonus":"BOSS_RELIC","is_prod":false,"is_daily":false,"chose_seed":false,"campfire_upgraded":6,"win_rate":0,"timestamp":1539158342,"path_taken":["M","?","?","?","?","R","M","R","T","R","$","R","?","M","R","BOSS","M","?","M","$","?","R","E","?","T","R","E","R","M","M","R","BOSS","M","$","?","?","M","E","R","E","T","E","R","?","E","?","R","BOSS"],"build_version":"2018-10-04v2","purchased_purges":2,"victory":false,"max_hp_per_floor":[70,70,70,70,70,70,70,70,70,70,70,70,70,70,70,70,70,70,75,75,75,75,75,75,75,75,75,75,75,75,75,75,75,75,75,75,75,75,75,75,75,75,75,75,75,75,75,75,75,75],"card_choices":[{"not_picked":["PiercingWail"],"picked":"SKIP","floor":1},{"not_picked":[],"picked":"Flying Knee","floor":3},{"not_picked":["Outmaneuver"],"picked":"SKIP","floor":7},{"not_picked":["Dagger Spray"],"picked":"SKIP","floor":14},{"not_picked":[],"picked":"Adrenaline","floor":16},{"not_picked":[],"picked":"Dash+1","floor":18},{"not_picked":[],"picked":"Backflip","floor":20},{"not_picked":[],"picked":"Eviscerate","floor":24},{"not_picked":[],"picked":"Escape Plan","floor":28},{"not_picked":[],"picked":"Calculated Gamble+1","floor":30},{"not_picked":[],"picked":"Quick Slash+1","floor":31},{"not_picked":[],"picked":"A Thousand Cuts","floor":33},{"not_picked":["Masterful Stab"],"picked":"SKIP","floor":35},{"not_picked":[],"picked":"Backflip","floor":38},{"not_picked":["Deflect"],"picked":"SKIP","floor":39},{"not_picked":[],"picked":"Prepared+1","floor":40},{"not_picked":[],"picked":"Infinite Blades+1","floor":42},{"not_picked":["Tools of the Trade"],"picked":"SKIP","floor":44},{"not_picked":["Dodge and Roll+1"],"picked":"SKIP","floor":47},{"not_picked":[],"picked":"Crippling Poison+1","floor":48}],"player_experience":429070,"relics_obtained":[{"floor":9,"key":"Blue Candle"},{"floor":24,"key":"Mercury Hourglass"},{"floor":25,"key":"Thread and Needle"},{"floor":26,"key":"Anchor"},{"floor":28,"key":"Blood Vial"},{"floor":40,"key":"Shuriken"},{"floor":42,"key":"Shovel"},{"floor":43,"key":"War Paint"},{"floor":44,"key":"Incense Burner"},{"floor":47,"key":"Dodecahedron"}],"event_choices":[{"event_name":"Golden Wing","player_choice":"Card Removal","floor":2,"damage_taken":0},{"event_name":"Shining Light","player_choice":"Entered Light","floor":4,"damage_taken":0},{"event_name":"Scrap Ooze","player_choice":"success","floor":5,"damage_taken":3},{"event_name":"Forgotten Altar","player_choice":"Shed Blood","floor":19,"damage_taken":0},{"event_name":"Nest","player_choice":"Stole From Cult","floor":22,"damage_taken":0},{"event_name":"Tomb of Lord Red Mask","player_choice":"Paid","floor":37,"damage_taken":0},{"event_name":"Winding Halls","player_choice":"Writhe","floor":46,"damage_taken":0}],"is_beta":false,"boss_relics":[{"not_picked":["Eternal Feather","Philosopher\u0027s Stone"],"picked":"HoveringKite"},{"not_picked":["Pandora\u0027s Box","Tiny House"],"picked":"White Beast Statue"}],"items_purged_floors":[11,36],"is_endless":false,"potions_floor_spawned":[7,14,30,31,35,38,39,40,42,44,47,48],"killed_by":"Time Eater","ascension_level":4}