{"gold_per_floor":[110,127,127,200,200,200,234,247,247,247,266,266,282,299,299,398,398,409,409,34,52,72,100,100,114,188,218,218,235,235,235,235,331,331,349,349,369,384,395,422,441,441,441,441,351,366,366,64,64,64],"floor_reached":51,"playtime":2387,"items_purged":["Strike_G"],"score":769,"play_id":"86e2f42f-209d-438f-aa44-ed2b73ef2bb3","local_time":"20190706210607","is_ascension_mode":false,"campfire_choices":[{"floor":6,"key":"REST"},{"data":"Neutralize","floor":10,"key":"SMITH"},{"floor":15,"key":"REST"},{"data":"Corpse Explosion","floor":24,"key":"SMITH"},{"data":"Burst","floor":28,"key":"SMITH"},{"data":"Survivor","floor":30,"key":"SMITH"},{"floor":32,"key":"REST"},{"data":"Cloak And Dagger","floor":42,"key":"SMITH"},{"data":"Quick Slash","floor":44,"key":"SMITH"},{"floor":47,"key":"REST"},{"floor":49,"key":"REST"}],"neow_cost":"PERCENT_DAMAGE","seed_source_timestamp":17437747819339,"circlet_count":0,"master_deck":["Strike_G","Defend_G","Defend_G+1","Defend_G","Survivor+1","Neutralize+1","Flying Knee","Terror","Backstab","Blade Dance","Cloak And Dagger+1","Backstab","Dagger Throw","Corpse Explosion+1","Calculated Gamble+1","Heel Hook+1","Terror+1","Outmaneuver+1","Crippling Poison+1","Slice+1","Dash+1","Burst+1","Tools of the Trade+1","Cloak And Dagger+1","Quick Slash+1","Well Laid Plans","Blur+1","Prepared+1"],"relics":["Ring of the Snake","Tingsha","Letter Opener","Question Card","StoneCalendar","Astrolabe","Nloth\u0027s Gift","Incense Burner","Centennial Puzzle","Sundial","Snake Skull","Busted Crown","Mango","PreservedInsect","Nunchaku"],"potions_floor_usage":[16,16,27,27,37,40,46,50],"damage_taken":[{"damage":0,"enemies":"Cultist","floor":1,"turns":4},{"damage":0,"enemies":"Jaw Worm","floor":2,"turns":3},{"damage":30,"enemies":"Gremlin Nob","floor":7,"turns":5},{"damage":0,"enemies":"Small Slimes","floor":8,"turns":3},{"damage":0,"enemies":"Looter","floor":11,"turns":3},{"damage":0,"enemies":"Exordium Wildlife","floor":13,"turns":3},{"damage":3,"enemies":"Lots of Slimes","floor":14,"turns":2},{"damage":15,"enemies":"Hexaghost","floor":16,"turns":7},{"damage":11,"enemies":"Shell Parasite","floor":18,"turns":4},{"damage":0,"enemies":"3 Byrds","floor":21,"turns":3},{"damage":4,"enemies":"Snecko","floor":22,"turns":3},{"damage":38,"enemies":"Gremlin Leader","floor":23,"turns":7},{"damage":2,"enemies":"Snake Plant","floor":25,"turns":3},{"damage":1,"enemies":"Book of Stabbing","floor":27,"turns":4},{"damage":8,"enemies":"Centurion and Healer","floor":29,"turns":6},{"damage":11,"enemies":"Colosseum Slavers","floor":31,"turns":2},{"damage":30,"enemies":"Automaton","floor":33,"turns":8},{"damage":0,"enemies":"Orb Walker","floor":35,"turns":2},{"damage":0,"enemies":"3 Darklings","floor":37,"turns":1},{"damage":21,"enemies":"Maw","floor":38,"turns":7},{"damage":0,"enemies":"4 Shapes","floor":39,"turns":2},{"damage":27,"enemies":"Giant Head","floor":40,"turns":8},{"damage":8,"enemies":"Transient","floor":41,"turns":5},{"damage":0,"enemies":"3 Darklings","floor":46,"turns":2},{"damage":67,"enemies":"Awakened One","floor":50,"turns":15}],"seed_played":"-2853543654308935112","potions_obtained":[{"floor":2,"key":"Regen Potion"},{"floor":7,"key":"Block Potion"},{"floor":13,"key":"SteroidPotion"},{"floor":16,"key":"Fruit Juice"},{"floor":21,"key":"Dexterity Potion"},{"floor":27,"key":"Energy Potion"},{"floor":33,"key":"Weak Potion"},{"floor":38,"key":"Explosive Potion"},{"floor":39,"key":"Poison Potion"},{"floor":41,"key":"SneckoOil"}],"is_trial":false,"path_per_floor":["M","M","?","T","?","R","E","M","T","R","M","T","M","M","R","B",null,"M","?","$","M","M","E","R","M","T","E","R","M","R","?","R","B",null,"M","?","M","M","M","E","M","R","T","R","?","M","R","$","R","B",null],"character_chosen":"THE_SILENT","items_purchased":["Incense Burner","Nunchaku"],"campfire_rested":5,"item_purchase_floors":[20,48],"current_hp_per_floor":[49,49,42,42,47,69,39,39,39,39,39,39,39,36,58,48,80,69,69,69,69,65,27,27,25,25,36,36,28,28,17,41,11,80,80,80,80,59,59,46,38,38,38,38,38,38,66,66,94,27],"gold":64,"neow_bonus":"ONE_RARE_RELIC","is_prod":false,"is_daily":false,"chose_seed":false,"campfire_upgraded":6,"win_rate":0,"timestamp":1562439967,"path_taken":["M","M","?","?","?","R","E","M","T","R","M","?","M","M","R","BOSS","M","?","$","M","?","E","R","M","T","E","R","M","R","?","R","BOSS","M","?","?","M","M","E","M","R","T","R","?","?","R","$","R","BOSS"],"build_version":"2019-07-05","purchased_purges":1,"victory":true,"max_hp_per_floor":[70,70,70,70,75,75,75,75,75,75,75,75,75,75,75,80,80,80,80,80,80,80,80,80,80,80,80,80,80,80,80,80,80,80,80,80,80,80,80,94,94,94,94,94,94,94,94,94,94,94],"card_choices":[{"not_picked":["Bane","Cloak And Dagger"],"picked":"Flying Knee","floor":1},{"not_picked":["Expertise","Deadly Poison"],"picked":"Terror","floor":2},{"not_picked":["After Image","Endless Agony"],"picked":"Backstab","floor":7},{"not_picked":["Acrobatics","Accuracy"],"picked":"Blade Dance","floor":8},{"not_picked":["Catalyst","Distraction","Flying Knee"],"picked":"Cloak And Dagger","floor":11},{"not_picked":["Bane","Dagger Spray","Deadly Poison"],"picked":"Backstab","floor":13},{"not_picked":["Endless Agony","Acrobatics","Dodge and Roll"],"picked":"Dagger Throw","floor":14},{"not_picked":["Burst","After Image","Doppelganger"],"picked":"Corpse Explosion","floor":16},{"not_picked":["Choke+1","Slice+1","Acrobatics"],"picked":"Outmaneuver+1","floor":18},{"not_picked":["Dagger Throw","Sucker Punch+1","Infinite Blades"],"picked":"Crippling Poison+1","floor":21},{"not_picked":["Prepared","Acrobatics+1","Bane"],"picked":"Slice+1","floor":22},{"not_picked":["Glass Knife","Acrobatics","Eviscerate"],"picked":"Dash+1","floor":23},{"not_picked":["Flying Knee+1","Terror+1","Deadly Poison+1","Underhanded Strike"],"picked":"SKIP","floor":25},{"not_picked":["Backflip","Malaise","Tactician"],"picked":"Burst","floor":27},{"not_picked":["Dodge and Roll","Underhanded Strike","Skewer","Slice"],"picked":"SKIP","floor":29},{"not_picked":["Venomology","Doppelganger","Wraith Form v2"],"picked":"Tools of the Trade","floor":33},{"not_picked":["Slice","Dagger Spray"],"picked":"SKIP","floor":35},{"not_picked":["Deadly Poison","Eviscerate+1"],"picked":"SKIP","floor":37},{"not_picked":["Bane+1"],"picked":"Cloak And Dagger+1","floor":38},{"not_picked":["Prepared"],"picked":"Quick Slash","floor":39},{"not_picked":["Die Die Die"],"picked":"Well Laid Plans","floor":40},{"not_picked":["Choke"],"picked":"Blur+1","floor":41},{"not_picked":["Dagger Throw+1"],"picked":"Prepared+1","floor":46}],"player_experience":33571,"relics_obtained":[{"floor":4,"key":"Letter Opener"},{"floor":7,"key":"Pocketwatch"},{"floor":9,"key":"Question Card"},{"floor":12,"key":"StoneCalendar"},{"floor":23,"key":"Centennial Puzzle"},{"floor":26,"key":"Sundial"},{"floor":27,"key":"Snake Skull"},{"floor":40,"key":"Mango"},{"floor":43,"key":"PreservedInsect"}],"event_choices":[{"cards_removed":["Strike_G"],"damage_healed":0,"gold_gain":0,"player_choice":"Card Removal","damage_taken":7,"max_hp_gain":0,"max_hp_loss":0,"event_name":"Golden Wing","floor":3,"gold_loss":0},{"damage_healed":0,"gold_gain":0,"player_choice":"Donut","damage_taken":0,"max_hp_gain":5,"max_hp_loss":0,"event_name":"Big Fish","floor":5,"gold_loss":0},{"damage_healed":0,"gold_gain":0,"player_choice":"Traded Relic","damage_taken":0,"relics_obtained":["Nloth\u0027s Gift"],"max_hp_gain":0,"max_hp_loss":0,"event_name":"N\u0027loth","floor":19,"relics_lost":["Pocketwatch"],"gold_loss":0},{"damage_healed":0,"gold_gain":0,"player_choice":"Fight","damage_taken":0,"max_hp_gain":0,"max_hp_loss":0,"event_name":"Colosseum","floor":31,"gold_loss":0},{"damage_healed":0,"gold_gain":0,"player_choice":"Fled From Nobs","damage_taken":0,"max_hp_gain":0,"max_hp_loss":0,"event_name":"Colosseum","floor":31,"gold_loss":0},{"damage_healed":0,"gold_gain":0,"player_choice":"Upgraded","damage_taken":0,"max_hp_gain":0,"max_hp_loss":0,"event_name":"Upgrade Shrine","floor":36,"gold_loss":0,"cards_upgraded":["Tools of the Trade"]},{"cards_removed":["Defend_G"],"damage_healed":0,"gold_gain":0,"player_choice":"Upgrade and Remove","damage_taken":0,"max_hp_gain":0,"max_hp_loss":0,"event_name":"Designer","floor":45,"gold_loss":90,"cards_upgraded":["Defend_G"]}],"is_beta":false,"boss_relics":[{"not_picked":["HoveringKite","White Beast Statue"],"picked":"Astrolabe"},{"not_picked":["Velvet Choker","Cursed Key"],"picked":"Busted Crown"}],"items_purged_floors":[20],"is_endless":false,"potions_floor_spawned":[2,7,13,16,21,27,31,33,38,39,41],"ascension_level":0}