{"gold_per_floor":[113,165,340,357,357,391,406,423,447,447,511,541,314,330,330,427,427,437,454,210,180,199,233,252,252,276,276,305,305,334,350,350,449,449,467,512,512,522,534,560,560,143,143,143,155,255,284,284,284,284],"floor_reached":51,"playtime":2865,"items_purged":["Doubt","Strike_G","Strike_G"],"score":848,"play_id":"80e04a82-646f-4223-af50-ad2cc01fd114","local_time":"20190628134029","is_ascension_mode":false,"campfire_choices":[{"data":"Dash","floor":15,"key":"SMITH"},{"data":"Envenom","floor":29,"key":"SMITH"},{"floor":32,"key":"REST"},{"data":"Burst","floor":41,"key":"SMITH"},{"data":"Bullet Time","floor":49,"key":"SMITH"}],"neow_cost":"NONE","seed_source_timestamp":15292832248914,"circlet_count":0,"master_deck":["Defend_G+1","Defend_G","Defend_G","Defend_G","Strike_G","Survivor+1","Neutralize+1","Dash+1","Escape Plan","Burst+1","Slice+1","Crippling Poison","Poisoned Stab","Flying Knee+1","Caltrops","Envenom+1","Noxious Fumes+1","Slice+1","Escape Plan+1","Die Die Die+1","PiercingWail+1","Reflex","Skewer+1","Backflip+1","Crippling Poison+1","Dodge and Roll+1","Bullet Time+1","Bouncing Flask+1","Backstab+1","Finesse","PiercingWail+1","Dagger Throw+1","Dagger Throw+1","Madness","Madness"],"relics":["Ring of the Serpent","NeowsBlessing","War Paint","Blood Vial","Snake Skull","Ninja Scroll","Molten Egg 2","Anchor","Philosopher\u0027s Stone","Juzu Bracelet","Orichalcum","PreservedInsect","Enchiridion","Vajra","Regal Pillow","Unceasing Top","Kunai","HandDrill","Paper Crane","StoneCalendar","Centennial Puzzle"],"potions_floor_usage":[11,11,16,18,23,28,33,33,33,33,33,35,40,50,50],"damage_taken":[{"damage":0,"enemies":"Cultist","floor":1,"turns":1},{"damage":0,"enemies":"Jaw Worm","floor":4,"turns":1},{"damage":0,"enemies":"Lagavulin","floor":6,"turns":1},{"damage":0,"enemies":"Small Slimes","floor":7,"turns":3},{"damage":4,"enemies":"2 Fungi Beasts","floor":8,"turns":5},{"damage":2,"enemies":"Gremlin Nob","floor":11,"turns":4},{"damage":18,"enemies":"3 Sentries","floor":12,"turns":10},{"damage":0,"enemies":"Large Slime","floor":14,"turns":3},{"damage":14,"enemies":"Slime Boss","floor":16,"turns":8},{"damage":9,"enemies":"Spheric Guardian","floor":18,"turns":6},{"damage":8,"enemies":"2 Thieves","floor":19,"turns":4},{"damage":25,"enemies":"Snake Plant","floor":22,"turns":4},{"damage":1,"enemies":"Gremlin Leader","floor":23,"turns":6},{"damage":6,"enemies":"Snecko","floor":24,"turns":6},{"damage":0,"enemies":"Slavers","floor":28,"turns":3},{"damage":13,"enemies":"Book of Stabbing","floor":30,"turns":4},{"damage":0,"enemies":"Centurion and Healer","floor":31,"turns":4},{"damage":12,"enemies":"Collector","floor":33,"turns":6},{"damage":0,"enemies":"Orb Walker","floor":35,"turns":2},{"damage":5,"enemies":"2 Orb Walkers","floor":36,"turns":4},{"damage":1,"enemies":"3 Darklings","floor":38,"turns":3},{"damage":1,"enemies":"Transient","floor":39,"turns":5},{"damage":25,"enemies":"Reptomancer","floor":40,"turns":5},{"damage":0,"enemies":"Spire Growth","floor":45,"turns":4},{"damage":0,"enemies":"Mind Bloom Boss Battle","floor":46,"turns":5},{"damage":2,"enemies":"Giant Head","floor":47,"turns":7},{"damage":11,"enemies":"Donu and Deca","floor":50,"turns":8}],"seed_played":"-9216142846451579611","potions_obtained":[{"floor":6,"key":"SpeedPotion"},{"floor":7,"key":"Swift Potion"},{"floor":8,"key":"Energy Potion"},{"floor":11,"key":"SpeedPotion"},{"floor":14,"key":"Fire Potion"},{"floor":21,"key":"GhostInAJar"},{"floor":21,"key":"Swift Potion"},{"floor":22,"key":"SkillPotion"},{"floor":24,"key":"Poison Potion"},{"floor":31,"key":"EntropicBrew"},{"floor":39,"key":"Poison Potion"},{"floor":40,"key":"FearPotion"},{"floor":47,"key":"FearPotion"}],"is_trial":false,"path_per_floor":["M","T","?","M","?","E","M","M","T","?","?","E","$","M","R","B",null,"M","M","$","?","M","E","M","?","T","?","E","R","E","M","R","B",null,"M","?","?","M","M","E","R","$","T","$","M","?","E","?","R","B",null],"character_chosen":"THE_SILENT","items_purchased":["Anchor","Juzu Bracelet","Finesse","HandDrill"],"campfire_rested":1,"item_purchase_floors":[13,20,42,42],"current_hp_per_floor":[70,70,70,70,75,75,75,71,71,56,56,40,40,42,42,30,75,66,60,60,60,37,38,34,34,34,18,20,20,9,11,48,38,75,75,70,70,71,72,49,49,49,49,49,51,53,53,44,44,35],"gold":284,"neow_bonus":"THREE_ENEMY_KILL","is_prod":false,"is_daily":false,"chose_seed":false,"campfire_upgraded":4,"win_rate":0.0,"timestamp":1561722029,"path_taken":["M","?","?","M","?","E","M","M","T","?","?","E","$","M","R","BOSS","M","M","$","?","M","E","M","?","T","?","E","R","E","M","R","BOSS","M","?","?","M","M","E","R","$","T","?","M","?","E","?","R","BOSS"],"build_version":"2019-01-23","purchased_purges":3,"victory":true,"max_hp_per_floor":[70,70,70,70,75,75,75,75,75,75,75,75,75,75,75,75,75,75,75,75,75,75,75,75,75,75,75,75,75,75,75,75,75,75,75,75,75,75,75,75,75,75,75,75,75,75,75,75,75,75],"card_choices":[{"not_picked":["Quick Slash","Well Laid Plans"],"picked":"Dash","floor":1},{"not_picked":["Terror","Underhanded Strike"],"picked":"Escape Plan","floor":4},{"not_picked":["Backflip","Heel Hook"],"picked":"Burst","floor":6},{"not_picked":["Underhanded Strike","Blade Dance"],"picked":"Slice","floor":7},{"not_picked":["Backflip","Slice"],"picked":"Crippling Poison","floor":8},{"not_picked":["Dagger Throw","Outmaneuver"],"picked":"Poisoned Stab","floor":11},{"not_picked":["Underhanded Strike","Finisher"],"picked":"Flying Knee","floor":12},{"not_picked":["Infinite Blades","Prepared"],"picked":"Caltrops","floor":14},{"not_picked":["A Thousand Cuts","Venomology"],"picked":"Envenom","floor":16},{"not_picked":["Deflect","Poisoned Stab+1"],"picked":"Noxious Fumes+1","floor":18},{"not_picked":["Deflect","Heel Hook+1"],"picked":"Slice+1","floor":19},{"not_picked":["Expertise","Sucker Punch+1"],"picked":"Escape Plan+1","floor":22},{"not_picked":["Bouncing Flask","Underhanded Strike+1"],"picked":"Die Die Die+1","floor":23},{"not_picked":["Expertise+1","Deadly Poison"],"picked":"PiercingWail+1","floor":24},{"not_picked":["Deflect","Endless Agony+1"],"picked":"Backflip+1","floor":28},{"not_picked":["Endless Agony+1","Bullet Time"],"picked":"Crippling Poison+1","floor":30},{"not_picked":["Backflip","Terror"],"picked":"Dodge and Roll+1","floor":31},{"not_picked":["Die Die Die+1","Doppelganger"],"picked":"Bullet Time","floor":33},{"not_picked":["PiercingWail","Noxious Fumes+1","Backflip"],"picked":"SKIP","floor":35},{"not_picked":["Blade Dance+1","Slice+1"],"picked":"Bouncing Flask+1","floor":38},{"not_picked":["Outmaneuver","Reflex"],"picked":"Backstab+1","floor":39},{"not_picked":["Finisher+1","Tactician","Acrobatics"],"picked":"SKIP","floor":40},{"not_picked":["Deadly Poison+1","Slice+1"],"picked":"PiercingWail+1","floor":45},{"not_picked":["Glass Knife+1","Dash+1"],"picked":"Dagger Throw+1","floor":46},{"not_picked":["Quick Slash+1","Eviscerate+1"],"picked":"Dagger Throw+1","floor":47}],"player_experience":3454,"relics_obtained":[{"floor":2,"key":"War Paint"},{"floor":6,"key":"Blood Vial"},{"floor":9,"key":"Snake Skull"},{"floor":12,"key":"Molten Egg 2"},{"floor":23,"key":"Orichalcum"},{"floor":26,"key":"PreservedInsect"},{"floor":27,"key":"Enchiridion"},{"floor":28,"key":"Vajra"},{"floor":30,"key":"Regal Pillow"},{"floor":36,"key":"Unceasing Top"},{"floor":40,"key":"Kunai"},{"floor":43,"key":"Paper Crane"},{"floor":46,"key":"StoneCalendar"},{"floor":47,"key":"Centennial Puzzle"}],"event_choices":[{"damage_healed":0,"gold_gain":175,"player_choice":"AGREE","damage_taken":0,"max_hp_gain":0,"max_hp_loss":0,"event_name":"Liars Game","floor":3,"gold_loss":0,"cards_obtained":["Doubt"]},{"damage_healed":0,"gold_gain":0,"player_choice":"Donut","damage_taken":0,"max_hp_gain":5,"max_hp_loss":0,"event_name":"Big Fish","floor":5,"gold_loss":0},{"damage_healed":0,"gold_gain":0,"player_choice":"Entered Light","damage_taken":15,"max_hp_gain":0,"max_hp_loss":0,"event_name":"Shining Light","floor":10,"gold_loss":0,"cards_upgraded":["Slice","Neutralize"]},{"damage_healed":0,"gold_gain":0,"player_choice":"Searched \u00272\u0027 times","damage_taken":0,"relics_obtained":["Ninja Scroll"],"max_hp_gain":0,"max_hp_loss":0,"event_name":"Dead Adventurer","floor":11,"gold_loss":0},{"damage_healed":0,"gold_gain":0,"player_choice":"Bought 2 Potions","damage_taken":0,"max_hp_gain":0,"max_hp_loss":0,"event_name":"The Woman in Blue","floor":21,"gold_loss":0},{"damage_healed":0,"gold_gain":0,"cards_transformed":["Strike_G","Defend_G"],"player_choice":"Became Test Subject","damage_taken":0,"max_hp_gain":0,"max_hp_loss":0,"event_name":"Drug Dealer","floor":25,"gold_loss":0,"cards_obtained":["Reflex","Skewer"]},{"damage_healed":0,"gold_gain":0,"player_choice":"Obtained Book","damage_taken":16,"max_hp_gain":0,"max_hp_loss":0,"event_name":"Cursed Tome","floor":27,"gold_loss":0},{"damage_healed":0,"gold_gain":0,"player_choice":"Fight","damage_taken":0,"max_hp_gain":0,"max_hp_loss":0,"event_name":"Mysterious Sphere","floor":36,"gold_loss":0},{"cards_removed":["Strike_G"],"damage_healed":0,"gold_gain":0,"player_choice":"Removed Attack","damage_taken":0,"max_hp_gain":0,"max_hp_loss":0,"event_name":"Falling","floor":37,"gold_loss":0},{"damage_healed":0,"gold_gain":0,"player_choice":"Fight","damage_taken":0,"max_hp_gain":0,"max_hp_loss":0,"event_name":"MindBloom","floor":46,"gold_loss":0},{"damage_healed":0,"gold_gain":0,"player_choice":"Embrace Madness","damage_taken":9,"max_hp_gain":0,"max_hp_loss":0,"event_name":"Winding Halls","floor":48,"gold_loss":0,"cards_obtained":["Madness","Madness"]}],"is_beta":false,"boss_relics":[{"not_picked":["Empty Cage","Fusion Hammer"],"picked":"Philosopher\u0027s Stone"},{"not_picked":["Tiny House","Velvet Choker"],"picked":"Ring of the Serpent"}],"items_purged_floors":[13,20,42],"is_endless":false,"potions_floor_spawned":[6,7,8,11,14,22,24,31,39,40,47],"ascension_level":0}