{"gold_per_floor":[112,112,127,147,165,190,203,203,203,203,203],"floor_reached":11,"playtime":231,"items_purged":[],"score":90,"play_id":"a164f90b-7c22-4602-ab05-79f15efd0037","local_time":"20181002154244","is_ascension_mode":true,"campfire_choices":[{"floor":8,"key":"REST"}],"neow_cost":"NONE","seed_source_timestamp":200668100162908,"circlet_count":0,"master_deck":["Strike_B","Strike_B","Strike_B","Defend_B","Defend_B","Defend_B","Defend_B","Zap","Dualcast","Redo+1","Sweeping Beam","Hologram","Chaos"],"relics":["Cracked Core","NeowsBlessing","Centennial Puzzle","Toxic Egg 2"],"potions_floor_usage":[5,11,11],"damage_taken":[{"damage":0,"enemies":"Small Slimes","floor":1,"turns":1},{"damage":0,"enemies":"Jaw Worm","floor":3,"turns":1},{"damage":0,"enemies":"Cultist","floor":4,"turns":1},{"damage":22,"enemies":"Gremlin Gang","floor":5,"turns":4},{"damage":45,"enemies":"Gremlin Nob","floor":6,"turns":4},{"damage":7,"enemies":"Looter","floor":7,"turns":3},{"damage":18,"enemies":"3 Sentries","floor":11,"turns":2}],"seed_played":"8558413181466793389","potions_obtained":[{"floor":1,"key":"Strength Potion"},{"floor":5,"key":"LiquidBronze"},{"floor":7,"key":"SkillPotion"}],"is_trial":false,"path_per_floor":["M","?","M","M","M","E","M","R","T","?"],"character_chosen":"DEFECT","items_purchased":[],"campfire_rested":1,"item_purchase_floors":[],"current_hp_per_floor":[75,75,75,75,53,8,1,23,23,16,0],"gold":203,"neow_bonus":"THREE_ENEMY_KILL","is_prod":false,"is_daily":false,"chose_seed":false,"campfire_upgraded":0,"win_rate":0,"timestamp":1538484164,"path_taken":["M","?","M","?","?","E","M","R","T","?","E"],"build_version":"2018-09-27","purchased_purges":0,"victory":false,"max_hp_per_floor":[75,75,75,75,75,75,75,75,75,75,75],"card_choices":[{"not_picked":["Aggregate","Ball Lightning"],"picked":"Redo","floor":1},{"not_picked":["Stack","Force Field","Streamline"],"picked":"SKIP","floor":3},{"not_picked":["Go for the Eyes","Hello World"],"picked":"Sweeping Beam","floor":4},{"not_picked":["Streamline","Conserve Battery"],"picked":"Hologram","floor":5},{"not_picked":["Beam Cell","Biased Cognition","Melter"],"picked":"SKIP","floor":6},{"not_picked":["Steam","Barrage"],"picked":"Chaos","floor":7}],"player_experience":413231,"relics_obtained":[{"floor":6,"key":"Centennial Puzzle"},{"floor":9,"key":"Toxic Egg 2"}],"event_choices":[{"event_name":"Living Wall","player_choice":"Grow","floor":2,"damage_taken":0},{"event_name":"Golden Wing","player_choice":"Card Removal","floor":10,"damage_taken":0}],"is_beta":false,"boss_relics":[],"items_purged_floors":[],"is_endless":false,"potions_floor_spawned":[1,5,7],"killed_by":"3 Sentries","ascension_level":4}