{"gold_per_floor":[16,35,35,35,52,52,85,85,137,151,76,88,118,136,136,232,232,252,14,29,29,29,56,56,83,159,175,175,202,218,237,237,341,341,357,47,60,60,60,60,60,60,60,60,85,85,85,99,99,99],"floor_reached":51,"playtime":2412,"items_purged":["Defend_G","Strike_G"],"score":914,"play_id":"67fc9601-a008-4cc5-ad96-8180511d4787","local_time":"20180930223736","is_ascension_mode":true,"campfire_choices":[{"data":"Malaise","floor":6,"key":"SMITH"},{"data":"Bouncing Flask","floor":8,"key":"SMITH"},{"floor":15,"key":"REST"},{"data":"Tactician","floor":24,"key":"SMITH"},{"data":"Adrenaline","floor":28,"key":"SMITH"},{"floor":32,"key":"REST"},{"data":"Adrenaline","floor":40,"key":"SMITH"},{"data":"Malaise","floor":42,"key":"SMITH"},{"data":"Calculated Gamble","floor":44,"key":"SMITH"},{"data":"Distraction","floor":46,"key":"SMITH"},{"floor":49,"key":"REST"}],"neow_cost":"NO_GOLD","seed_source_timestamp":50551766044306,"circlet_count":0,"master_deck":["Defend_G+1","Defend_G+1","Defend_G+1","Defend_G+1","Strike_G+1","Strike_G+1","Survivor+1","Neutralize+1","Malaise+1","Quick Slash+1","Bouncing Flask+1","Dagger Spray+1","Deflect+1","Outmaneuver+1","Tactician+1","Acrobatics+1","Die Die Die+1","Crippling Poison+1","Necronomicurse","Ghostly+1","Ghostly+1","Ghostly+1","Ghostly+1","Ghostly+1","Backflip+1","Adrenaline+1","Tactician+1","Slice+1","Malaise+1","Distraction+1","Quick Slash+1","Adrenaline+1","Riddle With Holes+1","Calculated Gamble+1","Backflip+1"],"relics":["Ring of the Snake","Centennial Puzzle","Ice Cream","Snake Skull","Odd Mushroom","HoveringKite","Mercury Hourglass","Necronomicon","Art of War","Shuriken","Ornamental Fan","Bottled Flame","Orrery","Chemical X","Singing Bowl","Oddly Smooth Stone","Mark of the Bloom"],"potions_floor_usage":[5,7,13,25,33,33,33,45,50,50],"damage_taken":[{"damage":4,"enemies":"Small Slimes","floor":1,"turns":5},{"damage":3,"enemies":"Jaw Worm","floor":2,"turns":3},{"damage":3,"enemies":"2 Louse","floor":5,"turns":2},{"damage":37,"enemies":"Gremlin Nob","floor":7,"turns":5},{"damage":6,"enemies":"Looter","floor":10,"turns":3},{"damage":0,"enemies":"Blue Slaver","floor":12,"turns":4},{"damage":14,"enemies":"The Mushroom Lair","floor":13,"turns":4},{"damage":0,"enemies":"Large Slime","floor":14,"turns":5},{"damage":17,"enemies":"The Guardian","floor":16,"turns":8},{"damage":5,"enemies":"Shell Parasite","floor":18,"turns":4},{"damage":0,"enemies":"Spheric Guardian","floor":20,"turns":3},{"damage":3,"enemies":"Slavers","floor":23,"turns":5},{"damage":4,"enemies":"Gremlin Leader","floor":25,"turns":6},{"damage":3,"enemies":"Snake Plant","floor":27,"turns":5},{"damage":3,"enemies":"Slavers","floor":29,"turns":4},{"damage":3,"enemies":"Centurion and Healer","floor":30,"turns":6},{"damage":4,"enemies":"Shelled Parasite and Fungi","floor":31,"turns":7},{"damage":22,"enemies":"Collector","floor":33,"turns":9},{"damage":1,"enemies":"3 Darklings","floor":35,"turns":4},{"damage":4,"enemies":"Orb Walker","floor":37,"turns":4},{"damage":0,"enemies":"2 Orb Walkers","floor":45,"turns":5},{"damage":0,"enemies":"4 Shapes","floor":48,"turns":3},{"damage":19,"enemies":"Awakened One","floor":50,"turns":14}],"seed_played":"1849981144429172376","potions_obtained":[{"floor":2,"key":"Energy Potion"},{"floor":5,"key":"Regen Potion"},{"floor":10,"key":"FearPotion"},{"floor":14,"key":"Ancient Potion"},{"floor":18,"key":"Strength Potion"},{"floor":23,"key":"GamblersBrew"},{"floor":27,"key":"GhostInAJar"},{"floor":29,"key":"Swift Potion"},{"floor":33,"key":"GhostInAJar"},{"floor":37,"key":"Explosive Potion"},{"floor":48,"key":"GhostInAJar"}],"is_trial":false,"path_per_floor":["M","M","?","?","M","R","E","R","T","M","$","M","?","M","R","B",null,"M","$","M","?","?","E","R","E","T","M","R","E","M","M","R","B",null,"M","$","M","?","?","R","$","R","T","R","E","R","?","M","R","B"],"character_chosen":"THE_SILENT","items_purchased":["Mercury Hourglass","Chemical X"],"campfire_rested":3,"item_purchase_floors":[19,36],"current_hp_per_floor":[66,63,56,49,46,46,23,23,23,17,17,17,3,3,24,7,70,65,65,65,49,35,32,32,28,28,25,25,22,19,15,25,3,35,34,34,30,30,30,30,30,30,30,30,30,30,30,30,30,11],"gold":99,"neow_bonus":"THREE_RARE_CARDS","is_prod":false,"is_daily":false,"chose_seed":false,"campfire_upgraded":8,"win_rate":0,"timestamp":1538336256,"path_taken":["M","M","?","?","M","R","E","R","T","M","$","M","?","M","R","BOSS","M","$","M","?","?","E","R","E","T","M","R","E","M","?","R","BOSS","M","?","?","?","?","R","?","R","T","R","E","R","?","M","R","BOSS"],"build_version":"2018-09-27","purchased_purges":2,"victory":true,"max_hp_per_floor":[70,70,70,70,70,70,70,70,70,70,70,70,70,70,70,70,70,70,70,70,70,35,35,35,35,35,35,35,35,35,35,35,35,35,35,35,35,33,33,33,33,33,33,33,33,33,33,35,35,35],"card_choices":[{"not_picked":["A Thousand Cuts","Envenom"],"picked":"Malaise","floor":0},{"not_picked":["Dodge and Roll","Backflip"],"picked":"Quick Slash","floor":1},{"not_picked":["Blade Dance","Catalyst"],"picked":"Bouncing Flask","floor":2},{"not_picked":["Caltrops","Sucker Punch"],"picked":"Dagger Spray","floor":5},{"not_picked":["Masterful Stab","PiercingWail"],"picked":"Deflect","floor":7},{"not_picked":["Quick Slash","Grand Finale"],"picked":"Outmaneuver","floor":10},{"not_picked":["Flying Knee","Poisoned Stab"],"picked":"Tactician","floor":12},{"not_picked":["Finisher","Endless Agony"],"picked":"Acrobatics","floor":13},{"not_picked":["Tactician","Leg Sweep","Bane"],"picked":"SKIP","floor":14},{"not_picked":["Night Terror","Glass Knife"],"picked":"Die Die Die","floor":16},{"not_picked":["Footwork","Quick Slash"],"picked":"Crippling Poison","floor":18},{"not_picked":["Acrobatics","Dodge and Roll","Endless Agony"],"picked":"SKIP","floor":20},{"not_picked":["Cloak And Dagger","Prepared"],"picked":"Backflip","floor":23},{"not_picked":["Masterful Stab","Deflect"],"picked":"Adrenaline","floor":25},{"not_picked":["Noxious Fumes","Dagger Throw+1"],"picked":"Tactician+1","floor":27},{"not_picked":["Flying Knee+1","Riddle With Holes"],"picked":"Slice","floor":29},{"not_picked":["Leg Sweep","Concentrate","Poisoned Stab+1"],"picked":"SKIP","floor":30},{"not_picked":["Acrobatics","Flying Knee","Deflect+1"],"picked":"SKIP","floor":31},{"not_picked":["A Thousand Cuts","Storm of Steel"],"picked":"Malaise","floor":33},{"not_picked":["Reflex","Terror"],"picked":"Distraction","floor":34},{"not_picked":["Blade Dance","Slice"],"picked":"Quick Slash","floor":34},{"not_picked":["PiercingWail","Outmaneuver"],"picked":"Adrenaline","floor":34},{"not_picked":["Flying Knee","Leg Sweep"],"picked":"Riddle With Holes+1","floor":35},{"not_picked":["Endless Agony+1","Blade Dance+1"],"picked":"Calculated Gamble","floor":37},{"not_picked":["Dodge and Roll+1","Dagger Throw"],"picked":"Backflip+1","floor":45},{"not_picked":["Accuracy","Well Laid Plans","Cloak And Dagger"],"picked":"Singing Bowl","floor":48}],"player_experience":407515,"relics_obtained":[{"floor":7,"key":"Ice Cream"},{"floor":9,"key":"Snake Skull"},{"floor":13,"key":"Odd Mushroom"},{"floor":21,"key":"Necronomicon"},{"floor":23,"key":"Art of War"},{"floor":25,"key":"Shuriken"},{"floor":26,"key":"Ornamental Fan"},{"floor":29,"key":"Bottled Flame"},{"floor":43,"key":"Singing Bowl"},{"floor":45,"key":"Oddly Smooth Stone"}],"event_choices":[{"event_name":"Golden Wing","player_choice":"Card Removal","floor":3,"damage_taken":0},{"event_name":"Scrap Ooze","player_choice":"success","floor":4,"damage_taken":7},{"event_name":"Mushrooms","player_choice":"Fought Mushrooms","floor":13,"damage_taken":0},{"event_name":"Cursed Tome","player_choice":"Obtained Book","floor":21,"damage_taken":0},{"event_name":"Ghosts","player_choice":"Became a Ghost","floor":22,"damage_taken":0},{"event_name":"Winding Halls","player_choice":"Max HP","floor":38,"damage_taken":0},{"event_name":"Falling","player_choice":"Removed Attack","floor":39,"damage_taken":0},{"event_name":"MindBloom","player_choice":"Upgrade","floor":47,"damage_taken":0}],"is_beta":false,"boss_relics":[{"not_picked":["Astrolabe","Runic Dome"],"picked":"HoveringKite"},{"not_picked":["WristBlade","Black Star"],"picked":"Orrery"}],"items_purged_floors":[11,36],"is_endless":false,"potions_floor_spawned":[2,5,10,14,18,23,27,29,33,37,48],"ascension_level":3}