{"gold_per_floor":[116,191,116,116,129,161,161,177,204,204,204,239,256,274,274,374,374,389,389,62,62,78,110,110,145,145,145],"floor_reached":27,"playtime":827,"items_purged":["Defend_B","Strike_B"],"score":384,"play_id":"77b50e0a-7a87-414f-9552-9b662a01d7b8","local_time":"20180729211617","is_ascension_mode":true,"campfire_choices":[{"data":"Buffer","floor":7,"key":"SMITH"},{"data":"Zap","floor":11,"key":"SMITH"},{"floor":15,"key":"REST"},{"floor":24,"key":"REST"}],"neow_cost":"TEN_PERCENT_HP_LOSS","seed_source_timestamp":94879354676229,"circlet_count":0,"master_deck":["Strike_B","Strike_B","Strike_B","Defend_B","Defend_B+1","Defend_B","Zap+1","Dualcast+1","Buffer+1","Melter+1","Ball Lightning","Ball Lightning+1","Hyperbeam","Reboot","Tempest","Echo Form","Echo Form"],"relics":["FrozenCore","Juzu Bracelet","Vajra","Singing Bowl","Shuriken","Dream Catcher","Whetstone","Toxic Egg 2","Mercury Hourglass","Gremlin Horn"],"potions_floor_usage":[6,16,18,18],"damage_taken":[{"damage":0,"enemies":"Cultist","floor":1,"turns":3},{"damage":0,"enemies":"Jaw Worm","floor":5,"turns":3},{"damage":13,"enemies":"3 Sentries","floor":6,"turns":5},{"damage":0,"enemies":"2 Louse","floor":8,"turns":2},{"damage":0,"enemies":"Gremlin Nob","floor":12,"turns":3},{"damage":14,"enemies":"Exordium Wildlife","floor":13,"turns":2},{"damage":0,"enemies":"2 Fungi Beasts","floor":14,"turns":3},{"damage":0,"enemies":"Slime Boss","floor":16,"turns":7},{"damage":13,"enemies":"Shell Parasite","floor":18,"turns":6},{"damage":0,"enemies":"Spheric Guardian","floor":22,"turns":1},{"damage":34,"enemies":"Slavers","floor":23,"turns":5},{"damage":43,"enemies":"Gremlin Leader","floor":25,"turns":7},{"damage":10,"enemies":"Book of Stabbing","floor":27,"turns":3}],"seed_played":"-1528764669214087455","potions_obtained":[{"floor":1,"key":"FocusPotion"},{"floor":8,"key":"Ancient Potion"},{"floor":13,"key":"Block Potion"},{"floor":14,"key":"SpeedPotion"}],"is_trial":false,"path_per_floor":["M","?","$","?","M","E","R","M","T","T","R","E","M","M","R","B",null,"M","?","$","?","M","E","R","E","T"],"character_chosen":"DEFECT","items_purchased":["Whetstone","Reboot"],"campfire_rested":2,"item_purchase_floors":[20,20],"current_hp_per_floor":[68,57,57,43,43,30,30,30,30,30,30,32,20,22,44,44,74,63,63,63,63,63,29,53,10,10,0],"gold":145,"neow_bonus":"THREE_RARE_CARDS","is_prod":false,"is_daily":false,"chose_seed":false,"campfire_upgraded":2,"win_rate":0,"timestamp":1532888177,"path_taken":["M","?","?","?","?","E","R","M","T","?","R","E","M","M","R","BOSS","M","?","?","?","M","E","R","E","T","E"],"build_version":"2018-07-26","purchased_purges":2,"victory":false,"max_hp_per_floor":[68,68,68,68,68,68,68,68,68,68,68,70,72,74,74,74,74,76,76,76,76,76,76,78,78,78,78],"card_choices":[{"not_picked":["Seek","Thunder Strike"],"picked":"Buffer","floor":0},{"not_picked":["Stack","Chaos"],"picked":"Melter","floor":1},{"not_picked":["Leap","Beam Cell"],"picked":"Ball Lightning","floor":5},{"not_picked":["Genetic Algorithm","Barrage"],"picked":"Ball Lightning","floor":6},{"not_picked":["Darkness","Rebound","Stack"],"picked":"SKIP","floor":8},{"not_picked":["Barrage","Rebound","Amplify"],"picked":"Singing Bowl","floor":12},{"not_picked":["Heatsinks","Aggregate","Ball Lightning"],"picked":"Singing Bowl","floor":13},{"not_picked":["Ball Lightning","Cold Snap","Undo"],"picked":"Singing Bowl","floor":14},{"not_picked":["Reboot","All For One"],"picked":"Hyperbeam","floor":16},{"not_picked":["Go for the Eyes+1","Streamline","Sweeping Beam"],"picked":"Singing Bowl","floor":18},{"not_picked":["Redo","Steam+1"],"picked":"Tempest","floor":22},{"not_picked":["BootSequence","Conserve Battery"],"picked":"Echo Form","floor":23},{"not_picked":["Sunder","Rebound","Redo+1"],"picked":"Singing Bowl","floor":24},{"not_picked":["Redo+1","Go for the Eyes"],"picked":"Echo Form","floor":25}],"player_experience":317330,"relics_obtained":[{"floor":6,"key":"Juzu Bracelet"},{"floor":9,"key":"Vajra"},{"floor":10,"key":"Singing Bowl"},{"floor":12,"key":"Shuriken"},{"floor":23,"key":"Toxic Egg 2"},{"floor":25,"key":"Mercury Hourglass"},{"floor":26,"key":"Gremlin Horn"}],"event_choices":[{"event_name":"World of Goop","player_choice":"Gather Gold","floor":2,"damage_taken":0},{"event_name":"Shining Light","player_choice":"Entered Light","floor":4,"damage_taken":0},{"event_name":"The Mausoleum","player_choice":"Yes","floor":19,"damage_taken":0},{"event_name":"Drug Dealer","player_choice":"Ignored","floor":21,"damage_taken":0}],"is_beta":false,"boss_relics":[{"not_picked":["White Beast Statue","Velvet Choker"],"picked":"FrozenCore"}],"items_purged_floors":[3,20],"is_endless":false,"potions_floor_spawned":[1,8,13,14],"killed_by":"Book of Stabbing","ascension_level":3}