{"gold_per_floor":[363,382,124,134,149,183,183,195,195,195,195,227,227,250,250,345,345,362,377,302,317,317,317,317,317,372,398,398,414,46,46,46,46],"floor_reached":33,"playtime":1382,"items_purged":["Defend_G"],"score":278,"play_id":"5bf0501d-e0a9-4c39-9334-6aaa0e75a10a","local_time":"20190712155736","is_ascension_mode":false,"campfire_choices":[{"data":"Noxious Fumes","floor":7,"key":"SMITH"},{"data":"Noxious Fumes","floor":10,"key":"SMITH"},{"data":"Neutralize","floor":15,"key":"SMITH"},{"floor":23,"key":"REST"},{"floor":25,"key":"REST"},{"floor":28,"key":"REST"},{"data":"Backflip","floor":32,"key":"SMITH"}],"neow_cost":"TEN_PERCENT_HP_LOSS","seed_source_timestamp":92765291179129,"circlet_count":0,"master_deck":["Defend_G","Defend_G","Defend_G","Defend_G","Survivor","Neutralize+1","Terror","All Out Attack","Noxious Fumes+1","Crippling Poison+1","Outmaneuver","Noxious Fumes+1","Prepared","After Image","Well Laid Plans","Corpse Explosion","Deflect","Acrobatics+1","Bite","Bite","Bite","Bite","Bite","Backflip+1","Shame"],"relics":["Ring of the Snake","Snake Skull","Letter Opener","Darkstone Periapt","Odd Mushroom","Black Star","Enchiridion","Strawberry","Red Mask","Incense Burner","Toxic Egg 2"],"potions_floor_usage":[12,14,27,27],"damage_taken":[{"damage":8,"enemies":"Jaw Worm","floor":1,"turns":7},{"damage":0,"enemies":"2 Louse","floor":2,"turns":4},{"damage":0,"enemies":"Small Slimes","floor":4,"turns":3},{"damage":5,"enemies":"Blue Slaver","floor":5,"turns":5},{"damage":8,"enemies":"Lagavulin","floor":6,"turns":6},{"damage":10,"enemies":"Large Slime","floor":8,"turns":5},{"damage":12,"enemies":"3 Sentries","floor":12,"turns":4},{"damage":11,"enemies":"The Mushroom Lair","floor":14,"turns":4},{"damage":3,"enemies":"Hexaghost","floor":16,"turns":9},{"damage":14,"enemies":"Chosen","floor":18,"turns":6},{"damage":9,"enemies":"Shell Parasite","floor":19,"turns":6},{"damage":35,"enemies":"Cultist and Chosen","floor":21,"turns":7},{"damage":7,"enemies":"Masked Bandits","floor":27,"turns":3},{"damage":18,"enemies":"Centurion and Healer","floor":29,"turns":5},{"damage":56,"enemies":"Champ","floor":33,"turns":11}],"seed_played":"997831539037467574","potions_obtained":[{"floor":2,"key":"Explosive Potion"},{"floor":12,"key":"Swift Potion"},{"floor":14,"key":"EssenceOfSteel"},{"floor":21,"key":"Poison Potion"}],"is_trial":false,"path_per_floor":["M","M","$","M","M","E","R","M","T","R","?","E","?","?","R","B",null,"M","M","?","M","?","R","?","R","T","?","R","M","$","?","R","B"],"character_chosen":"THE_SILENT","items_purchased":["Snake Skull","Noxious Fumes","Crippling Poison","Incense Burner"],"campfire_rested":3,"item_purchase_floors":[3,3,3,30],"current_hp_per_floor":[55,55,55,55,50,42,42,32,32,32,53,41,41,30,30,27,63,49,40,40,5,5,18,2,15,22,19,34,26,26,32,32,0],"gold":46,"neow_bonus":"TWO_FIFTY_GOLD","is_prod":false,"is_daily":false,"chose_seed":false,"campfire_upgraded":4,"win_rate":0,"timestamp":1562939856,"path_taken":["M","M","$","M","M","E","R","M","T","R","?","E","?","?","R","BOSS","M","M","?","M","?","R","?","R","T","?","R","M","$","?","R","BOSS"],"build_version":"2019-07-05","purchased_purges":1,"victory":false,"max_hp_per_floor":[63,63,63,63,63,63,63,63,63,63,63,63,63,63,63,63,63,63,63,63,63,44,44,44,44,51,51,51,51,51,57,57,57],"card_choices":[{"not_picked":["Blade Dance","Catalyst"],"picked":"Terror","floor":1},{"not_picked":["Choke","Deadly Poison"],"picked":"All Out Attack","floor":2},{"not_picked":["Acrobatics","Terror"],"picked":"Outmaneuver","floor":4},{"not_picked":["Deflect","Sucker Punch"],"picked":"Noxious Fumes","floor":5},{"not_picked":["Cloak And Dagger","Dodge and Roll"],"picked":"Prepared","floor":6},{"not_picked":["Flying Knee","Catalyst"],"picked":"After Image","floor":8},{"not_picked":["Heel Hook","Dodge and Roll"],"picked":"Well Laid Plans","floor":12},{"not_picked":["Grand Finale","Phantasmal Killer"],"picked":"Corpse Explosion","floor":16},{"not_picked":["Noxious Fumes","Accuracy","Heel Hook"],"picked":"SKIP","floor":18},{"not_picked":["Underhanded Strike","Infinite Blades"],"picked":"Deflect","floor":19},{"not_picked":["Outmaneuver","Dodge and Roll+1"],"picked":"Acrobatics+1","floor":21},{"not_picked":["Quick Slash+1","Night Terror"],"picked":"Backflip","floor":29}],"player_experience":89454,"relics_obtained":[{"floor":6,"key":"Letter Opener"},{"floor":12,"key":"Darkstone Periapt"},{"floor":14,"key":"Odd Mushroom"},{"floor":24,"key":"Enchiridion"},{"floor":26,"key":"Strawberry"},{"floor":27,"key":"Red Mask"}],"event_choices":[{"damage_healed":21,"gold_gain":0,"player_choice":"Banana","damage_taken":0,"max_hp_gain":0,"max_hp_loss":0,"event_name":"Big Fish","floor":11,"gold_loss":0},{"damage_healed":0,"gold_gain":0,"player_choice":"Grow","damage_taken":0,"max_hp_gain":0,"max_hp_loss":0,"event_name":"Living Wall","floor":13,"gold_loss":0,"cards_upgraded":["Crippling Poison"]},{"damage_healed":0,"gold_gain":0,"player_choice":"Fought Mushrooms","damage_taken":0,"max_hp_gain":0,"max_hp_loss":0,"event_name":"Mushrooms","floor":14,"gold_loss":0},{"cards_removed":["Strike_G"],"damage_healed":0,"gold_gain":0,"player_choice":"Gave Gold","damage_taken":0,"max_hp_gain":0,"max_hp_loss":0,"event_name":"Beggar","floor":20,"gold_loss":75},{"damage_healed":0,"gold_gain":0,"player_choice":"Became a vampire","damage_taken":0,"max_hp_gain":0,"max_hp_loss":19,"event_name":"Vampires","floor":22,"gold_loss":0,"cards_obtained":["Bite","Bite","Bite","Bite","Bite"]},{"damage_healed":0,"gold_gain":0,"player_choice":"Obtained Book","damage_taken":16,"max_hp_gain":0,"max_hp_loss":0,"event_name":"Cursed Tome","floor":24,"gold_loss":0},{"damage_healed":0,"gold_gain":0,"player_choice":"Fought Bandits","damage_taken":0,"max_hp_gain":0,"max_hp_loss":0,"event_name":"Masked Bandits","floor":27,"gold_loss":0},{"damage_healed":0,"gold_gain":0,"player_choice":"Stole Relic","damage_taken":0,"relics_obtained":["Toxic Egg 2"],"max_hp_gain":0,"max_hp_loss":0,"event_name":"Addict","floor":31,"gold_loss":0,"cards_obtained":["Shame"]}],"is_beta":false,"boss_relics":[{"not_picked":["HoveringKite","Cursed Key"],"picked":"Black Star"}],"items_purged_floors":[30],"is_endless":false,"potions_floor_spawned":[2,12,14,21],"killed_by":"Champ","ascension_level":0}