{"gold_per_floor":[116,416,416,433,453,487,487,255,255,282,293,321,321,334,334,429,429,445,89,89,41,68,68,95,95,120,180,198,223,223,301,301,397,397,412,412,9,1008,1008,1008,1021,1021,1021,1021,1070,154,169,198,198,198],"floor_reached":50,"playtime":2074,"items_purged":["Pain","Strike_B","Writhe","Defend_B"],"score":775,"play_id":"fcf86588-8c48-493d-9c0b-3faa399043f9","local_time":"20190331214145","is_ascension_mode":true,"campfire_choices":[{"floor":7,"key":"RECALL"},{"floor":13,"key":"REST"},{"floor":15,"key":"REST"},{"data":"Echo Form","floor":23,"key":"SMITH"},{"floor":25,"key":"REST"},{"floor":30,"key":"REST"},{"floor":32,"key":"REST"},{"data":"Meteor Strike","floor":40,"key":"SMITH"},{"data":"Loop","floor":42,"key":"SMITH"},{"floor":49,"key":"REST"}],"neow_cost":"NONE","seed_source_timestamp":38300967249200,"circlet_count":0,"master_deck":["Strike_B","Strike_B","Strike_B","Defend_B","Defend_B","Defend_B","Zap+1","Dualcast","Chaos","Cold Snap","Chaos","BootSequence+1","Capacitor","Loop+1","Echo Form+1","White Noise","Tempest","Trip","Steam","Defragment","Glacier+1","Meteor Strike+1","Capacitor"],"relics":["FrozenCore","Old Coin","WarpedTongs","Singing Bowl","Blood Vial","Mummified Hand","Gambling Chip","White Beast Statue","Symbiotic Virus","Smiling Mask","Juzu Bracelet","Oddly Smooth Stone","Tiny Chest","War Paint","Darkstone Periapt","Omamori","Toolbox","Letter Opener","Meat on the Bone","Bird Faced Urn","Mercury Hourglass","Shuriken","Frozen Eye","Bronze Scales"],"potions_floor_usage":[0,4,4,10,14,16,24,29,29,29,45,45,45,47,48,48,48,50],"damage_taken":[{"damage":0,"enemies":"2 Louse","floor":1,"turns":3},{"damage":0,"enemies":"Jaw Worm","floor":4,"turns":1},{"damage":2,"enemies":"Cultist","floor":5,"turns":3},{"damage":32,"enemies":"Gremlin Nob","floor":6,"turns":4},{"damage":29,"enemies":"3 Sentries","floor":10,"turns":7},{"damage":0,"enemies":"2 Fungi Beasts","floor":11,"turns":2},{"damage":18,"enemies":"Lagavulin","floor":12,"turns":7},{"damage":7,"enemies":"Exordium Thugs","floor":14,"turns":4},{"damage":21,"enemies":"Slime Boss","floor":16,"turns":8},{"damage":19,"enemies":"Chosen","floor":18,"turns":5},{"damage":37,"enemies":"Book of Stabbing","floor":24,"turns":5},{"damage":30,"enemies":"Slavers","floor":27,"turns":6},{"damage":5,"enemies":"Spheric Guardian","floor":28,"turns":4},{"damage":28,"enemies":"Book of Stabbing","floor":29,"turns":6},{"damage":58,"enemies":"Automaton","floor":33,"turns":10},{"damage":24,"enemies":"3 Darklings","floor":35,"turns":5},{"damage":13,"enemies":"Orb Walker","floor":41,"turns":4},{"damage":59,"enemies":"2 Orb Walkers","floor":45,"turns":8},{"damage":0,"enemies":"3 Darklings","floor":47,"turns":6},{"damage":42,"enemies":"Giant Head","floor":48,"turns":9},{"damage":85,"enemies":"Awakened One","floor":50,"turns":4}],"seed_played":"-4998719545426346251","potions_obtained":[{"floor":0,"key":"Strength Potion"},{"floor":0,"key":"Explosive Potion"},{"floor":0,"key":"Fruit Juice"},{"floor":1,"key":"FearPotion"},{"floor":10,"key":"FearPotion"},{"floor":12,"key":"Weak Potion"},{"floor":18,"key":"SteroidPotion"},{"floor":24,"key":"GamblersBrew"},{"floor":27,"key":"LiquidBronze"},{"floor":28,"key":"Regen Potion"},{"floor":29,"key":"SteroidPotion"},{"floor":33,"key":"Ancient Potion"},{"floor":35,"key":"FocusPotion"},{"floor":41,"key":"SkillPotion"},{"floor":45,"key":"SpeedPotion"},{"floor":47,"key":"Weak Potion"},{"floor":48,"key":"FearPotion"}],"is_trial":false,"path_per_floor":["M","?","?","M","M","E","R","$","T","E","M","E","R","M","R","B",null,"M","$","?","$","T","R","E","R","T","E","M","E","R","T","R","B",null,"M","?","$","?","?","R","M","R","T","T","?","$","M","E","R","B"],"character_chosen":"DEFECT","items_purchased":["Blood Vial","Symbiotic Virus","Energy Potion","Omamori","Toolbox","Mercury Hourglass","Capacitor","Strength Potion","Shuriken","Frozen Eye","Swift Potion"],"campfire_rested":6,"item_purchase_floors":[8,19,21,37,37,46,46,46,46,46,46],"current_hp_per_floor":[80,77,77,77,75,43,43,43,43,16,18,4,28,25,50,31,71,54,54,54,54,54,54,19,44,44,16,15,6,32,32,58,2,67,47,76,76,76,72,72,63,63,63,63,20,20,46,32,65,0],"gold":198,"neow_bonus":"THREE_SMALL_POTIONS","is_prod":false,"is_daily":false,"chose_seed":false,"campfire_upgraded":3,"win_rate":0,"timestamp":1554057705,"path_taken":["M","?","?","M","M","E","R","$","T","E","M","E","R","?","R","BOSS","M","$","?","$","?","R","E","R","T","E","M","E","R","?","R","BOSS","M","?","$","?","?","R","M","R","T","?","?","$","M","E","R","BOSS"],"build_version":"2019-01-23","purchased_purges":4,"victory":false,"max_hp_per_floor":[80,80,80,80,80,80,80,80,80,80,80,82,82,84,84,84,84,84,84,84,84,84,84,84,84,84,84,86,88,88,88,88,88,88,90,96,96,96,102,102,104,104,104,104,106,106,108,110,110,110],"card_choices":[{"not_picked":["Recycle","Skim"],"picked":"Chaos","floor":1},{"not_picked":["Melter","FTL"],"picked":"Cold Snap","floor":4},{"not_picked":["Ball Lightning","Barrage"],"picked":"Chaos","floor":5},{"not_picked":["Heatsinks","Genetic Algorithm"],"picked":"BootSequence","floor":6},{"not_picked":["Compile Driver","Streamline"],"picked":"Capacitor","floor":10},{"not_picked":["Rebound","Steam"],"picked":"Loop","floor":11},{"not_picked":["Beam Cell","Scrape","Sunder"],"picked":"Singing Bowl","floor":12},{"not_picked":["Streamline","Go for the Eyes","Rebound"],"picked":"Singing Bowl","floor":14},{"not_picked":["Amplify","All For One"],"picked":"Echo Form","floor":16},{"not_picked":["Conserve Battery","Steam Power"],"picked":"White Noise","floor":18},{"not_picked":["Cold Snap+1","Genetic Algorithm"],"picked":"Defragment","floor":24},{"not_picked":["Darkness","Hyperbeam"],"picked":"Glacier+1","floor":27},{"not_picked":["Coolheaded+1","Hologram","Barrage+1"],"picked":"Singing Bowl","floor":28},{"not_picked":["Redo","Recycle","Fission"],"picked":"Singing Bowl","floor":29},{"not_picked":["Reboot","Machine Learning"],"picked":"Meteor Strike","floor":33},{"not_picked":["Redo+1","Rebound+1","Cold Snap"],"picked":"Singing Bowl","floor":35},{"not_picked":["Discovery","Thinking Ahead","Finesse"],"picked":"Singing Bowl","floor":39},{"not_picked":["PanicButton","Discovery","Trip"],"picked":"Singing Bowl","floor":39},{"not_picked":["Madness","Jack Of All Trades","Transmutation"],"picked":"Singing Bowl","floor":39},{"not_picked":["Lockon+1","Compile Driver","Aggregate+1"],"picked":"Singing Bowl","floor":41},{"not_picked":["Hologram","Sunder","Compile Driver+1"],"picked":"Singing Bowl","floor":45},{"not_picked":["Steam","Leap","Go for the Eyes"],"picked":"Singing Bowl","floor":47},{"not_picked":["Streamline","Core Surge","Darkness+1"],"picked":"Singing Bowl","floor":48}],"player_experience":510824,"relics_obtained":[{"floor":6,"key":"Singing Bowl"},{"floor":10,"key":"Mummified Hand"},{"floor":12,"key":"Gambling Chip"},{"floor":22,"key":"Smiling Mask"},{"floor":24,"key":"Juzu Bracelet"},{"floor":26,"key":"Oddly Smooth Stone"},{"floor":27,"key":"Tiny Chest"},{"floor":29,"key":"War Paint"},{"floor":31,"key":"Darkstone Periapt"},{"floor":43,"key":"Letter Opener"},{"floor":44,"key":"Meat on the Bone"},{"floor":45,"key":"Bird Faced Urn"},{"floor":48,"key":"Bronze Scales"}],"event_choices":[{"damage_healed":0,"gold_gain":0,"player_choice":"Success","damage_taken":3,"relics_obtained":["Old Coin"],"max_hp_gain":0,"max_hp_loss":0,"event_name":"Scrap Ooze","floor":2,"gold_loss":0},{"damage_healed":0,"gold_gain":0,"player_choice":"Rummage","damage_taken":0,"relics_obtained":["WarpedTongs"],"max_hp_gain":0,"max_hp_loss":0,"event_name":"Accursed Blacksmith","floor":3,"gold_loss":0,"cards_obtained":["Pain"]},{"damage_healed":0,"gold_gain":0,"player_choice":"3 cards matched","damage_taken":0,"max_hp_gain":0,"max_hp_loss":0,"event_name":"Match and Keep!","floor":20,"gold_loss":0,"cards_obtained":["Tempest","Trip","Steam"]},{"damage_healed":23,"gold_gain":0,"player_choice":"Writhe","damage_taken":0,"max_hp_gain":0,"max_hp_loss":0,"event_name":"Winding Halls","floor":36,"gold_loss":0,"cards_obtained":["Writhe"]},{"damage_healed":0,"gold_gain":999,"player_choice":"Gold","damage_taken":0,"max_hp_gain":0,"max_hp_loss":0,"event_name":"MindBloom","floor":38,"gold_loss":0,"cards_obtained":["Normality","Normality"]},{"damage_healed":0,"gold_gain":0,"player_choice":"Memory 3","damage_taken":10,"max_hp_gain":0,"max_hp_loss":0,"event_name":"SensoryStone","floor":39,"gold_loss":0},{"damage_healed":0,"gold_gain":0,"player_choice":"Fight","damage_taken":0,"max_hp_gain":0,"max_hp_loss":0,"event_name":"Mysterious Sphere","floor":45,"gold_loss":0}],"is_beta":false,"boss_relics":[{"not_picked":["Sozu","Cursed Key"],"picked":"White Beast Statue"},{"not_picked":["Coffee Dripper","Snecko Eye"],"picked":"FrozenCore"}],"items_purged_floors":[8,19,37,46],"is_endless":false,"potions_floor_spawned":[1,10,12,18,24,27,28,29,33,35,41,45,47,48],"killed_by":"Awakened One","ascension_level":5}