{"gold_per_floor":[110,110,110,185,185,204,204,221,221,235,266,266,191,202,202,305,305,325,425,436,452,52,52,62,62,62,62,75,88,88,102,102,102],"floor_reached":33,"playtime":1456,"items_purged":["Strike_R","Strike_R"],"score":299,"play_id":"de39a497-d6f0-45e8-bf92-e078e2836497","local_time":"20190628093220","is_ascension_mode":false,"campfire_choices":[{"data":"Bash","floor":7,"key":"SMITH"},{"data":"Iron Wave","floor":12,"key":"SMITH"},{"data":"Seeing Red","floor":15,"key":"SMITH"},{"data":"1","floor":23,"key":"LIFT"},{"data":"2","floor":25,"key":"LIFT"},{"data":"3","floor":32,"key":"LIFT"}],"neow_cost":"","seed_source_timestamp":1825141813909,"circlet_count":0,"master_deck":["Strike_R","Defend_R","Defend_R","Defend_R","Defend_R","Bash+1","Iron Wave+1","Clothesline+1","Intimidate","Pommel Strike+1","Seeing Red+1","Feed+1","Thunderclap+1","Ghostly Armor","Metallicize","Pain","Anger+1"],"relics":["Burning Blood","Molten Egg 2","Paper Frog","Meat on the Bone","Cursed Key","Girya","Matryoshka","Nunchaku","Question Card","Shuriken","Ornamental Fan"],"potions_floor_usage":[11,16,19,19,33],"damage_taken":[{"damage":6,"enemies":"Jaw Worm","floor":1,"turns":4},{"damage":3,"enemies":"Small Slimes","floor":6,"turns":3},{"damage":1,"enemies":"2 Louse","floor":8,"turns":3},{"damage":1,"enemies":"2 Fungi Beasts","floor":10,"turns":5},{"damage":22,"enemies":"3 Sentries","floor":11,"turns":9},{"damage":0,"enemies":"Large Slime","floor":14,"turns":6},{"damage":22,"enemies":"The Guardian","floor":16,"turns":9},{"damage":11,"enemies":"Spheric Guardian","floor":18,"turns":6},{"damage":29,"enemies":"Colosseum Slavers","floor":19,"turns":4},{"damage":11,"enemies":"Colosseum Nobs","floor":19,"turns":5},{"damage":17,"enemies":"Chosen","floor":20,"turns":6},{"damage":11,"enemies":"Sentry and Sphere","floor":21,"turns":5},{"damage":0,"enemies":"Snake Plant","floor":24,"turns":3},{"damage":3,"enemies":"Cultist and Chosen","floor":28,"turns":5},{"damage":16,"enemies":"Centurion and Healer","floor":29,"turns":6},{"damage":16,"enemies":"Shelled Parasite and Fungi","floor":31,"turns":6},{"damage":71,"enemies":"Champ","floor":33,"turns":7}],"seed_played":"-6841949801451218190","potions_obtained":[{"floor":1,"key":"Strength Potion"},{"floor":14,"key":"Strength Potion"},{"floor":16,"key":"Dexterity Potion"},{"floor":18,"key":"AttackPotion"},{"floor":29,"key":"Explosive Potion"}],"is_trial":false,"path_per_floor":["M","?","?","?","?","M","R","M","T","M","E","R","$","M","R","B",null,"M","?","M","M","$","R","M","R","T","?","M","M","?","M","R","B"],"character_chosen":"IRONCLAD","items_purchased":["Nunchaku"],"campfire_rested":0,"item_purchase_floors":[22],"current_hp_per_floor":[80,80,73,62,55,58,58,63,63,68,52,52,52,58,58,54,80,75,55,60,59,59,59,69,69,69,69,76,70,70,64,64,0],"gold":102,"neow_bonus":"","is_prod":false,"is_daily":false,"chose_seed":false,"campfire_upgraded":3,"win_rate":0.0,"timestamp":1561707140,"path_taken":["M","?","?","?","?","?","R","M","T","M","E","R","?","M","R","BOSS","M","?","M","M","$","R","M","R","T","?","M","M","?","M","R","BOSS"],"build_version":"2019-01-23","purchased_purges":2,"victory":false,"max_hp_per_floor":[80,80,80,80,80,80,80,80,80,80,80,80,80,80,80,80,80,80,88,92,96,96,96,100,100,100,100,104,108,108,112,112,112],"card_choices":[{"not_picked":["Ghostly Armor","Cleave"],"picked":"Iron Wave","floor":1},{"not_picked":["Sword Boomerang+1","Twin Strike+1"],"picked":"Clothesline+1","floor":6},{"not_picked":["Blood for Blood+1","Flex"],"picked":"Intimidate","floor":8},{"not_picked":["Flex","Brutality"],"picked":"Pommel Strike+1","floor":10},{"not_picked":["Body Slam+1","Flex","Perfected Strike+1"],"picked":"SKIP","floor":11},{"not_picked":["Shrug It Off","Anger+1"],"picked":"Seeing Red","floor":14},{"not_picked":["Barricade","Fiend Fire+1"],"picked":"Feed+1","floor":16},{"not_picked":["Twin Strike+1","Body Slam+1","Power Through"],"picked":"SKIP","floor":18},{"not_picked":["Reckless Charge+1","Cleave+1"],"picked":"Thunderclap+1","floor":19},{"not_picked":["Body Slam+1","Cleave+1"],"picked":"Ghostly Armor","floor":20},{"not_picked":["Cleave+1","Power Through","Shockwave"],"picked":"SKIP","floor":21},{"not_picked":["Iron Wave+1","Armaments"],"picked":"Metallicize","floor":24},{"not_picked":["Searing Blow+1","Anger+1","Whirlwind+1","Blood for Blood+1"],"picked":"SKIP","floor":28},{"not_picked":["Sword Boomerang+1","Dark Embrace","Rampage+1","Body Slam+1"],"picked":"SKIP","floor":29},{"not_picked":["Thunderclap+1","Rupture+1","Pommel Strike+1"],"picked":"Anger+1","floor":31}],"player_experience":0,"relics_obtained":[{"floor":9,"key":"Paper Frog"},{"floor":11,"key":"Meat on the Bone"},{"floor":19,"key":"Girya"},{"floor":19,"key":"Matryoshka"},{"floor":26,"key":"Question Card"},{"floor":26,"key":"Shuriken"}],"event_choices":[{"cards_removed":["Strike_R"],"damage_healed":0,"gold_gain":0,"player_choice":"Forget","damage_taken":0,"max_hp_gain":0,"max_hp_loss":0,"event_name":"Living Wall","floor":2,"gold_loss":0},{"damage_healed":0,"gold_gain":0,"player_choice":"Success","damage_taken":7,"relics_obtained":["Molten Egg 2"],"max_hp_gain":0,"max_hp_loss":0,"event_name":"Scrap Ooze","floor":3,"gold_loss":0},{"damage_healed":0,"gold_gain":75,"player_choice":"Gather Gold","damage_taken":11,"max_hp_gain":0,"max_hp_loss":0,"event_name":"World of Goop","floor":4,"gold_loss":0},{"cards_removed":["Strike_R"],"damage_healed":0,"gold_gain":0,"player_choice":"Card Removal","damage_taken":7,"max_hp_gain":0,"max_hp_loss":0,"event_name":"Golden Wing","floor":5,"gold_loss":0},{"damage_healed":0,"gold_gain":0,"player_choice":"Fight","damage_taken":0,"max_hp_gain":0,"max_hp_loss":0,"event_name":"Colosseum","floor":19,"gold_loss":0},{"damage_healed":0,"gold_gain":0,"player_choice":"Fought Nobs","damage_taken":0,"max_hp_gain":0,"max_hp_loss":0,"event_name":"Colosseum","floor":19,"gold_loss":0},{"damage_healed":0,"gold_gain":0,"player_choice":"Opened","damage_taken":0,"relics_obtained":["Ornamental Fan"],"max_hp_gain":0,"max_hp_loss":0,"event_name":"The Mausoleum","floor":27,"gold_loss":0},{"damage_healed":0,"gold_gain":0,"player_choice":"Ignored","damage_taken":0,"max_hp_gain":0,"max_hp_loss":0,"event_name":"Ghosts","floor":30,"gold_loss":0}],"is_beta":false,"boss_relics":[{"not_picked":["Lizard Tail","Tiny House"],"picked":"Cursed Key"}],"items_purged_floors":[13,22],"is_endless":false,"potions_floor_spawned":[1,14,16,18,19,29],"killed_by":"Champ","ascension_level":0}