{"gold_per_floor":[114,114,114,129,57,57,232,260,260,277,295,295,295,295,295,394,394,406,417,198,218,418,418,452,452,531,531,545,545,545,94,94,196,196,216,216,71,71,91,91,91],"floor_reached":41,"playtime":1493,"items_purged":["Pain","Shame"],"score":509,"play_id":"3374b6bd-a4f3-4e05-b315-3813575553d5","local_time":"20190630195320","is_ascension_mode":true,"campfire_choices":[{"data":"Blade Dance","floor":6.0,"key":"SMITH"},{"floor":13.0,"key":"REST"},{"floor":15.0,"key":"REST"},{"floor":23.0,"key":"REST"},{"floor":27,"key":"REST"},{"floor":30,"key":"RECALL"},{"data":"Accuracy","floor":32,"key":"SMITH"},{"floor":40,"key":"REST"}],"neow_cost":"NONE","seed_source_timestamp":0,"circlet_count":0,"master_deck":["Defend_G+1","Defend_G","Defend_G","Defend_G+1","Defend_G","Strike_G","Strike_G","Strike_G","Strike_G","Survivor","Neutralize+1","Dash","Blade Dance+1","Accuracy+1","Finisher","Skewer","Choke","Storm of Steel","Clumsy","Footwork+1","Noxious Fumes+1","PiercingWail+1","Cloak And Dagger","Glass Knife","Blade Dance","Prepared+1"],"special_seed":0,"relics":["White Beast Statue","Vajra","Potion Belt","Bag of Preparation","Calling Bell","Boot","Mercury Hourglass","Bird Faced Urn","Regal Pillow","Smiling Mask","Frozen Egg 2","Incense Burner","Kunai","War Paint","WristBlade","Omamori"],"potions_floor_usage":[25,28,33,39,41,41],"damage_taken":[{"damage":8.0,"enemies":"2 Louse","floor":1.0,"turns":3.0},{"damage":2.0,"enemies":"Jaw Worm","floor":4.0,"turns":3.0},{"damage":33.0,"enemies":"Lagavulin","floor":8.0,"turns":9.0},{"damage":0.0,"enemies":"Small Slimes","floor":10.0,"turns":2.0},{"damage":0.0,"enemies":"Exordium Wildlife","floor":11.0,"turns":3.0},{"damage":7.0,"enemies":"Slime Boss","floor":16.0,"turns":8.0},{"damage":15.0,"enemies":"Chosen","floor":18.0,"turns":4.0},{"damage":13.0,"enemies":"2 Thieves","floor":19.0,"turns":2.0},{"damage":26.0,"enemies":"3 Cultists","floor":21.0,"turns":4.0},{"damage":24.0,"enemies":"Slavers","floor":24.0,"turns":5.0},{"damage":0,"enemies":"Cultist and Chosen","floor":25,"turns":1},{"damage":20,"enemies":"Shelled Parasite and Fungi","floor":28,"turns":5},{"damage":18,"enemies":"Automaton","floor":33,"turns":11},{"damage":15,"enemies":"Orb Walker","floor":35,"turns":3},{"damage":32,"enemies":"3 Darklings","floor":39,"turns":7},{"damage":67,"enemies":"Giant Head","floor":41,"turns":7}],"seed_played":"-360295180631340470","potions_obtained":[{"floor":1.0,"key":"SmokeBomb"},{"floor":4.0,"key":"Explosive Potion"},{"floor":8.0,"key":"EssenceOfSteel"},{"floor":10.0,"key":"Explosive Potion"},{"floor":11.0,"key":"SkillPotion"},{"floor":16.0,"key":"SteroidPotion"},{"floor":18.0,"key":"SpeedPotion"},{"floor":19.0,"key":"Explosive Potion"},{"floor":21.0,"key":"EssenceOfSteel"},{"floor":24.0,"key":"SkillPotion"},{"floor":28,"key":"GhostInAJar"},{"floor":33,"key":"Energy Potion"},{"floor":35,"key":"Dexterity Potion"},{"floor":39,"key":"Swift Potion"}],"is_trial":false,"path_per_floor":["M","?","?","M","$","R","?","E","T","M","M","?","R","T","R","B",null,"M","M","$","M","?","R","E","M","T","R","M","?","R","$","R","B",null,"M","?","$","?","M","R","E"],"character_chosen":"THE_SILENT","items_purchased":["Accuracy","Regal Pillow","Kunai","War Paint","Omamori"],"campfire_rested":5,"item_purchase_floors":[5,20,31,31,37],"current_hp_per_floor":[62,55,55,53,53,53,53,20,20,20,20,13,34,34,55,48,65,52,39,39,17,17,53,31,31,31,67,53,53,53,53,53,41,63,48,48,48,48,18,52,0],"gold":91,"neow_bonus":"BOSS_RELIC","is_prod":false,"is_daily":false,"chose_seed":false,"campfire_upgraded":2,"win_rate":0,"timestamp":1561913600,"path_taken":["M","?","?","M","?","R","?","E","T","?","M","?","R","?","R","BOSS","M","M","$","M","?","R","E","M","T","R","?","?","R","$","R","BOSS","M","?","?","?","M","R","E"],"build_version":"2019-01-23","purchased_purges":2,"victory":false,"max_hp_per_floor":[70,70,70,70,70,70,70,70,70,70,70,70,70,70,70,70,70,70,70,70,70,70,70,70,70,70,70,70,70,70,70,70,70,70,70,70,70,66,66,66,66],"card_choices":[{"not_picked":["Slice","Cloak And Dagger"],"picked":"Dash","floor":1.0},{"not_picked":["Deadly Poison","Endless Agony"],"picked":"Blade Dance","floor":4.0},{"not_picked":["Corpse Explosion","Bane"],"picked":"Finisher","floor":8.0},{"not_picked":["Slice","Deadly Poison"],"picked":"Skewer","floor":10.0},{"not_picked":["Deadly Poison","Quick Slash"],"picked":"Choke","floor":11.0},{"not_picked":["Venomology","Phantasmal Killer"],"picked":"Storm of Steel","floor":16.0},{"not_picked":["Poisoned Stab+1","Endless Agony"],"picked":"Footwork+1","floor":18.0},{"not_picked":["Outmaneuver","Cloak And Dagger","Poisoned Stab"],"picked":"SKIP","floor":19.0},{"not_picked":["Underhanded Strike","Bane"],"picked":"Noxious Fumes+1","floor":21.0},{"not_picked":["Masterful Stab","Quick Slash+1"],"picked":"PiercingWail+1","floor":24.0},{"not_picked":["Tactician+1","Sucker Punch"],"picked":"Cloak And Dagger","floor":28},{"not_picked":["Doppelganger","Night Terror"],"picked":"Glass Knife","floor":33},{"not_picked":["Sucker Punch+1","Masterful Stab"],"picked":"Blade Dance","floor":35},{"not_picked":["Sucker Punch+1","Deadly Poison+1"],"picked":"Prepared+1","floor":39}],"player_experience":636822,"relics_obtained":[{"floor":8.0,"key":"Potion Belt"},{"floor":9.0,"key":"Bag of Preparation"},{"floor":17.0,"key":"Boot"},{"floor":17.0,"key":"Mercury Hourglass"},{"floor":17.0,"key":"Bird Faced Urn"},{"floor":24.0,"key":"Smiling Mask"},{"floor":26,"key":"Frozen Egg 2"}],"event_choices":[{"damage_healed":0.0,"max_hp_gain":0.0,"max_hp_loss":0.0,"gold_gain":0.0,"event_name":"Scrap Ooze","player_choice":"Success","floor":2.0,"gold_loss":0.0,"damage_taken":7.0,"relics_obtained":["Vajra"]},{"damage_healed":0.0,"max_hp_gain":0.0,"max_hp_loss":0.0,"gold_gain":0.0,"event_name":"Living Wall","player_choice":"Grow","floor":3.0,"gold_loss":0.0,"damage_taken":0.0,"cards_upgraded":["Neutralize"]},{"damage_healed":0.0,"max_hp_gain":0.0,"max_hp_loss":0.0,"gold_gain":175.0,"event_name":"Liars Game","player_choice":"AGREE","floor":7.0,"gold_loss":0.0,"damage_taken":0.0,"cards_obtained":["Doubt"]},{"cards_removed":["Doubt"],"damage_healed":0.0,"max_hp_gain":0.0,"max_hp_loss":0.0,"gold_gain":0.0,"event_name":"Golden Wing","player_choice":"Card Removal","floor":12.0,"gold_loss":0.0,"damage_taken":7.0},{"damage_healed":0.0,"max_hp_gain":0.0,"max_hp_loss":0.0,"gold_gain":200.0,"event_name":"Wheel of Change","player_choice":"Gold","floor":22.0,"gold_loss":0.0,"damage_taken":0.0},{"damage_healed":0,"gold_gain":0,"player_choice":"Opened","damage_taken":0,"relics_obtained":["Incense Burner"],"max_hp_gain":0,"max_hp_loss":0,"event_name":"The Mausoleum","floor":29,"gold_loss":0},{"cards_removed":["Strike_G"],"damage_healed":0,"gold_gain":0,"player_choice":"Removed Attack","damage_taken":0,"max_hp_gain":0,"max_hp_loss":0,"event_name":"Falling","floor":36,"gold_loss":0},{"damage_healed":0,"gold_gain":0,"player_choice":"Max HP","damage_taken":0,"max_hp_gain":0,"max_hp_loss":4,"event_name":"Winding Halls","floor":38,"gold_loss":0}],"is_beta":false,"boss_relics":[{"not_picked":["Orrery","Runic Dome"],"picked":"Calling Bell"},{"not_picked":["Snecko Eye","Eternal Feather"],"picked":"WristBlade"}],"items_purged_floors":[20,31],"is_endless":false,"potions_floor_spawned":[1,4,8,10,11,16,18,19,21,24,25,28,33,35,39],"killed_by":"Giant Head","ascension_level":5}