{"path_per_floor":["M","?","M","M","$","R","E","R","T","E","?","?","M","E","R","B",null,"M","?","M","$","M","E","R","$","T","R","?","M","?","?","R","B",null,"M","?","?","M","$","E","R","E","T","?","R","M","?","$","R"],"character_chosen":"IRONCLAD","items_purchased":["Offering","Blood Vial","Whirlwind","Weak Potion","Ancient Potion"],"gold_per_floor":[211,211,231,249,39,39,69,69,69,101,101,101,111,144,144,240,240,252,167,177,22,39,67,67,27,27,27,27,47,47,47,47,149,149,161,161,0,10,10,38,38,70,97,97,97,109,359,156,156,156],"floor_reached":50,"campfire_rested":5,"playtime":1583,"current_hp_per_floor":[71,64,63,63,63,63,25,49,49,23,20,34,42,32,60,21,76,62,62,57,57,64,62,62,62,62,62,62,68,52,52,80,63,86,88,88,88,74,74,74,74,27,33,27,58,53,59,59,92,0],"items_purged":["Defend_R","Regret"],"gold":156,"score":767,"play_id":"ed306d87-dec4-4e99-b11e-47a2f57ee91f","local_time":"20180501090813","is_prod":false,"is_daily":false,"chose_seed":false,"is_ascension_mode":true,"campfire_upgraded":4,"timestamp":1525154893,"path_taken":["M","?","?","?","$","R","E","R","T","E","?","?","M","E","R","BOSS","M","?","M","$","M","E","R","$","T","R","?","M","?","?","R","BOSS","M","?","?","M","$","E","R","E","T","?","R","M","?","$","R","BOSS"],"build_version":"2018-04-28v2","seed_source_timestamp":30246097705835,"purchased_purges":2,"victory":false,"master_deck":["Defend_R","Defend_R","Bash","Pommel Strike","Offering+1","Bloodletting","Double Tap+1","Twin Strike+1","Metallicize+1","Whirlwind+1","Bite","Bite","Bite","Bite","Bite","Immolate+1","Corruption","Injury","Apotheosis"],"max_hp_per_floor":[80,80,80,80,80,80,80,80,80,80,80,94,94,94,94,94,94,94,94,94,94,94,94,94,94,94,94,94,94,94,94,94,94,94,94,94,94,94,94,94,94,94,100,104,104,106,112,112,112,112],"relics":["Burning Blood","Darkstone Periapt","Meat on the Bone","Mercury Hourglass","Omamori","Mango","Red Skull","Mark of Pain","Art of War","Juzu Bracelet","Bird Faced Urn","Necronomicon","Cursed Key","Red Mask","Bottled Lightning","Thread and Needle","Singing Bowl"],"card_choices":[{"not_picked":["Twin Strike","Carnage"],"picked":"Pommel Strike","floor":3},{"not_picked":["Clash","Corruption"],"picked":"Bloodletting","floor":10},{"not_picked":["Impervious","Dark Embrace"],"picked":"Double Tap","floor":16},{"not_picked":["Sword Boomerang","Warcry"],"picked":"Cleave","floor":20},{"not_picked":["Armaments","Headbutt"],"picked":"Twin Strike","floor":22},{"not_picked":["Twin Strike","Hemokinesis"],"picked":"Metallicize","floor":23},{"not_picked":["Reaper","Dark Embrace"],"picked":"Immolate","floor":33},{"not_picked":["Finesse","Sadistic Nature"],"picked":"Apotheosis","floor":44}],"player_experience":233063,"potions_floor_usage":[7,16,16,29,38,50,50,50],"damage_taken":[{"damage":7,"enemies":"Jaw Worm","floor":1,"turns":3},{"damage":7,"enemies":"2 Louse","floor":3,"turns":3},{"damage":6,"enemies":"Cultist","floor":4,"turns":4},{"damage":44,"enemies":"3 Sentries","floor":7,"turns":7},{"damage":44,"enemies":"Lagavulin","floor":10,"turns":5},{"damage":10,"enemies":"Looter","floor":13,"turns":2},{"damage":28,"enemies":"Gremlin Nob","floor":14,"turns":3},{"damage":72,"enemies":"Hexaghost","floor":16,"turns":9},{"damage":32,"enemies":"2 Thieves","floor":18,"turns":3},{"damage":23,"enemies":"Chosen","floor":20,"turns":4},{"damage":13,"enemies":"Sentry and Sphere","floor":22,"turns":3},{"damage":22,"enemies":"Slavers","floor":23,"turns":3},{"damage":16,"enemies":"Centurion and Healer","floor":29,"turns":3},{"damage":37,"enemies":"Automaton","floor":33,"turns":6},{"damage":4,"enemies":"3 Darklings","floor":35,"turns":1},{"damage":28,"enemies":"3 Shapes","floor":38,"turns":2},{"damage":20,"enemies":"Giant Head","floor":40,"turns":5},{"damage":73,"enemies":"Nemesis","floor":42,"turns":5},{"damage":35,"enemies":"Maw","floor":46,"turns":5},{"damage":146,"enemies":"Awakened One","floor":50,"turns":9}],"event_choices":[{"event_name":"Golden Wing","player_choice":"Card Removal","floor":2,"damage_taken":0},{"event_name":"Scrap Ooze","player_choice":"success","floor":11,"damage_taken":3},{"event_name":"Big Fish","player_choice":"Box","floor":12,"damage_taken":0},{"event_name":"Addict","player_choice":"Obtained Relic","floor":19,"damage_taken":0},{"event_name":"Vampires","player_choice":"Became a vampire (Vial)","floor":28,"damage_taken":0},{"event_name":"Cursed Tome","player_choice":"Obtained Book","floor":30,"damage_taken":0},{"event_name":"Back to Basics","player_choice":"Elegance","floor":31,"damage_taken":0},{"event_name":"Transmorgrifier","player_choice":"Transform","floor":36,"damage_taken":0},{"event_name":"Tomb of Lord Red Mask","player_choice":"Paid","floor":37,"damage_taken":0},{"event_name":"SensoryStone","player_choice":"Memory 3","floor":44,"damage_taken":0},{"event_name":"Golden Shrine","player_choice":"Desecrate","floor":47,"damage_taken":0}],"boss_relics":[{"not_picked":["Runic Pyramid","Pandora\u0027s Box"],"picked":"Mark of Pain"},{"not_picked":["Orrery","Philosopher\u0027s Stone"],"picked":"Cursed Key"}],"potions_floor_spawned":[3,7,13,23,33,46],"seed_played":"-9067580958821553267","killed_by":"Awakened One","ascension_level":6,"is_trial":false}