{"gold_per_floor":[109,122,122,122,122,122,186,16,16,37,53,3,24,58,58,183,183,204,204,129,79,93,136,136,136,161,176,192,235,36,36,36,160,160,175,190,19,40,40,40,40],"floor_reached":41,"playtime":4006,"items_purged":["Strike_R","Strike_R","Strike_R","Defend_R","Defend_R"],"score":513,"play_id":"f92133ff-92a7-4a01-a120-98939b2b47cb","local_time":"20190701232514","is_ascension_mode":true,"campfire_choices":[{"data":"Bash","floor":6,"key":"SMITH"},{"data":"Whirlwind","floor":15,"key":"SMITH"},{"floor":25,"key":"REST"},{"floor":32,"key":"REST"},{"floor":40,"key":"REST"}],"neow_cost":"NONE","seed_source_timestamp":365269881040247,"circlet_count":0,"master_deck":["Defend_R+1","Bash+1","Bludgeon","Cleave","Carnage","Carnage","Corruption","Second Wind+1","Entrench","Whirlwind+1","Dark Embrace","Seeing Red","Inflame+1","Evolve","Inflame","Double Tap","Warcry+1","Havoc+1","Feed","Havoc+1","Dark Shackles"],"relics":["Black Blood","Smiling Mask","Golden Idol","Tiny Chest","Pantograph","Pear","Mark of Pain","Charon\u0027s Ashes","Pen Nib","War Paint"],"potions_floor_usage":[16,16,23,29,29,31,33,35,38,38,41],"damage_taken":[{"damage":11,"enemies":"2 Louse","floor":1,"turns":3},{"damage":6,"enemies":"Small Slimes","floor":2,"turns":2},{"damage":14,"enemies":"Gremlin Nob","floor":7,"turns":3},{"damage":12,"enemies":"Jaw Worm","floor":10,"turns":3},{"damage":16,"enemies":"Blue Slaver","floor":11,"turns":3},{"damage":7,"enemies":"Large Slime","floor":13,"turns":6},{"damage":9,"enemies":"3 Sentries","floor":14,"turns":6},{"damage":36,"enemies":"Slime Boss","floor":16,"turns":9},{"damage":14,"enemies":"Chosen","floor":18,"turns":4},{"damage":11,"enemies":"Spheric Guardian","floor":22,"turns":3},{"damage":61,"enemies":"Slavers","floor":23,"turns":7},{"damage":29,"enemies":"3 Cultists","floor":27,"turns":5},{"damage":15,"enemies":"Snecko","floor":28,"turns":4},{"damage":23,"enemies":"Book of Stabbing","floor":29,"turns":4},{"damage":0,"enemies":"Sentry and Sphere","floor":31,"turns":1},{"damage":12,"enemies":"Collector","floor":33,"turns":6},{"damage":57,"enemies":"3 Darklings","floor":35,"turns":4},{"damage":0,"enemies":"3 Shapes","floor":36,"turns":1},{"damage":38,"enemies":"Transient","floor":38,"turns":5},{"damage":53,"enemies":"Giant Head","floor":41,"turns":6}],"seed_played":"-3375149453094861441","potions_obtained":[{"floor":2,"key":"Dexterity Potion"},{"floor":10,"key":"Strength Potion"},{"floor":18,"key":"BloodPotion"},{"floor":28,"key":"FearPotion"},{"floor":33,"key":"SkillPotion"},{"floor":38,"key":"SteroidPotion"}],"is_trial":false,"path_per_floor":["M","M","?","?","?","R","E","$","T","M","M","$","M","E","R","B",null,"M","?","?","$","M","E","?","R","T","M","M","E","$","M","R","B",null,"M","M","$","M","?","R","E"],"character_chosen":"IRONCLAD","items_purchased":["Corruption","Weak Potion","SmokeBomb","Strength Potion","EssenceOfSteel","SteroidPotion"],"campfire_rested":3,"item_purchase_floors":[8,8,30,30,37,37],"current_hp_per_floor":[75,75,63,63,63,63,55,55,55,49,39,39,38,45,45,40,84,76,76,76,76,71,37,37,62,62,39,30,13,13,19,44,63,84,37,47,47,19,19,44,0],"gold":40,"neow_bonus":"ONE_RANDOM_RARE_CARD","is_prod":false,"is_daily":false,"chose_seed":false,"campfire_upgraded":2,"win_rate":0,"timestamp":1562041514,"path_taken":["M","M","?","?","?","R","E","?","T","M","M","$","?","E","R","BOSS","M","?","?","?","M","E","?","R","T","M","M","E","$","M","R","BOSS","M","?","$","M","?","R","E"],"build_version":"2019-07-01","purchased_purges":5,"victory":false,"max_hp_per_floor":[80,80,80,80,74,74,74,74,74,74,74,74,74,84,84,84,84,84,84,84,84,84,84,84,84,84,84,84,84,84,84,84,84,84,84,84,84,84,84,84,84],"card_choices":[{"not_picked":["Thunderclap","True Grit"],"picked":"Cleave","floor":1},{"not_picked":["Clothesline","Heavy Blade"],"picked":"Carnage","floor":2},{"not_picked":["Dual Wield","Twin Strike"],"picked":"Carnage","floor":7},{"not_picked":["Hemokinesis","Pommel Strike"],"picked":"Second Wind","floor":10},{"not_picked":["Pommel Strike","True Grit"],"picked":"Entrench","floor":11},{"not_picked":["Ghostly Armor","Rage"],"picked":"Whirlwind","floor":13},{"not_picked":["True Grit","Pommel Strike","Reckless Charge"],"picked":"SKIP","floor":14},{"not_picked":["Berserk","Impervious"],"picked":"Dark Embrace","floor":16},{"not_picked":["Cleave+1","Body Slam","Warcry"],"picked":"SKIP","floor":18},{"not_picked":["Clothesline","Battle Trance+1"],"picked":"Inflame+1","floor":22},{"not_picked":["Inflame","Headbutt"],"picked":"Evolve","floor":23},{"not_picked":["Perfected Strike","Body Slam+1"],"picked":"Double Tap","floor":27},{"not_picked":["Shockwave","Clothesline+1"],"picked":"Warcry+1","floor":28},{"not_picked":["Offering","Infernal Blade"],"picked":"Havoc+1","floor":29},{"not_picked":["Dark Embrace","Bludgeon"],"picked":"Feed","floor":33},{"not_picked":["Thunderclap","Infernal Blade+1"],"picked":"Havoc+1","floor":35},{"not_picked":["Flame Barrier","Sword Boomerang","Blood for Blood"],"picked":"SKIP","floor":36},{"not_picked":["Sword Boomerang","Entrench","Warcry+1"],"picked":"SKIP","floor":38},{"not_picked":["Discovery","Mind Blast"],"picked":"Dark Shackles","floor":39}],"player_experience":304526,"relics_obtained":[{"floor":7,"key":"Tiny Chest"},{"floor":9,"key":"Pantograph"},{"floor":14,"key":"Pear"},{"floor":23,"key":"Charon\u0027s Ashes"},{"floor":26,"key":"Pen Nib"},{"floor":29,"key":"War Paint"}],"event_choices":[{"damage_healed":0,"gold_gain":0,"player_choice":"Success","damage_taken":12,"relics_obtained":["Smiling Mask"],"max_hp_gain":0,"max_hp_loss":0,"event_name":"Scrap Ooze","floor":3,"gold_loss":0},{"cards_removed":["Strike_R"],"damage_healed":0,"gold_gain":0,"player_choice":"Forget","damage_taken":0,"max_hp_gain":0,"max_hp_loss":0,"event_name":"Living Wall","floor":4,"gold_loss":0},{"damage_healed":0,"gold_gain":0,"player_choice":"Lose Max HP","damage_taken":0,"relics_obtained":["Golden Idol"],"max_hp_gain":0,"max_hp_loss":6,"event_name":"Golden Idol","floor":5,"gold_loss":0},{"damage_healed":0,"gold_gain":0,"player_choice":"Read","damage_taken":0,"max_hp_gain":0,"max_hp_loss":0,"event_name":"The Library","floor":19,"gold_loss":0,"cards_obtained":["Seeing Red"]},{"cards_removed":["Strike_R"],"damage_healed":0,"gold_gain":0,"player_choice":"Gave Gold","damage_taken":0,"max_hp_gain":0,"max_hp_loss":0,"event_name":"Beggar","floor":20,"gold_loss":75},{"damage_healed":0,"gold_gain":0,"cards_transformed":["Defend_R"],"player_choice":"Transformed","damage_taken":0,"max_hp_gain":0,"max_hp_loss":0,"event_name":"Transmorgrifier","floor":24,"gold_loss":0,"cards_obtained":["Inflame"]},{"damage_healed":0,"gold_gain":0,"player_choice":"Memory 1","damage_taken":0,"max_hp_gain":0,"max_hp_loss":0,"event_name":"SensoryStone","floor":39,"gold_loss":0}],"is_beta":false,"boss_relics":[{"not_picked":["Fusion Hammer","Busted Crown"],"picked":"Mark of Pain"},{"not_picked":["Black Star","White Beast Statue"],"picked":"Black Blood"}],"items_purged_floors":[8,12,21,30,37],"is_endless":false,"potions_floor_spawned":[2,10,14,18,28,31,33,38],"killed_by":"Giant Head","ascension_level":2}