{"gold_per_floor":[119,119,119,44,58,58,78,78,78,108,8,8,8,21,21,121,121,137,148,166,215,241,268,268,283,283,3,65,65,65,77,77,176,176,187,204,214,268,143,143,443,462,462,493,512,531,531,531,531,531],"floor_reached":50,"playtime":1839,"items_purged":["Regret","Defend_G","Caltrops"],"score":782,"play_id":"54c08530-e0b6-4a66-a486-7365ecda91f1","local_time":"20181012193620","is_ascension_mode":true,"campfire_choices":[{"data":"Neutralize","floor":6,"key":"SMITH"},{"data":"Survivor","floor":8,"key":"SMITH"},{"floor":15,"key":"REST"},{"data":"Die Die Die","floor":24,"key":"SMITH"},{"floor":30,"key":"REST"},{"data":"Masterful Stab","floor":32,"key":"SMITH"},{"floor":40,"key":"DIG"},{"floor":47,"key":"DIG"},{"floor":49,"key":"REST"}],"neow_cost":"NONE","seed_source_timestamp":129702642196800,"circlet_count":0,"master_deck":["Defend_G","Defend_G","Defend_G","Strike_G","Strike_G","Survivor+1","Neutralize+1","Quick Slash","Terror+1","Heel Hook","Dagger Spray","Die Die Die+1","Cloak And Dagger+1","Masterful Stab+1","Deflect+1","Accuracy+1","Backstab+1","Masterful Stab","Unload","Masterful Stab+1","Backflip","Unload","Backflip","Blade Dance","Backstab"],"relics":["Lizard Tail","Darkstone Periapt","Bird Faced Urn","Ornamental Fan","Astrolabe","Bag of Marbles","Red Mask","Gremlin Horn","Ninja Scroll","ClockworkSouvenir","Tiny Chest","Sozu","Shovel","Peace Pipe","PreservedInsect","Meat on the Bone","Snake Skull"],"potions_floor_usage":[10,14,18,20,23,33,33,38],"damage_taken":[{"damage":18,"enemies":"Jaw Worm","floor":1,"turns":5},{"damage":0,"enemies":"Cultist","floor":5,"turns":4},{"damage":7,"enemies":"Small Slimes","floor":7,"turns":3},{"damage":19,"enemies":"Lagavulin","floor":10,"turns":6},{"damage":7,"enemies":"Looter","floor":14,"turns":4},{"damage":53,"enemies":"The Guardian","floor":16,"turns":16},{"damage":0,"enemies":"Spheric Guardian","floor":18,"turns":4},{"damage":12,"enemies":"Shell Parasite","floor":19,"turns":3},{"damage":0,"enemies":"Shelled Parasite and Fungi","floor":20,"turns":3},{"damage":12,"enemies":"Masked Bandits","floor":22,"turns":3},{"damage":8,"enemies":"Book of Stabbing","floor":23,"turns":4},{"damage":0,"enemies":"Chosen and Byrds","floor":25,"turns":3},{"damage":0,"enemies":"Slavers","floor":28,"turns":2},{"damage":0,"enemies":"Snecko","floor":31,"turns":2},{"damage":0,"enemies":"Automaton","floor":33,"turns":6},{"damage":0,"enemies":"3 Darklings","floor":35,"turns":2},{"damage":0,"enemies":"Orb Walker","floor":36,"turns":2},{"damage":38,"enemies":"Reptomancer","floor":37,"turns":3},{"damage":0,"enemies":"Mysterious Sphere","floor":38,"turns":3},{"damage":0,"enemies":"Spire Growth","floor":42,"turns":3},{"damage":0,"enemies":"2 Orb Walkers","floor":44,"turns":2},{"damage":0,"enemies":"Maw","floor":45,"turns":4},{"damage":0,"enemies":"Transient","floor":46,"turns":5},{"damage":90,"enemies":"Donu and Deca","floor":50,"turns":6}],"seed_played":"-5378201404480649727","potions_obtained":[{"floor":7,"key":"AttackPotion"},{"floor":10,"key":"SkillPotion"},{"floor":16,"key":"Block Potion"},{"floor":18,"key":"LiquidBronze"},{"floor":22,"key":"PowerPotion"},{"floor":31,"key":"PowerPotion"},{"floor":33,"key":"GamblersBrew"}],"is_trial":false,"path_per_floor":["M","?","?","$","M","R","M","R","T","E","$","?","?","M","R","B",null,"M","M","M","T","?","E","R","M","T","$","E","?","R","M","R","B",null,"M","M","M","?","$","R","?","M","T","E","M","M","R","?","R"],"character_chosen":"THE_SILENT","items_purchased":["ClockworkSouvenir","Masterful Stab","Block Potion"],"campfire_rested":3,"item_purchase_floors":[27,27,27],"current_hp_per_floor":[52,52,58,58,58,58,51,51,51,32,32,32,32,25,47,32,76,76,66,66,66,58,56,56,58,58,58,60,46,70,70,70,76,81,81,81,43,47,47,47,47,49,49,49,51,53,53,53,76,0],"gold":531,"neow_bonus":"BOSS_RELIC","is_prod":false,"is_daily":false,"chose_seed":false,"campfire_upgraded":4,"win_rate":0,"timestamp":1539362180,"path_taken":["M","?","?","$","M","R","M","R","T","E","$","?","?","?","R","BOSS","M","?","?","?","?","E","R","M","T","$","E","?","R","M","R","BOSS","M","?","M","?","$","R","?","?","T","E","M","?","R","?","R","BOSS"],"build_version":"2018-10-11","purchased_purges":3,"victory":false,"max_hp_per_floor":[70,70,76,76,76,76,76,76,76,76,76,76,76,76,76,76,76,76,76,76,76,76,76,76,76,76,76,76,81,81,81,81,81,81,81,81,81,81,81,81,81,81,81,81,81,81,81,77,77,77],"card_choices":[{"not_picked":["Flechettes","Acrobatics"],"picked":"Quick Slash","floor":1},{"not_picked":["Acrobatics","Reflex"],"picked":"Terror","floor":5},{"not_picked":["Dash","Flying Knee"],"picked":"Heel Hook","floor":7},{"not_picked":["Setup","Finisher","Acrobatics"],"picked":"SKIP","floor":10},{"not_picked":["Bane","Blade Dance"],"picked":"Dagger Spray","floor":14},{"not_picked":["Grand Finale","Bullet Time"],"picked":"Die Die Die","floor":16},{"not_picked":["Infinite Blades","Crippling Poison"],"picked":"Accuracy+1","floor":18},{"not_picked":["Slice","Deflect"],"picked":"Backstab+1","floor":19},{"not_picked":["Deflect","Finisher"],"picked":"Caltrops","floor":20},{"not_picked":["Crippling Poison+1","Dagger Throw"],"picked":"Masterful Stab","floor":22},{"not_picked":["Blade Dance","Dagger Spray"],"picked":"Unload","floor":23},{"not_picked":["Well Laid Plans","All Out Attack","Prepared"],"picked":"SKIP","floor":25},{"not_picked":["Crippling Poison","Dagger Throw","Bane"],"picked":"SKIP","floor":28},{"not_picked":["Deflect","Poisoned Stab+1"],"picked":"Backflip","floor":31},{"not_picked":["Night Terror","Doppelganger"],"picked":"Unload","floor":33},{"not_picked":["Dagger Throw","Terror+1"],"picked":"Backflip","floor":35},{"not_picked":["Leg Sweep","Escape Plan"],"picked":"Blade Dance","floor":36},{"not_picked":["Distraction","Escape Plan+1"],"picked":"Backstab","floor":37},{"not_picked":["Bane+1","Doppelganger","Slice"],"picked":"SKIP","floor":42},{"not_picked":["Quick Slash","Underhanded Strike+1","Poisoned Stab"],"picked":"SKIP","floor":44},{"not_picked":["Dodge and Roll+1","Deflect+1","Prepared+1"],"picked":"SKIP","floor":45},{"not_picked":["Acrobatics+1","Sucker Punch+1","Outmaneuver+1"],"picked":"SKIP","floor":46}],"player_experience":434752,"relics_obtained":[{"floor":9,"key":"Bird Faced Urn"},{"floor":10,"key":"Ornamental Fan"},{"floor":21,"key":"Bag of Marbles"},{"floor":22,"key":"Red Mask"},{"floor":23,"key":"Gremlin Horn"},{"floor":26,"key":"Ninja Scroll"},{"floor":28,"key":"Tiny Chest"},{"floor":38,"key":"Shovel"},{"floor":40,"key":"Peace Pipe"},{"floor":43,"key":"PreservedInsect"},{"floor":44,"key":"Meat on the Bone"},{"floor":47,"key":"Snake Skull"}],"event_choices":[{"event_name":"Bonfire Elementals","player_choice":"BASIC","floor":2,"damage_taken":0},{"event_name":"Big Fish","player_choice":"Box","floor":3,"damage_taken":0},{"event_name":"Match and Keep!","player_choice":"0 cards matched","floor":12,"damage_taken":0},{"event_name":"Living Wall","player_choice":"Grow","floor":13,"damage_taken":0},{"event_name":"Masked Bandits","player_choice":"Fought Bandits","floor":22,"damage_taken":0},{"event_name":"Forgotten Altar","player_choice":"Shed Blood","floor":29,"damage_taken":0},{"event_name":"Mysterious Sphere","player_choice":"Fight","floor":38,"damage_taken":0},{"event_name":"Wheel of Change","player_choice":"Gold","floor":41,"damage_taken":0},{"event_name":"Winding Halls","player_choice":"Max HP","floor":48,"damage_taken":0}],"is_beta":false,"boss_relics":[{"not_picked":["Coffee Dripper","Black Star"],"picked":"Astrolabe"},{"not_picked":["Snecko Eye","Pandora\u0027s Box"],"picked":"Sozu"}],"items_purged_floors":[4,11,39],"is_endless":false,"potions_floor_spawned":[7,10,16,18,22,31,33,35,36,42,44,46],"killed_by":"Donu and Deca","ascension_level":4}