{"gold_per_floor":[113,133,83,101,101,101,174,213,213,251,274,0,0,31,31,31],"floor_reached":16,"playtime":1064,"items_purged":["Strike_G"],"score":142,"play_id":"cf2cd2d4-5969-4221-8450-87b09e2b113d","local_time":"20181018094732","is_ascension_mode":true,"campfire_choices":[{"data":"Sucker Punch","floor":6,"key":"SMITH"},{"floor":13,"key":"REST"},{"data":"Terror","floor":15,"key":"SMITH"}],"neow_cost":"NONE","seed_source_timestamp":613541082292400,"circlet_count":0,"master_deck":["Defend_G","Defend_G","Defend_G","Defend_G","Defend_G","Strike_G","Strike_G","Strike_G","Survivor","Neutralize","Dagger Spray","Sucker Punch+1","Sucker Punch","Noxious Fumes","Caltrops","Terror+1","Storm of Steel"],"relics":["White Beast Statue","Golden Idol","Meat on the Bone","Paper Crane","Ninja Scroll","Anchor","Toy Ornithopter","Strawberry"],"potions_floor_usage":[2,7,7,8,8,10,14,16,16],"damage_taken":[{"damage":1,"enemies":"Small Slimes","floor":1,"turns":4},{"damage":0,"enemies":"Jaw Worm","floor":2,"turns":4},{"damage":2,"enemies":"Cultist","floor":4,"turns":4},{"damage":31,"enemies":"3 Sentries","floor":7,"turns":8},{"damage":38,"enemies":"Lagavulin","floor":8,"turns":7},{"damage":5,"enemies":"Gremlin Nob","floor":10,"turns":3},{"damage":5,"enemies":"3 Louse","floor":11,"turns":2},{"damage":16,"enemies":"Lagavulin","floor":14,"turns":5},{"damage":69,"enemies":"Slime Boss","floor":16,"turns":11}],"seed_played":"7985297086685544521","potions_obtained":[{"floor":1,"key":"FearPotion"},{"floor":2,"key":"Regen Potion"},{"floor":4,"key":"Swift Potion"},{"floor":7,"key":"Fire Potion"},{"floor":7,"key":"Regen Potion"},{"floor":8,"key":"SteroidPotion"},{"floor":10,"key":"Swift Potion"},{"floor":11,"key":"Weak Potion"},{"floor":14,"key":"EssenceOfSteel"}],"is_trial":false,"path_per_floor":["M","M","?","M","?","R","?","E","T","E","M","$","R","E","R"],"character_chosen":"THE_SILENT","items_purchased":["Toy Ornithopter"],"campfire_rested":1,"item_purchase_floors":[12],"current_hp_per_floor":[69,69,69,67,50,50,46,35,35,42,37,37,58,54,54,0],"gold":31,"neow_bonus":"BOSS_RELIC","is_prod":false,"is_daily":false,"chose_seed":false,"campfire_upgraded":2,"win_rate":0,"timestamp":1539845252,"path_taken":["M","M","?","?","?","R","?","E","T","E","M","$","R","E","R","BOSS"],"build_version":"2018-10-11","purchased_purges":1,"victory":false,"max_hp_per_floor":[70,70,70,70,70,70,70,70,70,70,70,70,70,77,77,77],"card_choices":[{"not_picked":["Predator","Deflect","Slice"],"picked":"SKIP","floor":1},{"not_picked":["Cloak And Dagger","PiercingWail"],"picked":"Dagger Spray","floor":2},{"not_picked":["Slice","Deflect"],"picked":"Sucker Punch","floor":4},{"not_picked":["Poisoned Stab","Grand Finale"],"picked":"Sucker Punch","floor":7},{"not_picked":["Deflect","Prepared"],"picked":"Noxious Fumes","floor":8},{"not_picked":["Bane","Dodge and Roll"],"picked":"Caltrops","floor":10},{"not_picked":["Deadly Poison","Dagger Throw"],"picked":"Terror","floor":11},{"not_picked":["Dash","Cloak And Dagger"],"picked":"Storm of Steel","floor":14}],"player_experience":440892,"relics_obtained":[{"floor":8,"key":"Paper Crane"},{"floor":9,"key":"Ninja Scroll"},{"floor":10,"key":"Anchor"},{"floor":14,"key":"Strawberry"}],"event_choices":[{"event_name":"The Cleric","player_choice":"Card Removal","floor":3,"damage_taken":0},{"event_name":"Golden Idol","player_choice":"Take Damage","floor":5,"damage_taken":0},{"event_name":"Dead Adventurer","player_choice":"Searched \u00272\u0027 times","floor":7,"damage_taken":0}],"is_beta":false,"boss_relics":[],"items_purged_floors":[12],"is_endless":false,"potions_floor_spawned":[1,2,4,7,7,8,10,11,14],"killed_by":"Slime Boss","ascension_level":4}