{"path_per_floor":["M","?","$","?","M","R","?","E","T","E","R","M","E","?","R","B",null,"M","?","M","$","M","R","E","R","T","E","?","R","M","M","R","B",null,"M","M","?","?","$","R","E","R","T","T","M","M","E","M","R","B"],"character_chosen":"IRONCLAD","items_purchased":["Whirlwind","Du-Vu Doll","Omamori","Strength Potion"],"gold_per_floor":[114,114,39,39,52,52,52,87,110,136,136,146,178,178,178,280,280,298,298,312,1,21,21,53,53,53,87,87,87,103,117,117,215,215,234,249,249,295,15,15,40,40,40,40,58,78,106,121,121,121],"floor_reached":51,"campfire_rested":3,"playtime":1536,"current_hp_per_floor":[80,80,80,80,80,80,85,85,85,25,50,65,55,55,80,45,75,66,66,58,58,60,60,62,62,69,69,53,53,35,37,64,65,85,83,92,92,87,87,87,84,84,84,84,91,92,92,92,92,57],"items_purged":["Defend_R"],"gold":121,"score":1176,"play_id":"b3744e36-71f8-4af5-b7c4-da0feb947c91","local_time":"20180412202350","is_prod":false,"is_daily":false,"is_ascension_mode":true,"campfire_upgraded":6,"timestamp":1523553830,"path_taken":["M","?","$","?","M","R","?","E","T","E","R","M","E","?","R","BOSS","M","?","M","$","M","R","E","R","T","E","?","R","?","M","R","BOSS","M","M","?","?","?","R","E","R","T","?","?","M","E","M","R","BOSS"],"build_version":"2018-04-05v2","purchased_purges":1,"victory":true,"master_deck":["Strike_R","Strike_R","Defend_R","Defend_R+1","Defend_R+1","Bash","Cleave","Whirlwind+1","Shockwave+1","Thunderclap","Metallicize","Offering+1","Double Tap+1","Doubt","Demon Form+1","Shrug It Off","Reaper","Injury","Regret","Regret","Impervious+1","Seeing Red+1","Limit Break"],"max_hp_per_floor":[80,80,80,80,80,80,85,85,85,85,85,85,85,85,85,85,85,85,85,85,85,85,85,85,85,92,92,92,92,92,92,92,92,92,92,92,92,92,92,92,92,92,92,92,92,92,92,92,92,92],"relics":["Burning Blood","NeowsBlessing","Unceasing Top","War Paint","Bag of Preparation","Matryoshka","Cursed Key","Blue Candle","Du-Vu Doll","Happy Flower","Ice Cream","Strawberry","Lantern","Enchiridion","Calling Bell","Anchor","Prayer Wheel","Question Card","Calipers","Omamori","Charon\u0027s Ashes","Vajra","Peace Pipe","Shovel","Ornamental Fan","Art of War"],"card_choices":[{"not_picked":["Armaments","Wild Strike"],"picked":"Cleave","floor":1},{"not_picked":["Havoc","Rupture"],"picked":"Shockwave","floor":10},{"not_picked":["Fire Breathing","Twin Strike"],"picked":"Thunderclap","floor":13},{"not_picked":["Immolate","Double Tap"],"picked":"Offering","floor":16},{"not_picked":["Perfected Strike","Hemokinesis"],"picked":"Double Tap","floor":22},{"not_picked":["Impervious","Cleave"],"picked":"Demon Form","floor":27},{"not_picked":["Havoc","Cleave"],"picked":"Shrug It Off","floor":30},{"not_picked":["Berserk","Feed"],"picked":"Reaper","floor":33},{"not_picked":["Inflame","Carnage","Wild Strike"],"picked":"Impervious","floor":38},{"not_picked":["Carnage","Fiend Fire","Corruption"],"picked":"Seeing Red","floor":41},{"not_picked":["Infernal Blade","Bloodletting","Twin Strike"],"picked":"Limit Break","floor":48}],"player_experience":199646,"potions_floor_usage":[12,13,16,27,33,33,35,36,47,47,50],"damage_taken":[{"damage":0,"enemies":"2 Louse","floor":1,"turns":1},{"damage":0,"enemies":"Small Slimes","floor":5,"turns":1},{"damage":0,"enemies":"Gremlin Nob","floor":8,"turns":1},{"damage":66,"enemies":"Lagavulin","floor":10,"turns":7},{"damage":6,"enemies":"Jaw Worm","floor":12,"turns":6},{"damage":16,"enemies":"Gremlin Nob","floor":13,"turns":3},{"damage":41,"enemies":"Slime Boss","floor":16,"turns":11},{"damage":15,"enemies":"2 Thieves","floor":18,"turns":2},{"damage":14,"enemies":"Spheric Guardian","floor":20,"turns":5},{"damage":4,"enemies":"3 Cultists","floor":22,"turns":3},{"damage":4,"enemies":"Gremlin Leader","floor":24,"turns":4},{"damage":6,"enemies":"Slavers","floor":27,"turns":2},{"damage":24,"enemies":"Snake Plant","floor":30,"turns":2},{"damage":4,"enemies":"Cultist and Chosen","floor":31,"turns":3},{"damage":5,"enemies":"Collector","floor":33,"turns":7},{"damage":8,"enemies":"3 Shapes","floor":35,"turns":2},{"damage":12,"enemies":"Orb Walker","floor":36,"turns":3},{"damage":17,"enemies":"Mysterious Sphere","floor":38,"turns":3},{"damage":9,"enemies":"2 Orb Walkers","floor":41,"turns":2},{"damage":7,"enemies":"Maw","floor":45,"turns":4},{"damage":5,"enemies":"4 Shapes","floor":46,"turns":1},{"damage":3,"enemies":"Nemesis","floor":47,"turns":3},{"damage":7,"enemies":"3 Darklings","floor":48,"turns":2},{"damage":41,"enemies":"Time Eater","floor":50,"turns":4}],"event_choices":[{"event_name":"Living Wall","player_choice":"Forget","floor":2,"damage_taken":0},{"event_name":"Purifier","player_choice":"One Purge","floor":4,"damage_taken":0},{"event_name":"Big Fish","player_choice":"Donut","floor":7,"damage_taken":0},{"event_name":"Match and Keep!","player_choice":"1 cards matched","floor":14,"damage_taken":0},{"event_name":"The Mausoleum","player_choice":"Yes","floor":19,"damage_taken":0},{"event_name":"Cursed Tome","player_choice":"Obtained Book","floor":28,"damage_taken":0},{"event_name":"Mysterious Sphere","player_choice":"Fight","floor":38,"damage_taken":0}],"boss_relics":[{"not_picked":["White Beast Statue","Black Star"],"picked":"Cursed Key"},{"not_picked":["Philosopher\u0027s Stone","Runic Cube"],"picked":"Calling Bell"}],"potions_floor_spawned":[10,12,13,16,24,30,31,33,38,41,48],"seed_played":"-4952005973474275391","ascension_level":5,"is_trial":false}