{"gold_per_floor":[217,229,229,241,260,260,277,295,295,295,2,13,68,83,83,182,182,199,218,232,247,265,265,300,300,300,319,319,336,336,349,349,447,447,460,22,34,48,148,148],"floor_reached":40,"playtime":4462,"items_purged":["Regret"],"score":508,"play_id":"833b283a-fcb9-4a78-8424-c5f278969846","local_time":"20190518015056","is_ascension_mode":false,"campfire_choices":[{"data":"Dualcast","floor":6,"key":"SMITH"},{"floor":10,"key":"REST"},{"floor":15,"key":"REST"},{"floor":23,"key":"REST"},{"floor":25,"key":"REST"},{"data":"Reinforced Body","floor":28,"key":"SMITH"},{"floor":30,"key":"REST"},{"data":"Defragment","floor":32,"key":"SMITH"}],"neow_cost":"NONE","seed_source_timestamp":5427782399047,"circlet_count":0,"master_deck":["Strike_B","Defend_B","Defend_B","Defend_B","Defend_B","Zap","Dualcast+1","Cold Snap","Skim","Ball Lightning","Cold Snap","Cold Snap","Sweeping Beam","Defragment+1","Cold Snap+1","Consume","Streamline+1","Core Surge+1","Core Surge+1","Undo+1","Recycle+1","Turbo","Reinforced Body+1","Undo+1","Meteor Strike+1","Regret","Parasite","Mayhem","Chill+1"],"relics":["Cracked Core","Ancient Tea Set","Molten Egg 2","Singing Bowl","Oddly Smooth Stone","Astrolabe","Torii","Potion Belt","Calling Bell","PreservedInsect","Ornamental Fan","FossilizedHelix","Membership Card","Meat on the Bone","Thread and Needle"],"potions_floor_usage":[13,16,16,20,24,24,33,35,39,40],"damage_taken":[{"damage":1,"enemies":"Jaw Worm","floor":1,"turns":3},{"damage":1,"enemies":"2 Louse","floor":2,"turns":4},{"damage":0,"enemies":"Small Slimes","floor":4,"turns":2},{"damage":10,"enemies":"Looter","floor":5,"turns":3},{"damage":16,"enemies":"Exordium Thugs","floor":7,"turns":4},{"damage":2,"enemies":"3 Louse","floor":8,"turns":3},{"damage":5,"enemies":"Exordium Wildlife","floor":12,"turns":4},{"damage":9,"enemies":"3 Sentries","floor":13,"turns":6},{"damage":2,"enemies":"Looter","floor":14,"turns":3},{"damage":3,"enemies":"The Guardian","floor":16,"turns":10},{"damage":8,"enemies":"Chosen","floor":18,"turns":4},{"damage":7,"enemies":"Spheric Guardian","floor":19,"turns":3},{"damage":9,"enemies":"3 Cultists","floor":20,"turns":6},{"damage":9,"enemies":"Snecko","floor":21,"turns":5},{"damage":9,"enemies":"Chosen and Byrds","floor":22,"turns":7},{"damage":21,"enemies":"Slavers","floor":24,"turns":5},{"damage":14,"enemies":"Centurion and Healer","floor":27,"turns":6},{"damage":0,"enemies":"Snecko","floor":29,"turns":5},{"damage":3,"enemies":"3 Cultists","floor":31,"turns":8},{"damage":46,"enemies":"Champ","floor":33,"turns":23},{"damage":35,"enemies":"3 Darklings","floor":35,"turns":8},{"damage":0,"enemies":"Orb Walker","floor":37,"turns":4},{"damage":46,"enemies":"3 Darklings","floor":38,"turns":11},{"damage":12,"enemies":"Mind Bloom Boss Battle","floor":39,"turns":12},{"damage":48,"enemies":"Giant Head","floor":40,"turns":10}],"seed_played":"494776698314793861","potions_obtained":[{"floor":1,"key":"FocusPotion"},{"floor":2,"key":"Ancient Potion"},{"floor":7,"key":"Block Potion"},{"floor":14,"key":"Poison Potion"},{"floor":18,"key":"Weak Potion"},{"floor":21,"key":"EssenceOfSteel"},{"floor":29,"key":"Dexterity Potion"},{"floor":33,"key":"Explosive Potion"},{"floor":38,"key":"Poison Potion"},{"floor":39,"key":"Regen Potion"}],"is_trial":false,"path_per_floor":["M","M","?","M","M","R","M","M","T","R","$","M","?","M","R","B",null,"M","M","M","M","M","R","E","R","T","M","R","M","R","M","R","B",null,"M","$","M","M","?","E"],"character_chosen":"DEFECT","items_purchased":["Singing Bowl","Defragment","Membership Card","Meat on the Bone","Mayhem"],"campfire_rested":5,"item_purchase_floors":[11,11,36,36,36],"current_hp_per_floor":[74,73,55,55,45,45,29,27,27,49,49,44,35,33,55,52,75,67,60,53,44,37,60,41,65,65,53,53,55,80,79,79,33,87,54,54,56,22,24,0],"gold":148,"neow_bonus":"HUNDRED_GOLD","is_prod":false,"is_daily":false,"chose_seed":false,"campfire_upgraded":3,"win_rate":0,"timestamp":1558162256,"path_taken":["M","M","?","M","M","R","M","M","T","R","$","M","?","M","R","BOSS","M","M","M","M","M","R","E","R","T","M","R","M","R","M","R","BOSS","M","$","M","M","?","E"],"build_version":"2019-01-23","purchased_purges":1,"victory":false,"max_hp_per_floor":[75,75,75,75,75,75,75,75,75,75,75,75,75,75,75,75,75,75,75,77,77,79,79,81,81,81,83,83,85,85,87,87,87,87,89,89,91,91,93,93],"card_choices":[{"not_picked":["Hologram","Streamline"],"picked":"Cold Snap","floor":1},{"not_picked":["White Noise","Barrage"],"picked":"Skim","floor":2},{"not_picked":["Undo","Reinforced Body"],"picked":"Ball Lightning","floor":4},{"not_picked":["Turbo","Hologram"],"picked":"Cold Snap","floor":5},{"not_picked":["Conserve Battery","Rainbow"],"picked":"Cold Snap","floor":7},{"not_picked":["Stack","Gash"],"picked":"Sweeping Beam","floor":8},{"not_picked":["Turbo","Machine Learning"],"picked":"Cold Snap+1","floor":12},{"not_picked":["BootSequence","Rebound+1"],"picked":"Consume","floor":13},{"not_picked":["Consume","Capacitor"],"picked":"Streamline+1","floor":14},{"not_picked":["Multi-Cast","Reboot"],"picked":"Core Surge+1","floor":16},{"not_picked":["Ball Lightning+1","Hologram"],"picked":"Turbo","floor":18},{"not_picked":["Scrape+1","Loop"],"picked":"Reinforced Body","floor":19},{"not_picked":["Darkness","Sweeping Beam+1","Stack"],"picked":"Singing Bowl","floor":20},{"not_picked":["Cold Snap+1","Sunder+1"],"picked":"Undo+1","floor":21},{"not_picked":["Barrage+1","Fusion","Rip and Tear+1"],"picked":"Singing Bowl","floor":22},{"not_picked":["Reboot","Leap","Steam"],"picked":"Singing Bowl","floor":24},{"not_picked":["Sweeping Beam+1","Cold Snap+1","Gash+1"],"picked":"Singing Bowl","floor":27},{"not_picked":["Stack+1","Heatsinks","Redo"],"picked":"Singing Bowl","floor":29},{"not_picked":["Sweeping Beam+1","Thunder Strike+1","Leap"],"picked":"Singing Bowl","floor":31},{"not_picked":["Electrodynamics","Rainbow"],"picked":"Meteor Strike+1","floor":33},{"not_picked":["Coolheaded","Loop+1","Compile Driver+1"],"picked":"Singing Bowl","floor":35},{"not_picked":["Hologram+1","Consume","Capacitor+1"],"picked":"Singing Bowl","floor":37},{"not_picked":["Hologram","Sweeping Beam+1"],"picked":"Chill+1","floor":38},{"not_picked":["Go for the Eyes+1","Chaos","Lockon+1"],"picked":"Singing Bowl","floor":39}],"player_experience":262400,"relics_obtained":[{"floor":9,"key":"Molten Egg 2"},{"floor":13,"key":"Oddly Smooth Stone"},{"floor":24,"key":"Torii"},{"floor":26,"key":"Potion Belt"},{"floor":34,"key":"PreservedInsect"},{"floor":34,"key":"Ornamental Fan"},{"floor":34,"key":"FossilizedHelix"},{"floor":39,"key":"Thread and Needle"}],"event_choices":[{"damage_healed":0,"gold_gain":0,"player_choice":"Success","damage_taken":18,"relics_obtained":["Ancient Tea Set"],"max_hp_gain":0,"max_hp_loss":0,"event_name":"Scrap Ooze","floor":3,"gold_loss":0},{"damage_healed":0,"gold_gain":0,"player_choice":"Searched \u00272\u0027 times","damage_taken":0,"max_hp_gain":0,"max_hp_loss":0,"event_name":"Dead Adventurer","floor":13,"gold_loss":0},{"damage_healed":0,"gold_gain":0,"player_choice":"Fight","damage_taken":0,"max_hp_gain":0,"max_hp_loss":0,"event_name":"MindBloom","floor":39,"gold_loss":0}],"is_beta":false,"boss_relics":[{"not_picked":["Snecko Eye","Runic Dome"],"picked":"Astrolabe"},{"not_picked":["Runic Pyramid","Fusion Hammer"],"picked":"Calling Bell"}],"items_purged_floors":[36],"is_endless":false,"potions_floor_spawned":[1,2,7,8,14,18,21,29,33,38,39],"killed_by":"Giant Head","ascension_level":0}