{"path_per_floor":["M","M","?","M","?","E","?","M","T","R","M","R","?","M","R","B",null,"M","M","M","?","$","E","T","R","T","M","M","R","E","M","R"],"character_chosen":"THE_SILENT","items_purchased":["Ninja Scroll"],"gold_per_floor":[110,127,127,142,142,173,173,183,230,230,248,248,248,268,268,364,364,380,394,414,414,101,128,128,128,205,217,235,235,270,290,290],"floor_reached":33,"campfire_rested":3,"playtime":5739,"current_hp_per_floor":[70,70,70,70,70,25,25,30,30,30,42,42,35,47,68,24,70,47,42,37,37,37,27,27,48,48,42,42,42,54,43,64],"items_purged":["Regret"],"gold":290,"score":289,"play_id":"47ecdb89-8f51-43b9-85d1-b0f50303e308","local_time":"20180307145431","is_prod":false,"is_daily":false,"is_ascension_mode":false,"campfire_upgraded":3,"timestamp":1520427271,"path_taken":["M","?","?","?","?","E","?","M","T","R","M","R","?","M","R","BOSS","M","M","?","?","?","E","?","R","T","M","M","R","E","M","R","BOSS"],"build_version":"2018-03-01-PROD1","purchased_purges":1,"victory":false,"master_deck":["Defend_G","Defend_G","Defend_G","Defend_G","Defend_G","Strike_G+1","Strike_G","Strike_G","Strike_G","Strike_G","Survivor","Neutralize","Dagger Spray+1","Skewer+1","Skewer","Backflip","Swift Strike","Distraction+1","Dagger Throw","Quick Slash+1","Dagger Throw+1","Masterful Stab+1","Backstab+1","Dagger Throw+1","Bouncing Flask+1","Poisoned Stab+1","Slice","Crippling Poison+1","Terror+1","Caltrops"],"max_hp_per_floor":[70,70,70,70,70,70,70,70,70,70,70,70,70,70,70,70,70,70,70,70,70,70,70,70,70,70,70,70,70,70,70,70],"relics":["Ring of the Snake","NeowsBlessing","Pen Nib","Pantograph","Meat on the Bone","Anchor","Mummified Hand","Astrolabe","Ninja Scroll","Whetstone","Sundial","Bottled Lightning","Bag of Marbles"],"card_choices":[{"not_picked":["Sucker Punch","Deflect"],"picked":"Dagger Spray"},{"not_picked":["Choke","Blade Dance"],"picked":"Skewer"},{"not_picked":["Reflex","Infinite Blades"],"picked":"Skewer"},{"not_picked":["Slice","Acrobatics"],"picked":"Backflip"},{"not_picked":["Dagger Spray","Backstab"],"picked":"Distraction"},{"not_picked":["Quick Slash","Slice"],"picked":"Dagger Throw"},{"not_picked":["Skewer","Reflex"],"picked":"Envenom"},{"not_picked":["Burst","A Thousand Cuts"],"picked":"Glass Knife"},{"not_picked":["Underhanded Strike","Deadly Poison"],"picked":"Backstab"},{"not_picked":["Deflect","Flying Knee"],"picked":"Dagger Throw"},{"not_picked":["Footwork","Choke"],"picked":"Bouncing Flask"},{"not_picked":["Bullet Time","Night Terror"],"picked":"Poisoned Stab"},{"not_picked":["Expertise","All Out Attack"],"picked":"Slice"},{"not_picked":["Flying Knee","Flechettes"],"picked":"Crippling Poison"},{"not_picked":["Deadly Poison","Underhanded Strike"],"picked":"Terror"},{"not_picked":["Bane","Calculated Gamble"],"picked":"Caltrops"}],"player_experience":25681,"potions_floor_usage":[6,16,18,23,27,30,30,33,33],"damage_taken":[{"damage":0,"enemies":"Cultist","floor":1,"turns":1},{"damage":0,"enemies":"2 Louse","floor":2,"turns":1},{"damage":0,"enemies":"Jaw Worm","floor":4,"turns":1},{"damage":45,"enemies":"Lagavulin","floor":6,"turns":6},{"damage":7,"enemies":"Red Slaver","floor":8,"turns":5},{"damage":0,"enemies":"Exordium Wildlife","floor":11,"turns":3},{"damage":0,"enemies":"Lots of Slimes","floor":14,"turns":1},{"damage":58,"enemies":"Slime Boss","floor":16,"turns":13},{"damage":29,"enemies":"Spheric Guardian","floor":18,"turns":4},{"damage":5,"enemies":"Chosen","floor":19,"turns":3},{"damage":5,"enemies":"Snake Plant","floor":20,"turns":4},{"damage":22,"enemies":"Book of Stabbing","floor":23,"turns":7},{"damage":6,"enemies":"Centurion and Healer","floor":27,"turns":4},{"damage":0,"enemies":"Snecko","floor":28,"turns":4},{"damage":3,"enemies":"Gremlin Leader","floor":30,"turns":7},{"damage":11,"enemies":"Snake Plant","floor":31,"turns":2},{"damage":76,"enemies":"Automaton","floor":33,"turns":6}],"event_choices":[{"event_name":"Big Fish","player_choice":"Box","floor":3,"damage_taken":0},{"event_name":"Accursed Blacksmith","player_choice":"Rummage","floor":5,"damage_taken":0},{"event_name":"Match and Keep!","player_choice":"2 cards matched","floor":7,"damage_taken":0},{"event_name":"Scrap Ooze","player_choice":"success","floor":13,"damage_taken":7},{"event_name":"The Lab","player_choice":"Got Potions","floor":21,"damage_taken":0}],"boss_relics":[{"not_picked":["Cursed Key","Ectoplasm"],"picked":"Astrolabe"}],"potions_floor_spawned":[2,8,16,18,23,28,30],"seed_played":"910166272555282835","killed_by":"Automaton","ascension_level":0,"is_trial":false}