{"gold_per_floor":[109,133,83,158,176,204,204,214,214,246,246,257,257,276,276,374,374,385,385,385,385,475,504,504,133,133,148,163,163,177,177,177,177],"floor_reached":33,"playtime":981,"items_purged":["Strike_B"],"score":298,"play_id":"7ac2cd89-ff9a-4aac-80f1-f65c1a2da414","local_time":"20190705124626","is_ascension_mode":false,"campfire_choices":[{"data":"Zap","floor":7,"key":"SMITH"},{"data":"Conserve Battery","floor":13,"key":"SMITH"},{"data":"Ball Lightning","floor":15,"key":"SMITH"},{"data":"Electrodynamics","floor":24,"key":"SMITH"},{"data":"Double Energy","floor":29,"key":"SMITH"},{"data":"Dualcast","floor":32,"key":"SMITH"}],"neow_cost":"NONE","seed_source_timestamp":60582271294631,"circlet_count":0,"master_deck":["Strike_B+1","Strike_B","Defend_B","Defend_B","Defend_B","Defend_B","Zap+1","Dualcast+1","Ball Lightning+1","Chill+1","Conserve Battery+1","Rebound+1","Beam Cell+1","Beam Cell+1","Electrodynamics+1","Rebound+1","Double Energy+1","Reboot","Coolheaded+1","Redo+1","Fusion+1","Hologram+1","Self Repair"],"relics":["Cracked Core","NeowsBlessing","Ancient Tea Set","Darkstone Periapt","Bronze Scales","Molten Egg 2","Runic Pyramid","Smiling Mask","MutagenicStrength","Meat on the Bone","Toxic Egg 2","Anchor","Ornamental Fan"],"potions_floor_usage":[23,33,33],"damage_taken":[{"damage":0,"enemies":"Cultist","floor":1,"turns":1},{"damage":0,"enemies":"2 Louse","floor":5,"turns":1},{"damage":0,"enemies":"Lagavulin","floor":6,"turns":1},{"damage":6,"enemies":"Jaw Worm","floor":8,"turns":2},{"damage":2,"enemies":"3 Sentries","floor":10,"turns":7},{"damage":3,"enemies":"Looter","floor":12,"turns":3},{"damage":0,"enemies":"Blue Slaver","floor":14,"turns":2},{"damage":7,"enemies":"Hexaghost","floor":16,"turns":7},{"damage":3,"enemies":"2 Thieves","floor":18,"turns":3},{"damage":24,"enemies":"Gremlin Leader","floor":23,"turns":6},{"damage":0,"enemies":"Chosen","floor":27,"turns":2},{"damage":3,"enemies":"Shelled Parasite and Fungi","floor":28,"turns":4},{"damage":11,"enemies":"Cultist and Chosen","floor":30,"turns":5},{"damage":49,"enemies":"Champ","floor":33,"turns":8}],"seed_played":"7504661987031696174","potions_obtained":[{"floor":5,"key":"Explosive Potion"},{"floor":8,"key":"AttackPotion"},{"floor":16,"key":"Poison Potion"},{"floor":27,"key":"SneckoOil"}],"is_trial":false,"path_per_floor":["M","T","?","?","M","E","R","M","T","E","?","M","R","M","R","B",null,"M","?","?","?","?","E","R","$","T","M","M","R","M","T","R","B"],"character_chosen":"DEFECT","items_purchased":["Toxic Egg 2","Coolheaded+1","Redo+1"],"campfire_rested":0,"item_purchase_floors":[25,25,25],"current_hp_per_floor":[75,75,75,64,64,64,64,58,58,56,41,38,38,38,38,31,75,72,72,72,72,58,34,34,34,34,46,43,43,44,44,44,0],"gold":177,"neow_bonus":"THREE_ENEMY_KILL","is_prod":false,"is_daily":false,"chose_seed":false,"campfire_upgraded":6,"win_rate":0,"timestamp":1562323586,"path_taken":["M","?","?","?","M","E","R","?","T","E","?","M","R","M","R","BOSS","M","?","?","?","?","E","R","$","T","M","M","R","?","?","R","BOSS"],"build_version":"2019-07-01","purchased_purges":1,"victory":false,"max_hp_per_floor":[75,75,75,75,75,75,75,75,75,75,75,75,75,75,75,75,75,75,75,75,75,75,75,75,75,75,75,75,75,75,75,75,75],"card_choices":[{"not_picked":["Stack","Turbo","Consume"],"picked":"SKIP","floor":1},{"not_picked":["Sweeping Beam","Compile Driver"],"picked":"Ball Lightning","floor":5},{"not_picked":["Force Field","Leap"],"picked":"Chill","floor":6},{"not_picked":["Stack","Reinforced Body"],"picked":"Conserve Battery","floor":8},{"not_picked":["Scrape","Cold Snap"],"picked":"Rebound","floor":10},{"not_picked":["Tempest","Blizzard+1"],"picked":"Beam Cell+1","floor":12},{"not_picked":["Stack","Conserve Battery"],"picked":"Beam Cell+1","floor":14},{"not_picked":["Meteor Strike+1","Machine Learning"],"picked":"Electrodynamics","floor":16},{"not_picked":["Compile Driver+1","Stack+1"],"picked":"Rebound+1","floor":18},{"not_picked":["Doom and Gloom+1","Barrage+1"],"picked":"Reboot","floor":23},{"not_picked":["Compile Driver+1","Scrape+1"],"picked":"Fusion+1","floor":27},{"not_picked":["Conserve Battery+1","Gash+1"],"picked":"Hologram+1","floor":28},{"not_picked":["Static Discharge","Stack+1"],"picked":"Self Repair","floor":30}],"player_experience":26378,"relics_obtained":[{"floor":2,"key":"Ancient Tea Set"},{"floor":6,"key":"Darkstone Periapt"},{"floor":9,"key":"Bronze Scales"},{"floor":10,"key":"Molten Egg 2"},{"floor":23,"key":"Meat on the Bone"},{"floor":26,"key":"Anchor"},{"floor":31,"key":"Ornamental Fan"}],"event_choices":[{"cards_removed":["Strike_B"],"damage_healed":0,"gold_gain":0,"player_choice":"Card Removal","damage_taken":0,"max_hp_gain":0,"max_hp_loss":0,"event_name":"The Cleric","floor":3,"gold_loss":50},{"damage_healed":0,"gold_gain":75,"player_choice":"Gather Gold","damage_taken":11,"max_hp_gain":0,"max_hp_loss":0,"event_name":"World of Goop","floor":4,"gold_loss":0},{"damage_healed":0,"gold_gain":0,"player_choice":"Entered Light","damage_taken":15,"max_hp_gain":0,"max_hp_loss":0,"event_name":"Shining Light","floor":11,"gold_loss":0,"cards_upgraded":["Strike_B","Chill"]},{"damage_healed":0,"gold_gain":0,"player_choice":"Opened","damage_taken":0,"relics_obtained":["Smiling Mask"],"max_hp_gain":0,"max_hp_loss":0,"event_name":"The Mausoleum","floor":19,"gold_loss":0},{"damage_healed":0,"gold_gain":0,"player_choice":"Inject Mutagens","damage_taken":0,"relics_obtained":["MutagenicStrength"],"max_hp_gain":0,"max_hp_loss":0,"event_name":"Drug Dealer","floor":20,"gold_loss":0},{"damage_healed":0,"gold_gain":0,"player_choice":"Read","damage_taken":0,"max_hp_gain":0,"max_hp_loss":0,"event_name":"The Library","floor":21,"gold_loss":0,"cards_obtained":["Double Energy"]},{"damage_healed":0,"gold_gain":90,"player_choice":"GOLD ","damage_taken":14,"max_hp_gain":0,"max_hp_loss":0,"event_name":"Knowing Skull","floor":22,"potions_obtained":[],"gold_loss":0,"cards_obtained":[]}],"is_beta":false,"boss_relics":[{"not_picked":["FrozenCore","Black Star"],"picked":"Runic Pyramid"}],"items_purged_floors":[25],"is_endless":false,"potions_floor_spawned":[5,8,16,27],"killed_by":"Champ","ascension_level":0}