{"path_per_floor":["M","$","?","M","M","E","?","M","T","R","?","M","?","?","R","B",null,"M","M","?","M","T","E","?","E","T","?","R","E","R","M","R","B",null,"M","?","$","M","M","R","E","?","T","M","?","?","M","M","R"],"character_chosen":"IRONCLAD","items_purchased":["Mummified Hand","Regal Pillow"],"gold_per_floor":[109,34,34,50,70,97,172,186,186,186,136,148,148,148,148,245,245,260,275,275,289,289,319,219,249,249,249,249,284,284,299,299,395,395,412,412,27,37,57,57,83,83,83,101,101,0,15,25,25,25],"floor_reached":50,"campfire_rested":6,"playtime":1799,"current_hp_per_floor":[76,76,76,76,80,54,43,58,58,58,58,61,54,54,78,18,80,80,66,66,56,56,47,47,21,21,21,45,32,56,25,49,23,80,76,76,76,64,30,69,45,45,45,42,42,42,27,21,60,0],"items_purged":["Strike_R","Strike_R"],"gold":25,"score":691,"play_id":"ab182714-3fae-40d9-a99a-8c0e38802e9d","local_time":"20180409130741","is_prod":false,"is_daily":false,"is_ascension_mode":true,"campfire_upgraded":1,"timestamp":1523268461,"path_taken":["M","$","?","M","M","E","?","?","T","R","?","M","?","?","R","BOSS","M","?","?","?","?","E","?","E","T","?","R","E","R","?","R","BOSS","M","?","$","M","M","R","E","?","T","?","?","?","M","M","R","BOSS"],"build_version":"2018-04-05v2","purchased_purges":3,"victory":false,"master_deck":["Strike_R+1","Defend_R+1","Defend_R+1","Bash","Pommel Strike","Pommel Strike","Seeing Red+1","Ghostly Armor","Twin Strike+1","Fire Breathing","Demon Form+1","Heavy Blade+1","Spot Weakness","Intimidate+1","J.A.X.","Spot Weakness","Shockwave","Offering","Clumsy","Doubt","Clumsy","Fire Breathing","Limit Break","Berserk"],"max_hp_per_floor":[80,80,80,80,80,80,80,80,80,80,80,80,80,80,80,80,80,80,80,80,80,80,80,80,80,80,80,80,80,80,80,80,80,80,80,80,80,80,80,80,80,80,80,80,80,80,80,80,80,80],"relics":["Burning Blood","Paper Frog","Champion Belt","Sozu","Du-Vu Doll","Pantograph","Molten Egg 2","Gremlin Horn","The Courier","Calling Bell","Self Forming Clay","Ornamental Fan","Peace Pipe","Mummified Hand","Regal Pillow","Omamori","Dead Branch","Red Mask"],"card_choices":[{"not_picked":["Burning Pact","Clash"],"picked":"Pommel Strike","floor":1},{"not_picked":["Fire Breathing","Clash"],"picked":"Pommel Strike","floor":4},{"not_picked":["Clothesline","Iron Wave"],"picked":"Seeing Red","floor":5},{"not_picked":["Hemokinesis","Dark Embrace"],"picked":"Ghostly Armor","floor":6},{"not_picked":["Iron Wave","Bloodletting"],"picked":"Twin Strike","floor":8},{"not_picked":["Pommel Strike","Second Wind"],"picked":"Fire Breathing","floor":12},{"not_picked":["Juggernaut","Immolate"],"picked":"Demon Form","floor":16},{"not_picked":["Havoc","Headbutt"],"picked":"Heavy Blade","floor":18},{"not_picked":["Body Slam","Clash"],"picked":"Intimidate","floor":21},{"not_picked":["Seeing Red","Barricade"],"picked":"Spot Weakness","floor":25},{"not_picked":["Clothesline","Armaments"],"picked":"Shockwave","floor":29},{"not_picked":["Juggernaut","Impervious"],"picked":"Offering","floor":33},{"not_picked":["Body Slam","Clothesline"],"picked":"Fire Breathing","floor":35},{"not_picked":["Perfected Strike","Sword Boomerang"],"picked":"Limit Break","floor":38},{"not_picked":["Sword Boomerang","Warcry"],"picked":"Berserk","floor":47}],"player_experience":191447,"potions_floor_usage":[8,12],"damage_taken":[{"damage":10,"enemies":"2 Louse","floor":1,"turns":2},{"damage":6,"enemies":"Cultist","floor":4,"turns":4},{"damage":0,"enemies":"Small Slimes","floor":5,"turns":2},{"damage":32,"enemies":"Gremlin Nob","floor":6,"turns":4},{"damage":6,"enemies":"3 Louse","floor":8,"turns":6},{"damage":3,"enemies":"Gremlin Gang","floor":12,"turns":4},{"damage":66,"enemies":"Hexaghost","floor":16,"turns":8},{"damage":1,"enemies":"Chosen","floor":18,"turns":4},{"damage":20,"enemies":"Shell Parasite","floor":19,"turns":4},{"damage":16,"enemies":"Cultist and Chosen","floor":21,"turns":4},{"damage":15,"enemies":"Book of Stabbing","floor":23,"turns":3},{"damage":32,"enemies":"Gremlin Leader","floor":25,"turns":5},{"damage":19,"enemies":"Slavers","floor":29,"turns":3},{"damage":37,"enemies":"Snake Plant","floor":31,"turns":3},{"damage":57,"enemies":"Collector","floor":33,"turns":6},{"damage":10,"enemies":"3 Shapes","floor":35,"turns":4},{"damage":18,"enemies":"Orb Walker","floor":38,"turns":4},{"damage":40,"enemies":"Sphere and 2 Shapes","floor":39,"turns":4},{"damage":30,"enemies":"Nemesis","floor":41,"turns":5},{"damage":9,"enemies":"3 Darklings","floor":44,"turns":2},{"damage":21,"enemies":"Maw","floor":47,"turns":5},{"damage":12,"enemies":"Sphere and 2 Shapes","floor":48,"turns":3},{"damage":80,"enemies":"Awakened One","floor":50,"turns":3}],"event_choices":[{"event_name":"Purifier","player_choice":"One Purge","floor":3,"damage_taken":0},{"event_name":"World of Goop","player_choice":"Gather Gold","floor":7,"damage_taken":0},{"event_name":"The Cleric","player_choice":"Card Removal","floor":11,"damage_taken":0},{"event_name":"Golden Wing","player_choice":"Card Removal","floor":13,"damage_taken":0},{"event_name":"Upgrade Shrine","player_choice":"Upgraded","floor":14,"damage_taken":0},{"event_name":"The Library","player_choice":"Read","floor":20,"damage_taken":0},{"event_name":"Drug Dealer","player_choice":"Got JAXXED","floor":24,"damage_taken":0},{"event_name":"Back to Basics","player_choice":"Simplicity","floor":27,"damage_taken":0},{"event_name":"Upgrade Shrine","player_choice":"Upgraded","floor":36,"damage_taken":0},{"event_name":"Mysterious Sphere","player_choice":"Ignore","floor":42,"damage_taken":0},{"event_name":"Tomb of Lord Red Mask","player_choice":"Paid","floor":46,"damage_taken":0}],"boss_relics":[{"not_picked":["Philosopher\u0027s Stone","Black Star"],"picked":"Sozu"},{"not_picked":["Eternal Feather","Lizard Tail"],"picked":"Calling Bell"}],"potions_floor_spawned":[1,8,18,23,25,35,38,44],"seed_played":"-8383225620883025903","killed_by":"Awakened One","ascension_level":4,"is_trial":false}