{"gold_per_floor":[116,116,127,140,120,120,150,150,150,175,195,225,241,260,260,357,357,371,143,68,68,168,200,200,230,230,248,248,263,295,16,16,111,161,178,78,78,124,0,0,0,0,23,39,51,51,51,69,69,69],"floor_reached":50,"playtime":2566,"items_purged":["Normality","Clumsy"],"score":696,"play_id":"a405bdf6-af4b-4f1d-ade4-8fb88bffaa6c","local_time":"20190410124937","is_ascension_mode":true,"campfire_choices":[{"floor":6,"key":"RECALL"},{"floor":8,"key":"REST"},{"floor":15,"key":"REST"},{"floor":24,"key":"REST"},{"floor":32,"key":"REST"},{"floor":40,"key":"REST"},{"data":"Double Energy","floor":42,"key":"SMITH"},{"floor":49,"key":"DIG"}],"neow_cost":"NONE","seed_source_timestamp":16264920572300,"circlet_count":0,"master_deck":["Strike_B+1","Strike_B+1","Strike_B+1","Defend_B+1","Defend_B+1","Defend_B+1","Defend_B+1","Zap+1","Dualcast+1","Melter+1","Darkness+1","Self Repair+1","Cold Snap+1","Reinforced Body+1","Sweeping Beam+1","Rip and Tear+1","Cold Snap+1","Echo Form+1","Self Repair+1","White Noise+1","Tempest+1","Loop+1","Double Energy+1","Echo Form+1","White Noise+1","Writhe","White Noise+1","Lockon+1","Bandage Up+1","Finesse+1","Panacea+1","Go for the Eyes+1"],"relics":["Cracked Core","DataDisk","Incense Burner","Vajra","Bottled Tornado","Calling Bell","Bag of Marbles","Meat on the Bone","Dead Branch","Juzu Bracelet","Shovel","Sundial","Letter Opener","Anchor","Mercury Hourglass","Bottled Flame","ClockworkSouvenir","Tiny House","Turnip","Red Mask","Blood Vial","Mark of the Bloom","Dodecahedron"],"potions_floor_usage":[7,10,14,16,16,22,27,30,30,33,35,35,38,45],"damage_taken":[{"damage":3,"enemies":"2 Louse","floor":1,"turns":2},{"damage":0,"enemies":"Cultist","floor":3,"turns":2},{"damage":5,"enemies":"Small Slimes","floor":4,"turns":2},{"damage":25,"enemies":"Gremlin Nob","floor":7,"turns":5},{"damage":27,"enemies":"Lagavulin","floor":10,"turns":5},{"damage":0,"enemies":"2 Fungi Beasts","floor":11,"turns":2},{"damage":26,"enemies":"Gremlin Nob","floor":12,"turns":4},{"damage":2,"enemies":"Exordium Wildlife","floor":13,"turns":4},{"damage":15,"enemies":"Large Slime","floor":14,"turns":4},{"damage":20,"enemies":"Hexaghost","floor":16,"turns":11},{"damage":0,"enemies":"Spheric Guardian","floor":18,"turns":1},{"damage":43,"enemies":"Colosseum Slavers","floor":22,"turns":5},{"damage":40,"enemies":"Colosseum Nobs","floor":22,"turns":5},{"damage":18,"enemies":"Slavers","floor":23,"turns":8},{"damage":35,"enemies":"Gremlin Leader","floor":25,"turns":7},{"damage":10,"enemies":"3 Byrds","floor":27,"turns":3},{"damage":6,"enemies":"Sentry and Sphere","floor":29,"turns":4},{"damage":40,"enemies":"Book of Stabbing","floor":30,"turns":7},{"damage":4,"enemies":"Champ","floor":33,"turns":14},{"damage":38,"enemies":"3 Darklings","floor":35,"turns":5},{"damage":46,"enemies":"2 Orb Walkers","floor":38,"turns":5},{"damage":5,"enemies":"3 Shapes","floor":44,"turns":3},{"damage":0,"enemies":"Sphere and 2 Shapes","floor":45,"turns":3},{"damage":42,"enemies":"Transient","floor":48,"turns":5},{"damage":29,"enemies":"Time Eater","floor":50,"turns":8}],"seed_played":"-263202115444714739","potions_obtained":[{"floor":1,"key":"Swift Potion"},{"floor":5,"key":"Dexterity Potion"},{"floor":7,"key":"Weak Potion"},{"floor":12,"key":"Swift Potion"},{"floor":14,"key":"Swift Potion"},{"floor":16,"key":"Dexterity Potion"},{"floor":25,"key":"SteroidPotion"},{"floor":27,"key":"SpeedPotion"},{"floor":29,"key":"Energy Potion"},{"floor":33,"key":"FearPotion"},{"floor":34,"key":"GamblersBrew"},{"floor":35,"key":"Explosive Potion"},{"floor":44,"key":"SneckoOil"}],"is_trial":false,"path_per_floor":["M","?","M","M","?","R","E","R","T","E","M","E","M","M","R","B",null,"M","$","?","$","?","E","R","E","T","M","?","M","E","$","R","B",null,"M","$","?","?","?","R","?","R","T","M","M","?","?","M","R","B"],"character_chosen":"DEFECT","items_purchased":["Juzu Bracelet","ClockworkSouvenir","Regen Potion"],"campfire_rested":5,"item_purchase_floors":[19,31,31],"current_hp_per_floor":[65,65,65,60,60,60,35,57,57,37,44,25,30,22,44,31,64,71,71,71,71,26,37,59,56,56,63,63,64,53,53,75,75,80,42,42,62,35,35,59,59,59,59,73,80,70,70,28,28,0],"gold":69,"neow_bonus":"RANDOM_COMMON_RELIC","is_prod":false,"is_daily":false,"chose_seed":false,"campfire_upgraded":1,"win_rate":0,"timestamp":1554889777,"path_taken":["M","?","M","?","?","R","E","R","T","E","?","E","M","M","R","BOSS","M","$","?","$","?","E","R","E","T","M","?","M","E","?","R","BOSS","M","?","?","?","?","R","?","R","T","M","M","?","?","M","R","BOSS"],"build_version":"2019-01-23","purchased_purges":2,"victory":false,"max_hp_per_floor":[75,75,75,75,75,75,75,75,75,75,75,75,75,75,75,75,75,75,75,75,75,75,75,75,75,75,75,75,75,75,75,75,75,80,80,80,80,80,80,80,80,80,80,80,80,80,80,80,80,80],"card_choices":[{"not_picked":["Steam Power","Go for the Eyes"],"picked":"Melter","floor":1},{"not_picked":["Gash","Redo"],"picked":"Darkness","floor":3},{"not_picked":["Leap","Streamline"],"picked":"Cold Snap","floor":4},{"not_picked":["Beam Cell","Steam"],"picked":"Self Repair","floor":7},{"not_picked":["Hello World","Seek"],"picked":"Cold Snap","floor":10},{"not_picked":["Turbo","Steam Power"],"picked":"Reinforced Body","floor":11},{"not_picked":["Meteor Strike","Ball Lightning"],"picked":"Sweeping Beam","floor":12},{"not_picked":["Go for the Eyes","Rebound"],"picked":"Rip and Tear","floor":13},{"not_picked":["Fusion","Sweeping Beam"],"picked":"Cold Snap","floor":14},{"not_picked":["All For One","Buffer"],"picked":"Echo Form","floor":16},{"not_picked":["Compile Driver","Darkness","Force Field"],"picked":"SKIP","floor":18},{"not_picked":["Gash","Blizzard"],"picked":"Self Repair+1","floor":22},{"not_picked":["Rip and Tear","Reinforced Body"],"picked":"White Noise","floor":23},{"not_picked":["Sunder","Redo"],"picked":"Tempest+1","floor":25},{"not_picked":["Scrape","Sweeping Beam","Biased Cognition"],"picked":"SKIP","floor":27},{"not_picked":["Fusion+1","Stack"],"picked":"Loop+1","floor":29},{"not_picked":["Lockon","Reinforced Body"],"picked":"Double Energy","floor":30},{"not_picked":["Machine Learning","Seek"],"picked":"Echo Form","floor":33},{"not_picked":["Rebound","Reinforced Body"],"picked":"White Noise","floor":35},{"not_picked":["Barrage+1","Steam+1"],"picked":"White Noise","floor":38},{"not_picked":["FTL+1","Barrage+1"],"picked":"Lockon+1","floor":44},{"not_picked":["Stack+1","Tempest","Redo"],"picked":"SKIP","floor":45},{"not_picked":["Blind","Swift Strike"],"picked":"Bandage Up","floor":46},{"not_picked":["Good Instincts","Deep Breath"],"picked":"Finesse","floor":46},{"not_picked":["Dramatic Entrance","Metamorphosis"],"picked":"Panacea","floor":46},{"not_picked":["Force Field","Rip and Tear+1"],"picked":"Go for the Eyes+1","floor":48}],"player_experience":532967,"relics_obtained":[{"floor":7,"key":"Incense Burner"},{"floor":10,"key":"Vajra"},{"floor":12,"key":"Bottled Tornado"},{"floor":17,"key":"Bag of Marbles"},{"floor":17,"key":"Meat on the Bone"},{"floor":17,"key":"Dead Branch"},{"floor":22,"key":"Shovel"},{"floor":22,"key":"Sundial"},{"floor":23,"key":"Letter Opener"},{"floor":25,"key":"Anchor"},{"floor":26,"key":"Mercury Hourglass"},{"floor":30,"key":"Bottled Flame"},{"floor":38,"key":"Turnip"},{"floor":43,"key":"Blood Vial"},{"floor":49,"key":"Dodecahedron"}],"event_choices":[{"cards_removed":["Strike_B"],"damage_healed":0,"gold_gain":0,"player_choice":"Purged","damage_taken":0,"max_hp_gain":0,"max_hp_loss":0,"event_name":"Purifier","floor":2,"gold_loss":0},{"damage_healed":0,"gold_gain":0,"player_choice":"Bought 1 Potion","damage_taken":0,"max_hp_gain":0,"max_hp_loss":0,"event_name":"The Woman in Blue","floor":5,"gold_loss":0},{"cards_removed":["Pain"],"damage_healed":0,"gold_gain":0,"player_choice":"Gave Gold","damage_taken":0,"max_hp_gain":0,"max_hp_loss":0,"event_name":"Beggar","floor":20,"gold_loss":75},{"damage_healed":0,"gold_gain":0,"player_choice":"Fight","damage_taken":0,"max_hp_gain":0,"max_hp_loss":0,"event_name":"Colosseum","floor":22,"gold_loss":0},{"damage_healed":0,"gold_gain":0,"player_choice":"Fought Nobs","damage_taken":0,"max_hp_gain":0,"max_hp_loss":0,"event_name":"Colosseum","floor":22,"gold_loss":0},{"damage_healed":0,"gold_gain":0,"player_choice":"Ignored","damage_taken":0,"max_hp_gain":0,"max_hp_loss":0,"event_name":"Ghosts","floor":28,"gold_loss":0},{"damage_healed":20,"gold_gain":0,"player_choice":"Writhe","damage_taken":0,"max_hp_gain":0,"max_hp_loss":0,"event_name":"Winding Halls","floor":37,"gold_loss":0,"cards_obtained":["Writhe"]},{"damage_healed":0,"gold_gain":0,"player_choice":"Fight","damage_taken":0,"max_hp_gain":0,"max_hp_loss":0,"event_name":"Mysterious Sphere","floor":38,"gold_loss":0},{"damage_healed":0,"gold_gain":0,"player_choice":"Paid","damage_taken":0,"relics_obtained":["Red Mask"],"max_hp_gain":0,"max_hp_loss":0,"event_name":"Tomb of Lord Red Mask","floor":39,"gold_loss":124},{"cards_removed":["Cold Snap"],"damage_healed":0,"gold_gain":0,"player_choice":"Removed Attack","damage_taken":0,"max_hp_gain":0,"max_hp_loss":0,"event_name":"Falling","floor":41,"gold_loss":0},{"damage_healed":0,"gold_gain":0,"player_choice":"Memory 3","damage_taken":10,"max_hp_gain":0,"max_hp_loss":0,"event_name":"SensoryStone","floor":46,"gold_loss":0},{"damage_healed":0,"gold_gain":0,"player_choice":"Upgrade","damage_taken":0,"relics_obtained":["Mark of the Bloom"],"max_hp_gain":0,"max_hp_loss":0,"event_name":"MindBloom","floor":47,"gold_loss":0,"cards_upgraded":["Strike_B","Strike_B","Strike_B","Defend_B","Defend_B","Defend_B","Defend_B","Zap","Dualcast","Darkness","Self Repair","Cold Snap","Reinforced Body","Sweeping Beam","Rip and Tear","Cold Snap","Echo Form","White Noise","Echo Form","White Noise","White Noise","Bandage Up","Finesse","Panacea"]}],"is_beta":false,"boss_relics":[{"not_picked":["Busted Crown","Runic Pyramid"],"picked":"Calling Bell"},{"not_picked":["Fusion Hammer","Philosopher\u0027s Stone"],"picked":"Tiny House"}],"items_purged_floors":[19,36],"is_endless":false,"potions_floor_spawned":[1,7,12,14,16,22,25,27,29,33,35,44],"killed_by":"Time Eater","ascension_level":6}