{"path_per_floor":["M","M","?","T","?","R","E","M","T","M","?","$","M","$","R","B",null,"M","?","M","$","M"],"character_chosen":"THE_SILENT","items_purchased":["Bag of Marbles","Medical Kit"],"gold_per_floor":[114,124,124,124,124,124,155,170,170,182,212,59,70,70,70,174,174,184,184,194,2,14],"floor_reached":23,"campfire_rested":0,"playtime":1833,"current_hp_per_floor":[70,70,70,70,70,70,80,79,79,78,78,78,77,77,77,43,80,75,75,57,57,25],"items_purged":[],"gold":14,"score":216,"play_id":"69e032db-6bd4-48bd-a7bd-2cb65963c5c9","local_time":"20180307184232","is_prod":false,"is_daily":false,"is_ascension_mode":false,"campfire_upgraded":2,"timestamp":1520440952,"path_taken":["M","M","?","?","?","R","E","M","T","M","?","?","?","$","R","BOSS","M","?","?","?","M","E"],"build_version":"2018-03-01-PROD1","purchased_purges":0,"victory":false,"master_deck":["Defend_G+1","Defend_G+1","Defend_G+1","Defend_G+1","Defend_G+1","Strike_G+1","Strike_G+1","Strike_G+1","Strike_G+1","Strike_G+1","Survivor","Neutralize","Bane","Deadly Poison+1","Footwork","Poisoned Stab+1","Well Laid Plans","A Thousand Cuts","Burst","Infinite Blades+1","Dagger Spray","Backflip+1"],"max_hp_per_floor":[70,70,70,70,70,70,80,80,80,80,80,80,80,80,80,80,80,80,80,80,80,80],"relics":["Ring of the Snake","NeowsBlessing","Frozen Eye","Pear","Peace Pipe","Ice Cream","Bag of Marbles","Black Star","Medical Kit"],"card_choices":[{"not_picked":["Deadly Poison","Quick Slash"],"picked":"Bane"},{"not_picked":["Prepared","Backflip"],"picked":"Deadly Poison"},{"not_picked":["Masterful Stab","Backflip"],"picked":"Footwork"},{"not_picked":["Blur","Blade Dance"],"picked":"Poisoned Stab"},{"not_picked":["Acrobatics","Blade Dance"],"picked":"Well Laid Plans"},{"not_picked":["Blur","Distraction"],"picked":"A Thousand Cuts"},{"not_picked":["Night Terror","Glass Knife"],"picked":"Burst"},{"not_picked":["Leg Sweep","All Out Attack"],"picked":"Infinite Blades"},{"not_picked":["Flying Knee","Backstab"],"picked":"Dagger Spray"},{"not_picked":["All Out Attack","Acrobatics"],"picked":"Backflip"}],"player_experience":31420,"potions_floor_usage":[16,16,22],"damage_taken":[{"damage":0,"enemies":"Small Slimes","floor":1,"turns":1},{"damage":0,"enemies":"2 Louse","floor":2,"turns":1},{"damage":0,"enemies":"Gremlin Nob","floor":7,"turns":1},{"damage":1,"enemies":"Jaw Worm","floor":8,"turns":4},{"damage":1,"enemies":"3 Louse","floor":10,"turns":5},{"damage":1,"enemies":"Blue Slaver","floor":13,"turns":2},{"damage":34,"enemies":"Hexaghost","floor":16,"turns":10},{"damage":5,"enemies":"Shell Parasite","floor":18,"turns":9},{"damage":18,"enemies":"Chosen","floor":20,"turns":4},{"damage":32,"enemies":"Slaver and Parasite","floor":22,"turns":9},{"damage":25,"enemies":"Book of Stabbing","floor":23,"turns":7}],"event_choices":[{"event_name":"Liars Game","player_choice":"disagreed","floor":3,"damage_taken":0},{"event_name":"Golden Wing","player_choice":"Ignored","floor":5,"damage_taken":0},{"event_name":"Dead Adventurer","player_choice":"Searched \u00273\u0027 times","floor":11,"damage_taken":0},{"event_name":"Back to Basics","player_choice":"Simplicity","floor":19,"damage_taken":0}],"boss_relics":[{"not_picked":["Cursed Key","Runic Dome"],"picked":"Black Star"}],"potions_floor_spawned":[10,13,18],"seed_played":"6830552500147765261","killed_by":"Book of Stabbing","ascension_level":0,"is_trial":false}