{"gold_per_floor":[116,116,126,301,301,329,329,344,344,294,180,196,211,227,227,329,329,346,346,381,392,307,307,325,345,370,386,403,436,436,456,456,552,552,570,533,546,144,155,155,155,172,172,207,207,225,225,236,236,236,236,236,68,96,96],"floor_reached":55,"playtime":4035,"items_purged":["Strike_G","Masterful Stab"],"score":723,"play_id":"2c05ff79-261b-42ab-b2e7-b7069498600c","local_time":"20190712183246","is_ascension_mode":false,"campfire_choices":[{"data":"Neutralize","floor":7,"key":"SMITH"},{"data":"Caltrops","floor":15,"key":"SMITH"},{"data":"Outmaneuver","floor":23,"key":"SMITH"},{"data":"Dash","floor":32,"key":"SMITH"},{"floor":40,"key":"RECALL"},{"data":"Tactician","floor":45,"key":"SMITH"},{"data":"Reflex","floor":49,"key":"SMITH"},{"data":"Prepared","floor":52,"key":"SMITH"}],"neow_cost":"NONE","seed_source_timestamp":99424610101620,"circlet_count":0,"master_deck":["Neutralize+1","Prepared","Escape Plan","Backflip","Calculated Gamble","Caltrops+1","PiercingWail","Endless Agony+1","After Image","Endless Agony+1","Outmaneuver+1","Venomology","Acrobatics","Prepared+1","Dash+1","Quick Slash+1","Bouncing Flask","Escape Plan","After Image","Envenom+1","Finisher+1","Terror+1","Reflex+1","Backflip+1","Tactician+1","Corpse Explosion","Footwork","Tactician+1","Deflect+1","Footwork"],"relics":["Ring of the Snake","NeowsBlessing","Centennial Puzzle","Gremlin Horn","Pandora\u0027s Box","Red Mask","Strawberry","PreservedInsect","Whetstone","Astrolabe","Oddly Smooth Stone","Ornamental Fan","Letter Opener","Potion Belt","Snake Skull"],"potions_floor_usage":[16,16,16,18,24,25,27,27,29,31,33,33,37,39,42,42,44,48,50,54,55,55,55,55],"damage_taken":[{"damage":0,"enemies":"2 Louse","floor":1,"turns":1},{"damage":0,"enemies":"Jaw Worm","floor":3,"turns":1},{"damage":0,"enemies":"Lagavulin","floor":6,"turns":1},{"damage":2,"enemies":"Small Slimes","floor":8,"turns":4},{"damage":4,"enemies":"Exordium Wildlife","floor":12,"turns":6},{"damage":5,"enemies":"Large Slime","floor":13,"turns":9},{"damage":1,"enemies":"Looter","floor":14,"turns":5},{"damage":50,"enemies":"Slime Boss","floor":16,"turns":20},{"damage":4,"enemies":"Shell Parasite","floor":18,"turns":7},{"damage":31,"enemies":"Masked Bandits","floor":20,"turns":8},{"damage":0,"enemies":"3 Byrds","floor":21,"turns":3},{"damage":0,"enemies":"Snake Plant","floor":24,"turns":5},{"damage":0,"enemies":"3 Cultists","floor":25,"turns":5},{"damage":1,"enemies":"Centurion and Healer","floor":27,"turns":6},{"damage":0,"enemies":"Snake Plant","floor":28,"turns":4},{"damage":3,"enemies":"Gremlin Leader","floor":29,"turns":6},{"damage":13,"enemies":"Shelled Parasite and Fungi","floor":31,"turns":6},{"damage":13,"enemies":"Automaton","floor":33,"turns":11},{"damage":0,"enemies":"Orb Walker","floor":35,"turns":4},{"damage":0,"enemies":"3 Shapes","floor":37,"turns":4},{"damage":0,"enemies":"Maw","floor":39,"turns":5},{"damage":2,"enemies":"Sphere and 2 Shapes","floor":42,"turns":8},{"damage":38,"enemies":"Nemesis","floor":44,"turns":7},{"damage":1,"enemies":"4 Shapes","floor":46,"turns":4},{"damage":0,"enemies":"Transient","floor":48,"turns":5},{"damage":15,"enemies":"Donu and Deca","floor":50,"turns":6},{"damage":48,"enemies":"Shield and Spear","floor":54,"turns":7},{"damage":38,"enemies":"The Heart","floor":55,"turns":3}],"seed_played":"-151828038380913681","potions_obtained":[{"floor":3,"key":"LiquidBronze"},{"floor":6,"key":"Dexterity Potion"},{"floor":8,"key":"Poison Potion"},{"floor":20,"key":"Strength Potion"},{"floor":21,"key":"SkillPotion"},{"floor":27,"key":"Energy Potion"},{"floor":28,"key":"Fire Potion"},{"floor":46,"key":"Dexterity Potion"},{"floor":48,"key":"Weak Potion"},{"floor":54,"key":"Strength Potion"}],"is_trial":false,"path_per_floor":["M","?","M","?","?","E","R","M","T","?","$","M","M","M","R","B",null,"M","?","?","M","?","R","M","M","T","M","M","E","?","M","R","B",null,"M","$","M","$","M","R","?","M","T","E","R","M","?","M","R","B",null,"R","$","E","B"],"character_chosen":"THE_SILENT","items_purchased":["Caltrops","Reflex","Oddly Smooth Stone","Ornamental Fan","Footwork"],"campfire_rested":0,"item_purchase_floors":[11,36,38,38,53],"current_hp_per_floor":[70,70,70,70,63,63,63,61,61,61,61,57,52,51,51,1,70,66,66,35,35,42,42,42,42,42,41,41,38,43,30,30,17,77,77,77,77,77,77,77,77,75,75,37,37,36,36,36,36,21,77,77,77,29,0],"gold":96,"neow_bonus":"THREE_ENEMY_KILL","is_prod":false,"is_daily":false,"chose_seed":false,"campfire_upgraded":7,"win_rate":0,"timestamp":1562949166,"path_taken":["M","?","M","?","?","E","R","?","T","?","$","M","M","M","R","BOSS","M","?","?","M","?","R","M","M","T","M","M","E","?","M","R","BOSS","M","$","?","$","M","R","?","M","T","E","R","M","?","M","R","BOSS","R","$","E","BOSS"],"build_version":"2019-07-05","purchased_purges":2,"victory":false,"max_hp_per_floor":[70,70,70,70,70,70,70,70,70,70,70,70,70,70,70,70,70,70,70,70,70,77,77,77,77,77,77,77,77,77,77,77,77,77,77,77,77,77,77,77,77,77,77,77,77,77,77,77,77,77,77,77,77,77,77],"card_choices":[{"not_picked":["Deadly Poison","Deflect"],"picked":"Prepared","floor":1},{"not_picked":["Leg Sweep","Sucker Punch"],"picked":"Escape Plan","floor":3},{"not_picked":["Finisher","Prepared"],"picked":"Backflip","floor":6},{"not_picked":["Dagger Throw","Eviscerate"],"picked":"Calculated Gamble","floor":8},{"not_picked":["Eviscerate","Sucker Punch","Flechettes"],"picked":"SKIP","floor":12},{"not_picked":["Prepared","Bane"],"picked":"PiercingWail","floor":13},{"not_picked":["Dodge and Roll","Quick Slash"],"picked":"Endless Agony","floor":14},{"not_picked":["Corpse Explosion","Doppelganger"],"picked":"After Image","floor":16},{"not_picked":["Finisher+1","Sucker Punch"],"picked":"PiercingWail","floor":18},{"not_picked":["Dagger Spray","Bane"],"picked":"Distraction","floor":21},{"not_picked":["Bane","Dodge and Roll","Skewer"],"picked":"SKIP","floor":24},{"not_picked":["Poisoned Stab","Distraction"],"picked":"Quick Slash+1","floor":25},{"not_picked":["PiercingWail","Bane"],"picked":"Bouncing Flask","floor":27},{"not_picked":["Distraction","Cloak And Dagger+1"],"picked":"Escape Plan","floor":28},{"not_picked":["Unload","Deadly Poison","Setup"],"picked":"SKIP","floor":29},{"not_picked":["Outmaneuver","Dagger Throw+1","Deadly Poison+1"],"picked":"SKIP","floor":31},{"not_picked":["Venomology","Glass Knife"],"picked":"After Image","floor":33},{"not_picked":["Cloak And Dagger+1","Deflect","Dodge and Roll"],"picked":"SKIP","floor":35},{"not_picked":["Dagger Throw","Blade Dance+1","PiercingWail"],"picked":"SKIP","floor":37},{"not_picked":["Flying Knee","Masterful Stab"],"picked":"Backflip+1","floor":39},{"not_picked":["All Out Attack+1","Sucker Punch"],"picked":"Tactician","floor":42},{"not_picked":["Prepared","Backflip"],"picked":"Corpse Explosion","floor":44},{"not_picked":["Flying Knee+1","Outmaneuver"],"picked":"Footwork","floor":46},{"not_picked":["Quick Slash","Leg Sweep+1"],"picked":"Deflect+1","floor":48},{"not_picked":["Endless Agony","Skewer+1","Poisoned Stab+1"],"picked":"SKIP","floor":54}],"player_experience":94463,"relics_obtained":[{"floor":6,"key":"Gremlin Horn"},{"floor":20,"key":"Red Mask"},{"floor":26,"key":"PreservedInsect"},{"floor":29,"key":"Whetstone"},{"floor":43,"key":"Letter Opener"},{"floor":44,"key":"Potion Belt"},{"floor":54,"key":"Snake Skull"}],"event_choices":[{"damage_healed":0,"gold_gain":0,"player_choice":"Box","damage_taken":0,"relics_obtained":["Centennial Puzzle"],"max_hp_gain":0,"max_hp_loss":0,"event_name":"Big Fish","floor":2,"gold_loss":0,"cards_obtained":["Regret"]},{"damage_healed":0,"gold_gain":175,"player_choice":"AGREE","damage_taken":0,"max_hp_gain":0,"max_hp_loss":0,"event_name":"Liars Game","floor":4,"gold_loss":0,"cards_obtained":["Doubt"]},{"cards_removed":["Regret"],"damage_healed":0,"gold_gain":0,"player_choice":"Card Removal","damage_taken":7,"max_hp_gain":0,"max_hp_loss":0,"event_name":"Golden Wing","floor":5,"gold_loss":0},{"cards_removed":["Doubt"],"damage_healed":0,"gold_gain":0,"player_choice":"Card Removal","damage_taken":0,"max_hp_gain":0,"max_hp_loss":0,"event_name":"The Cleric","floor":10,"gold_loss":50},{"damage_healed":0,"gold_gain":0,"player_choice":"Ignored","damage_taken":0,"max_hp_gain":0,"max_hp_loss":0,"event_name":"Ghosts","floor":19,"gold_loss":0},{"damage_healed":0,"gold_gain":0,"player_choice":"Fought Bandits","damage_taken":0,"max_hp_gain":0,"max_hp_loss":0,"event_name":"Masked Bandits","floor":20,"gold_loss":0},{"damage_healed":0,"gold_gain":0,"player_choice":"Obtained Relic","damage_taken":0,"relics_obtained":["Strawberry"],"max_hp_gain":0,"max_hp_loss":0,"event_name":"Addict","floor":22,"gold_loss":85},{"cards_removed":["Blade Dance"],"damage_healed":5,"gold_gain":0,"player_choice":"Offered Common","damage_taken":0,"max_hp_gain":0,"max_hp_loss":0,"event_name":"Bonfire Elementals","floor":30,"gold_loss":0},{"cards_removed":["Blade Dance"],"damage_healed":5,"gold_gain":0,"player_choice":"Offered Special","damage_taken":0,"max_hp_gain":0,"max_hp_loss":0,"event_name":"Bonfire Elementals","floor":30,"gold_loss":0},{"cards_removed":["PiercingWail"],"damage_healed":0,"gold_gain":0,"player_choice":"Removed Skill","damage_taken":0,"max_hp_gain":0,"max_hp_loss":0,"event_name":"Falling","floor":41,"gold_loss":0},{"damage_healed":0,"gold_gain":0,"player_choice":"Copied","damage_taken":0,"max_hp_gain":0,"max_hp_loss":0,"event_name":"Duplicator","floor":47,"gold_loss":0,"cards_obtained":["Tactician"]}],"is_beta":false,"boss_relics":[{"not_picked":["WristBlade","Busted Crown"],"picked":"Pandora\u0027s Box"},{"not_picked":["Ring of the Serpent","Tiny House"],"picked":"Astrolabe"}],"items_purged_floors":[11,53],"is_endless":false,"potions_floor_spawned":[3,6,8,12,14,20,21,27,28,29,35,39,46,48,54],"killed_by":"The Heart","ascension_level":0}