{"gold_per_floor":[113,288,298,248,248,281,281,301,354,387,401,419,419,419],"floor_reached":14,"playtime":442,"items_purged":[],"score":206,"play_id":"484ab931-2e46-4033-8e5e-8e2064d2326f","local_time":"20190409184110","is_ascension_mode":true,"campfire_choices":[],"neow_cost":"NONE","seed_source_timestamp":0,"circlet_count":0,"master_deck":["AscendersBane","Strike_R","Strike_R","Strike_R","Strike_R","Strike_R","Defend_R","Defend_R","Defend_R","Defend_R","Bash","Heavy Blade","Shrug It Off","Regret","Rampage","Flex","Heavy Blade","Heavy Blade","Whirlwind","Parasite"],"special_seed":0,"relics":["Burning Blood","NeowsBlessing","Anchor","Orichalcum","Boot","Girya"],"potions_floor_usage":[],"damage_taken":[{"damage":0.0,"enemies":"Small Slimes","floor":1.0,"turns":1.0},{"damage":0.0,"enemies":"2 Louse","floor":3.0,"turns":1.0},{"damage":0.0,"enemies":"Gremlin Nob","floor":6.0,"turns":1.0},{"damage":4.0,"enemies":"Jaw Worm","floor":8.0,"turns":4.0},{"damage":39.0,"enemies":"3 Sentries","floor":10.0,"turns":11.0},{"damage":8.0,"enemies":"Large Slime","floor":11.0,"turns":6.0},{"damage":4.0,"enemies":"2 Fungi Beasts","floor":12.0,"turns":3.0},{"damage":64,"enemies":"Lagavulin","floor":14,"turns":6}],"seed_played":"-1665512968918504","potions_obtained":[{"floor":3.0,"key":"Weak Potion"},{"floor":8.0,"key":"Block Potion"}],"is_trial":false,"path_per_floor":["M","?","M","?","?","E","?","M","T","E","M","M","?","E"],"character_chosen":"IRONCLAD","items_purchased":[],"campfire_rested":0,"item_purchase_floors":[],"current_hp_per_floor":[78,78,80,80,80,80,62,64,64,31,29,31,51,0],"gold":419,"neow_bonus":"THREE_ENEMY_KILL","is_prod":false,"is_daily":false,"chose_seed":false,"campfire_upgraded":0,"win_rate":0,"timestamp":1554824470,"path_taken":["M","?","M","?","?","E","?","M","T","E","M","M","?","E"],"build_version":"2019-01-23","purchased_purges":0,"victory":false,"max_hp_per_floor":[80,80,80,80,80,80,80,80,80,80,80,80,80,80],"card_choices":[{"not_picked":["Wild Strike","Havoc"],"picked":"Heavy Blade","floor":1.0},{"not_picked":["Dual Wield","Searing Blow"],"picked":"Shrug It Off","floor":3.0},{"not_picked":["Pummel","Pommel Strike"],"picked":"Rampage","floor":6.0},{"not_picked":["Headbutt","Rage"],"picked":"Flex","floor":8.0},{"not_picked":["Metallicize","Cleave"],"picked":"Heavy Blade","floor":10.0},{"not_picked":["Rage","Sever Soul"],"picked":"Heavy Blade","floor":11.0},{"not_picked":["Perfected Strike","Sever Soul"],"picked":"Whirlwind","floor":12.0}],"player_experience":530866,"relics_obtained":[{"floor":6.0,"key":"Orichalcum"},{"floor":10.0,"key":"Girya"}],"event_choices":[{"damage_healed":0.0,"max_hp_gain":0.0,"max_hp_loss":0.0,"gold_gain":175.0,"event_name":"Liars Game","player_choice":"AGREE","floor":2.0,"gold_loss":0.0,"damage_taken":0.0,"cards_obtained":["Doubt"]},{"cards_removed":["Doubt"],"damage_healed":0.0,"max_hp_gain":0.0,"max_hp_loss":0.0,"gold_gain":0.0,"event_name":"The Cleric","player_choice":"Card Removal","floor":4.0,"gold_loss":50.0,"damage_taken":0.0},{"damage_healed":0.0,"max_hp_gain":0.0,"max_hp_loss":0.0,"gold_gain":0.0,"event_name":"Big Fish","player_choice":"Box","floor":5.0,"gold_loss":0.0,"damage_taken":0.0,"relics_obtained":["Anchor"],"cards_obtained":["Regret"]},{"damage_healed":0.0,"max_hp_gain":0.0,"max_hp_loss":0.0,"gold_gain":0.0,"event_name":"Scrap Ooze","player_choice":"Success","floor":7.0,"gold_loss":0.0,"damage_taken":18.0,"relics_obtained":["Boot"]},{"damage_healed":20,"gold_gain":0,"player_choice":"Healed and dodged fight","damage_taken":0,"max_hp_gain":0,"max_hp_loss":0,"event_name":"Mushrooms","floor":13,"gold_loss":0,"cards_obtained":["Parasite"]}],"is_beta":false,"boss_relics":[],"items_purged_floors":[],"is_endless":false,"potions_floor_spawned":[3,8],"killed_by":"Lagavulin","ascension_level":13}