{"path_per_floor":["M","$","?","T","M","R","E","M","T","?","?","M","M"],"character_chosen":"DEFECT","items_purchased":[],"gold_per_floor":[119,44,44,44,61,61,95,109,109,132,132,152,165,165],"floor_reached":14,"campfire_rested":0,"playtime":290,"item_purchase_floors":[],"current_hp_per_floor":[75,75,60,60,60,60,60,60,60,49,24,9,9,0],"items_purged":["Strike_B"],"gold":165,"score":127,"play_id":"6ce49b63-686c-4547-a3e5-71da67080abf","local_time":"20180620163817","is_prod":false,"is_daily":false,"chose_seed":false,"is_ascension_mode":true,"campfire_upgraded":1,"win_rate":0,"timestamp":1529501897,"campfire_choices":[{"data":"Streamline","floor":6,"key":"SMITH"}],"path_taken":["M","?","?","?","M","R","E","?","T","?","?","?","M","M"],"build_version":"2018-06-14v2","seed_source_timestamp":466672800908633,"purchased_purges":1,"victory":false,"master_deck":["Strike_B","Strike_B","Strike_B","Defend_B","Defend_B","Defend_B","Defend_B+1","Zap","Dualcast+1","Streamline+1","Conserve Battery","Reinforced Body","Beam Cell","Loop","Conserve Battery","Doom and Gloom"],"max_hp_per_floor":[75,75,75,75,75,75,75,75,75,75,75,75,75,75],"relics":["Cracked Core","NeowsBlessing","Pantograph","Blue Candle","Question Card","Odd Mushroom","Centennial Puzzle"],"card_choices":[{"not_picked":["Steam","Barrage"],"picked":"Streamline","floor":1},{"not_picked":["Skim","Storm"],"picked":"Conserve Battery","floor":5},{"not_picked":["Cold Snap","Steam"],"picked":"Reinforced Body","floor":7},{"not_picked":["Sweeping Beam","Go for the Eyes"],"picked":"Beam Cell","floor":8},{"not_picked":["Streamline","Echo Form","Barrage"],"picked":"Loop","floor":10},{"not_picked":["Glacier","Compile Driver","Blizzard"],"picked":"Conserve Battery","floor":12},{"not_picked":["Skim","Heatsinks","Ball Lightning"],"picked":"Doom and Gloom","floor":13}],"player_experience":280367,"potions_floor_usage":[10,10,12],"damage_taken":[{"damage":0,"enemies":"Cultist","floor":1,"turns":1},{"damage":0,"enemies":"Small Slimes","floor":5,"turns":1},{"damage":0,"enemies":"3 Sentries","floor":7,"turns":1},{"damage":0,"enemies":"Jaw Worm","floor":8,"turns":3},{"damage":11,"floor":10,"turns":3},{"damage":15,"enemies":"Exordium Wildlife","floor":12,"turns":4},{"damage":0,"enemies":"Blue Slaver","floor":13,"turns":3},{"damage":14,"enemies":"Red Slaver","floor":14,"turns":1}],"relics_obtained":[{"floor":4,"key":"Pantograph"},{"floor":7,"key":"Blue Candle"},{"floor":9,"key":"Question Card"},{"floor":10,"key":"Odd Mushroom"}],"event_choices":[{"event_name":"Shining Light","player_choice":"Entered Light","floor":3,"damage_taken":0},{"event_name":"Mushrooms","player_choice":"Fought Mushrooms","floor":10,"damage_taken":0},{"event_name":"Scrap Ooze","player_choice":"success","floor":11,"damage_taken":25}],"boss_relics":[],"items_purged_floors":[2],"is_endless":false,"potions_floor_spawned":[5,7,10],"seed_played":"-1230755989557728005","killed_by":"Red Slaver","ascension_level":2,"potions_obtained":[{"floor":5,"key":"Strength Potion"},{"floor":7,"key":"AttackPotion"},{"floor":10,"key":"LiquidBronze"}],"is_trial":false}