{"gold_per_floor":[114,125,125,143,156,156,170,202,202,202,212,47,80,94,94,194,194,207,207,218,218,231,264,264,189,189,200,225,236,236,22,22,22],"floor_reached":33,"playtime":1292,"items_purged":["Strike_B"],"score":324,"play_id":"92afbd34-5ab1-4965-a1c7-1a45571f72ac","local_time":"20190628140251","is_ascension_mode":false,"campfire_choices":[{"data":"Zap","floor":6,"key":"SMITH"},{"data":"Chaos","floor":10,"key":"SMITH"},{"data":"Ball Lightning","floor":15,"key":"SMITH"},{"data":"Electrodynamics","floor":24,"key":"SMITH"},{"data":"Chill","floor":30,"key":"SMITH"},{"data":"Force Field","floor":32,"key":"SMITH"}],"neow_cost":"NONE","seed_source_timestamp":18223224256644,"circlet_count":0,"master_deck":["Defend_B","Defend_B","Defend_B","Zap+1","Dualcast","Cold Snap","Ball Lightning+1","Sweeping Beam","Chaos+1","Chill+1","Genetic Algorithm","Bandage Up","Electrodynamics+1","Double Energy","Ball Lightning+1","Bite","Bite","Bite","Bite","Bite","Conserve Battery","White Noise+1","Capacitor","Force Field+1"],"relics":["Cracked Core","FaceOfCleric","Juzu Bracelet","Darkstone Periapt","Pear","Nuclear Battery","Vajra","Meat on the Bone","Bronze Scales","Lantern"],"potions_floor_usage":[8,8,16,18,28,28,33],"damage_taken":[{"damage":5,"enemies":"Jaw Worm","floor":1,"turns":4},{"damage":1,"enemies":"Cultist","floor":2,"turns":3},{"damage":0,"enemies":"Small Slimes","floor":4,"turns":2},{"damage":0,"enemies":"3 Louse","floor":5,"turns":3},{"damage":3,"enemies":"Looter","floor":7,"turns":3},{"damage":11,"enemies":"3 Sentries","floor":8,"turns":4},{"damage":6,"enemies":"Large Slime","floor":11,"turns":4},{"damage":22,"enemies":"Gremlin Nob","floor":13,"turns":4},{"damage":9,"enemies":"2 Fungi Beasts","floor":14,"turns":3},{"damage":35,"enemies":"Hexaghost","floor":16,"turns":9},{"damage":0,"enemies":"Chosen","floor":18,"turns":4},{"damage":8,"enemies":"Spheric Guardian","floor":20,"turns":3},{"damage":28,"enemies":"Cultist and Chosen","floor":22,"turns":6},{"damage":35,"enemies":"Gremlin Leader","floor":23,"turns":5},{"damage":1,"enemies":"Chosen and Byrds","floor":27,"turns":3},{"damage":25,"enemies":"Slavers","floor":28,"turns":3},{"damage":27,"enemies":"Snake Plant","floor":29,"turns":3},{"damage":67,"enemies":"Collector","floor":33,"turns":6}],"seed_played":"-4567433892672687192","potions_obtained":[{"floor":4,"key":"Strength Potion"},{"floor":5,"key":"Strength Potion"},{"floor":7,"key":"Ancient Potion"},{"floor":13,"key":"FearPotion"},{"floor":14,"key":"SmokeBomb"},{"floor":16,"key":"Poison Potion"},{"floor":23,"key":"SmokeBomb"},{"floor":27,"key":"SteroidPotion"},{"floor":28,"key":"LiquidBronze"},{"floor":29,"key":"GamblersBrew"}],"is_trial":false,"path_per_floor":["M","M","?","M","M","R","M","E","T","R","M","$","E","M","R","B",null,"M","?","M","?","M","E","R","?","T","M","E","M","R","$","R","B"],"character_chosen":"DEFECT","items_purchased":["Bandage Up","Force Field","Lantern"],"campfire_rested":0,"item_purchase_floors":[12,31,31],"current_hp_per_floor":[77,76,76,77,78,78,76,66,66,66,61,61,54,50,50,20,100,101,81,74,74,59,41,41,41,41,53,49,41,41,41,41,0],"gold":22,"neow_bonus":"TEN_PERCENT_HP_BONUS","is_prod":false,"is_daily":false,"chose_seed":false,"campfire_upgraded":6,"win_rate":0.0,"timestamp":1561723371,"path_taken":["M","M","?","?","M","R","M","E","T","R","M","$","E","M","R","BOSS","M","?","M","?","M","E","R","?","T","M","E","M","R","$","R","BOSS"],"build_version":"2019-01-23","purchased_purges":1,"victory":false,"max_hp_per_floor":[82,82,82,83,84,84,85,86,86,86,87,87,98,99,99,100,100,101,106,107,74,75,76,76,76,76,77,78,79,79,79,79,79],"card_choices":[{"not_picked":["Reprogram","Hologram"],"picked":"Cold Snap","floor":1},{"not_picked":["Hologram","Loop"],"picked":"Ball Lightning","floor":2},{"not_picked":["Compile Driver","Static Discharge"],"picked":"Sweeping Beam","floor":4},{"not_picked":["Scrape","Biased Cognition"],"picked":"Chaos","floor":5},{"not_picked":["Reinforced Body","Doom and Gloom","Streamline"],"picked":"SKIP","floor":7},{"not_picked":["Cold Snap","Tempest"],"picked":"Chill","floor":8},{"not_picked":["Redo","Cold Snap"],"picked":"Genetic Algorithm","floor":11},{"not_picked":["Stack","Doom and Gloom","Streamline"],"picked":"SKIP","floor":13},{"not_picked":["Heatsinks","Darkness","Ball Lightning"],"picked":"SKIP","floor":14},{"not_picked":["Machine Learning","Seek"],"picked":"Electrodynamics","floor":16},{"not_picked":["Sweeping Beam","Reinforced Body"],"picked":"Double Energy","floor":18},{"not_picked":["Static Discharge","Steam"],"picked":"Ball Lightning+1","floor":20},{"not_picked":["Go for the Eyes","Redo"],"picked":"Conserve Battery","floor":22},{"not_picked":["Coolheaded","Defragment+1"],"picked":"White Noise+1","floor":23},{"not_picked":["Streamline","Hologram"],"picked":"Capacitor","floor":27},{"not_picked":["Leap","Genetic Algorithm+1","Go for the Eyes"],"picked":"SKIP","floor":28},{"not_picked":["Barrage+1","Creative AI","Steam"],"picked":"SKIP","floor":29}],"player_experience":6319,"relics_obtained":[{"floor":8,"key":"Juzu Bracelet"},{"floor":9,"key":"Darkstone Periapt"},{"floor":13,"key":"Pear"},{"floor":23,"key":"Vajra"},{"floor":26,"key":"Meat on the Bone"},{"floor":28,"key":"Bronze Scales"}],"event_choices":[{"damage_healed":0,"gold_gain":0,"player_choice":"Trade","damage_taken":0,"relics_obtained":["FaceOfCleric"],"max_hp_gain":0,"max_hp_loss":0,"event_name":"FaceTrader","floor":3,"gold_loss":0},{"damage_healed":0,"gold_gain":0,"player_choice":"Shed Blood","damage_taken":25,"max_hp_gain":5,"max_hp_loss":0,"event_name":"Forgotten Altar","floor":19,"gold_loss":0},{"damage_healed":0,"gold_gain":0,"player_choice":"Became a vampire","damage_taken":0,"max_hp_gain":0,"max_hp_loss":33,"event_name":"Vampires","floor":21,"gold_loss":0,"cards_obtained":["Bite","Bite","Bite","Bite","Bite"]},{"cards_removed":["Defend_B"],"damage_healed":0,"gold_gain":0,"player_choice":"Gave Gold","damage_taken":0,"max_hp_gain":0,"max_hp_loss":0,"event_name":"Beggar","floor":25,"gold_loss":75}],"is_beta":false,"boss_relics":[{"not_picked":["FrozenCore","Ectoplasm"],"picked":"Nuclear Battery"}],"items_purged_floors":[12],"is_endless":false,"potions_floor_spawned":[4,5,7,13,14,16,23,27,28,29],"killed_by":"Collector","ascension_level":0}