{"gold_per_floor":[16,16,30,50,50,50,65,65,120,133,133,161,161,186,186,284,284,295,295,26,39,55,55],"floor_reached":23,"playtime":766,"items_purged":["Decay"],"score":201,"play_id":"0cd579f0-dbd4-4793-b6a5-67ad2be75176","local_time":"20190710172127","is_ascension_mode":false,"campfire_choices":[{"data":"Bash","floor":6,"key":"SMITH"},{"data":"True Grit","floor":8,"key":"SMITH"},{"data":"Impervious","floor":11,"key":"SMITH"},{"data":"Carnage","floor":13,"key":"SMITH"},{"floor":15,"key":"REST"}],"neow_cost":"NO_GOLD","seed_source_timestamp":16840600694388,"circlet_count":0,"master_deck":["Strike_R","Strike_R","Strike_R","Defend_R","Defend_R","Defend_R","Bash+1","True Grit+1","Impervious+1","Carnage+1","Intimidate","Offering","Dropkick"],"relics":["Burning Blood","Smiling Mask","Juzu Bracelet","Bottled Flame","Philosopher\u0027s Stone","Lantern"],"potions_floor_usage":[12,23,23],"damage_taken":[{"damage":5,"enemies":"2 Louse","floor":1,"turns":4},{"damage":6,"enemies":"Cultist","floor":3,"turns":3},{"damage":8,"enemies":"Jaw Worm","floor":4,"turns":3},{"damage":19,"enemies":"Exordium Thugs","floor":7,"turns":10},{"damage":1,"enemies":"Looter","floor":10,"turns":4},{"damage":18,"enemies":"Lagavulin","floor":12,"turns":5},{"damage":30,"enemies":"Gremlin Nob","floor":14,"turns":6},{"damage":35,"enemies":"The Guardian","floor":16,"turns":9},{"damage":18,"enemies":"Spheric Guardian","floor":18,"turns":5},{"damage":21,"enemies":"3 Byrds","floor":21,"turns":5},{"damage":20,"enemies":"Centurion and Healer","floor":22,"turns":4},{"damage":57,"enemies":"Book of Stabbing","floor":23,"turns":7}],"seed_played":"5674791427757633759","potions_obtained":[{"floor":4,"key":"AttackPotion"},{"floor":10,"key":"LiquidBronze"},{"floor":14,"key":"Regen Potion"},{"floor":16,"key":"Energy Potion"}],"is_trial":false,"path_per_floor":["M","?","M","M","?","R","M","R","T","M","R","E","R","E","R","B",null,"M","?","$","M","M","E"],"character_chosen":"IRONCLAD","items_purchased":["Dropkick","Lantern"],"campfire_rested":1,"item_purchase_floors":[20,20],"current_hp_per_floor":[80,80,80,78,80,80,67,67,67,72,72,60,60,36,60,31,80,68,68,68,53,39,0],"gold":55,"neow_bonus":"TRANSFORM_TWO_CARDS","is_prod":false,"is_daily":false,"chose_seed":false,"campfire_upgraded":4,"win_rate":0,"timestamp":1562772087,"path_taken":["M","?","M","M","?","R","M","R","T","?","R","E","R","E","R","BOSS","M","?","$","M","M","E"],"build_version":"2019-07-05","purchased_purges":1,"victory":false,"max_hp_per_floor":[80,80,80,80,80,80,80,80,80,80,80,80,80,80,80,80,80,80,80,80,80,80,80],"card_choices":[{"not_picked":["Clash","Whirlwind","True Grit"],"picked":"SKIP","floor":1},{"not_picked":["Pommel Strike","Headbutt","Twin Strike"],"picked":"SKIP","floor":3},{"not_picked":["Whirlwind","Second Wind","Body Slam"],"picked":"SKIP","floor":4},{"not_picked":["Searing Blow","Pommel Strike","Armaments"],"picked":"SKIP","floor":7},{"not_picked":["Warcry","Feel No Pain","Metallicize"],"picked":"SKIP","floor":10},{"not_picked":["Warcry","Feel No Pain","Metallicize"],"picked":"SKIP","floor":10},{"not_picked":["Feed","Impervious"],"picked":"Carnage","floor":12},{"not_picked":["Second Wind","Wild Strike"],"picked":"Intimidate","floor":14},{"not_picked":["Juggernaut","Brutality"],"picked":"Offering","floor":16},{"not_picked":["Headbutt+1","Hemokinesis","Sword Boomerang"],"picked":"SKIP","floor":18},{"not_picked":["Spot Weakness","Clash","Wild Strike+1"],"picked":"SKIP","floor":21},{"not_picked":["Entrench","Anger","Shrug It Off"],"picked":"SKIP","floor":22}],"player_experience":59007,"relics_obtained":[{"floor":9,"key":"Smiling Mask"},{"floor":12,"key":"Juzu Bracelet"},{"floor":14,"key":"Bottled Flame"}],"event_choices":[{"damage_healed":0,"gold_gain":0,"cards_transformed":["Defend_R"],"player_choice":"Change","damage_taken":0,"max_hp_gain":0,"max_hp_loss":0,"event_name":"Living Wall","floor":2,"gold_loss":0,"cards_obtained":["Reckless Charge"]},{"cards_removed":["Reckless Charge"],"damage_healed":2,"gold_gain":0,"player_choice":"Offered Uncommon","damage_taken":0,"max_hp_gain":0,"max_hp_loss":0,"event_name":"Bonfire Elementals","floor":5,"gold_loss":0},{"damage_healed":0,"gold_gain":0,"player_choice":"Cursed","damage_taken":0,"max_hp_gain":0,"max_hp_loss":0,"event_name":"Wheel of Change","floor":19,"gold_loss":0,"cards_obtained":["Decay"]}],"is_beta":false,"boss_relics":[{"not_picked":["Sozu","Runic Pyramid"],"picked":"Philosopher\u0027s Stone"}],"items_purged_floors":[20],"is_endless":false,"potions_floor_spawned":[4,10,14,16],"killed_by":"Book of Stabbing","ascension_level":0}