{"gold_per_floor":[111,127,145,145,145,178,178,178,178,198,222,236,236,32,32,32],"floor_reached":16,"playtime":335,"items_purged":[],"score":133,"play_id":"2b5a0a8d-5df7-48e0-9e28-cd38bd75a6b0","local_time":"20190424184859","is_ascension_mode":true,"campfire_choices":[{"floor":7,"key":"REST"},{"floor":15,"key":"REST"}],"neow_cost":"NONE","seed_source_timestamp":0,"circlet_count":0,"master_deck":["Strike_B","Strike_B","Strike_B+1","Strike_B","Defend_B","Defend_B","Defend_B","Defend_B","Zap","Dualcast","Melter+1","Gash","Double Energy","Conserve Battery+1","Doom and Gloom","Steam+1"],"special_seed":0,"relics":["Cracked Core","NeowsBlessing","Golden Idol","StoneCalendar","Toxic Egg 2","Thread and Needle","ClockworkSouvenir"],"potions_floor_usage":[11,12],"damage_taken":[{"damage":0.0,"enemies":"Cultist","floor":1.0,"turns":1.0},{"damage":0.0,"enemies":"Small Slimes","floor":2.0,"turns":1.0},{"damage":0.0,"enemies":"2 Louse","floor":3.0,"turns":1.0},{"damage":25.0,"enemies":"Gremlin Nob","floor":6.0,"turns":4.0},{"damage":26,"enemies":"Gremlin Gang","floor":10,"turns":5},{"damage":2,"enemies":"Looter","floor":11,"turns":2},{"damage":0,"enemies":"3 Louse","floor":12,"turns":2},{"damage":56,"enemies":"Hexaghost","floor":16,"turns":10}],"seed_played":"47099164478247626","potions_obtained":[{"floor":3.0,"key":"LiquidBronze"},{"floor":10,"key":"Fire Potion"},{"floor":11,"key":"Fire Potion"}],"is_trial":false,"path_per_floor":["M","M","M","?","?","E","R","?","T","M","M","M","?","$","R","B"],"character_chosen":"DEFECT","items_purchased":["ClockworkSouvenir"],"campfire_rested":2,"item_purchase_floors":[14],"current_hp_per_floor":[68,68,68,50,35,10,32,32,32,6,4,4,29,29,51,0],"gold":32,"neow_bonus":"THREE_ENEMY_KILL","is_prod":false,"is_daily":false,"chose_seed":false,"campfire_upgraded":0,"win_rate":0,"timestamp":1556120939,"path_taken":["M","M","M","?","?","E","R","?","T","M","M","?","?","$","R","BOSS"],"build_version":"2019-01-23","purchased_purges":0,"victory":false,"max_hp_per_floor":[75,75,75,75,75,75,75,75,75,75,75,75,75,75,75,75],"card_choices":[{"not_picked":["Rebound","Stack"],"picked":"Conserve Battery","floor":1.0},{"not_picked":["Rebound","Barrage"],"picked":"Melter","floor":2.0},{"not_picked":["Sweeping Beam","Barrage"],"picked":"Gash","floor":3.0},{"not_picked":["Stack","Ball Lightning"],"picked":"Double Energy","floor":6},{"not_picked":["Tempest+1","Meteor Strike"],"picked":"Conserve Battery+1","floor":10},{"not_picked":["Storm","Lockon"],"picked":"Doom and Gloom","floor":11},{"not_picked":["Leap+1","Beam Cell"],"picked":"Steam+1","floor":12}],"player_experience":592114,"relics_obtained":[{"floor":6,"key":"StoneCalendar"},{"floor":9,"key":"Thread and Needle"}],"event_choices":[{"damage_healed":0.0,"max_hp_gain":0.0,"max_hp_loss":0.0,"gold_gain":0.0,"event_name":"Golden Idol","player_choice":"Take Damage","floor":4.0,"gold_loss":0.0,"damage_taken":18.0,"relics_obtained":["Golden Idol"]},{"damage_healed":0.0,"max_hp_gain":0.0,"max_hp_loss":0.0,"gold_gain":0.0,"event_name":"Shining Light","player_choice":"Entered Light","floor":5.0,"gold_loss":0.0,"damage_taken":15.0,"cards_upgraded":["Melter","Strike_B"]},{"cards_removed":["Conserve Battery"],"damage_healed":0,"gold_gain":0,"player_choice":"Gave Card","damage_taken":0,"relics_obtained":["Toxic Egg 2"],"max_hp_gain":0,"max_hp_loss":0,"event_name":"WeMeetAgain","floor":8,"gold_loss":0},{"damage_healed":25,"gold_gain":0,"player_choice":"Banana","damage_taken":0,"max_hp_gain":0,"max_hp_loss":0,"event_name":"Big Fish","floor":13,"gold_loss":0}],"is_beta":false,"boss_relics":[],"items_purged_floors":[],"is_endless":false,"potions_floor_spawned":[3,10,11],"killed_by":"Hexaghost","ascension_level":6}