{"gold_per_floor":[109,129,129,141,153,203,215,227],"floor_reached":8,"playtime":271,"items_purged":[],"score":89,"play_id":"3814a6af-6a95-43cb-8153-bfdd92c14e90","local_time":"20190414104844","is_ascension_mode":true,"campfire_choices":[],"neow_cost":"NONE","seed_source_timestamp":0,"circlet_count":0,"master_deck":["AscendersBane","Strike_R","Strike_R","Strike_R","Strike_R","Strike_R","Defend_R","Defend_R+1","Defend_R","Defend_R","Bash","Flame Barrier","Rupture+1","Injury","Flame Barrier"],"special_seed":0,"relics":["Runic Cube","MawBank","Golden Idol","Regal Pillow","Pear"],"potions_floor_usage":[6],"damage_taken":[{"damage":1.0,"enemies":"Cultist","floor":1.0,"turns":4.0},{"damage":1.0,"enemies":"Jaw Worm","floor":2.0,"turns":5.0},{"damage":20,"enemies":"3 Sentries","floor":6,"turns":8},{"damage":49,"enemies":"Gremlin Nob","floor":8,"turns":5}],"seed_played":"-6347748386909367927","potions_obtained":[{"floor":2.0,"key":"PowerPotion"}],"is_trial":false,"path_per_floor":["M","M","T","?","?","E","?","E"],"character_chosen":"IRONCLAD","items_purchased":[],"campfire_rested":0,"item_purchase_floors":[],"current_hp_per_floor":[71,70,70,70,54,34,44,0],"gold":227,"neow_bonus":"BOSS_RELIC","is_prod":false,"is_daily":false,"chose_seed":false,"campfire_upgraded":0,"win_rate":0,"timestamp":1555228124,"path_taken":["M","?","?","?","?","E","?","E"],"build_version":"2019-01-23","purchased_purges":0,"victory":false,"max_hp_per_floor":[80,80,80,80,80,80,90,90],"card_choices":[{"not_picked":["Flex","Clothesline"],"picked":"Flame Barrier","floor":1.0},{"not_picked":["Searing Blow","Body Slam"],"picked":"Rupture","floor":2.0},{"not_picked":["Spot Weakness","Warcry"],"picked":"Flame Barrier","floor":6}],"player_experience":542922,"relics_obtained":[{"floor":3.0,"key":"MawBank"},{"floor":6,"key":"Regal Pillow"},{"floor":7,"key":"Pear"}],"event_choices":[{"damage_healed":0.0,"max_hp_gain":0.0,"max_hp_loss":0.0,"gold_gain":0.0,"event_name":"Golden Idol","player_choice":"Take Wound","floor":4.0,"gold_loss":0.0,"damage_taken":0.0,"relics_obtained":["Golden Idol"],"cards_obtained":["Injury"]},{"damage_healed":0.0,"max_hp_gain":0.0,"max_hp_loss":0.0,"gold_gain":0.0,"event_name":"Shining Light","player_choice":"Entered Light","floor":5.0,"gold_loss":0.0,"damage_taken":16.0,"cards_upgraded":["Defend_R","Rupture"]},{"damage_healed":0,"gold_gain":0,"player_choice":"Relic","damage_taken":0,"max_hp_gain":0,"max_hp_loss":0,"event_name":"Wheel of Change","floor":7,"gold_loss":0}],"is_beta":false,"boss_relics":[],"items_purged_floors":[],"is_endless":false,"potions_floor_spawned":[2],"killed_by":"Gremlin Nob","ascension_level":13}