{"gold_per_floor":[118,148,160,171,171,201,217,217,217,217,233,233,233,247,247,351,351,367,378,388,388,406,406],"floor_reached":23,"playtime":1123,"items_purged":[],"score":195,"play_id":"7974e8af-8dcc-4b8c-b17b-e5f9170cb904","local_time":"20190710222604","is_ascension_mode":false,"campfire_choices":[{"data":"Neutralize","floor":8,"key":"SMITH"},{"data":"Backflip","floor":10,"key":"SMITH"},{"data":"Tools of the Trade","floor":13,"key":"SMITH"},{"data":"Underhanded Strike","floor":15,"key":"SMITH"}],"neow_cost":"NONE","seed_source_timestamp":34759274505465,"circlet_count":0,"master_deck":["Strike_G","Strike_G","Strike_G","Strike_G","Strike_G","Defend_G","Defend_G","Defend_G","Defend_G","Defend_G","Survivor","Neutralize+1","Underhanded Strike+1","Backflip+1","Dark Shackles","Tools of the Trade+1","Envenom","Underhanded Strike","Reflex"],"relics":["Ring of the Snake","Tiny Chest","Mercury Hourglass","Lantern","Sundial","Snecko Eye","Nilry\u0027s Codex"],"potions_floor_usage":[6,6,6,16,16,22],"damage_taken":[{"damage":0,"enemies":"Small Slimes","floor":1,"turns":4},{"damage":0,"enemies":"2 Louse","floor":3,"turns":4},{"damage":12,"enemies":"Cultist","floor":4,"turns":5},{"damage":6,"enemies":"Gremlin Nob","floor":6,"turns":6},{"damage":1,"enemies":"Exordium Wildlife","floor":7,"turns":4},{"damage":0,"enemies":"Large Slime","floor":11,"turns":6},{"damage":0,"enemies":"3 Louse","floor":14,"turns":3},{"damage":24,"enemies":"Slime Boss","floor":16,"turns":10},{"damage":20,"enemies":"Spheric Guardian","floor":18,"turns":8},{"damage":4,"enemies":"2 Thieves","floor":19,"turns":3},{"damage":6,"enemies":"Centurion and Healer","floor":20,"turns":7},{"damage":0,"enemies":"Cultist and Chosen","floor":22,"turns":4},{"damage":26,"enemies":"Slavers","floor":23,"turns":2}],"seed_played":"7534790869082817254","potions_obtained":[{"floor":0,"key":"GhostInAJar"},{"floor":0,"key":"Block Potion"},{"floor":0,"key":"Explosive Potion"},{"floor":7,"key":"AttackPotion"},{"floor":14,"key":"Regen Potion"},{"floor":18,"key":"SkillPotion"}],"is_trial":false,"path_per_floor":["M","?","M","M","?","E","M","R","T","R","M","T","R","M","R","B",null,"M","M","M","?","M","E"],"character_chosen":"THE_SILENT","items_purchased":[],"campfire_rested":0,"item_purchase_floors":[],"current_hp_per_floor":[70,52,52,40,40,34,33,33,33,33,33,33,33,33,33,23,70,50,46,40,24,24,0],"gold":406,"neow_bonus":"THREE_SMALL_POTIONS","is_prod":false,"is_daily":false,"chose_seed":false,"campfire_upgraded":4,"win_rate":0,"timestamp":1562790364,"path_taken":["M","?","M","M","?","E","M","R","T","R","?","?","R","M","R","BOSS","M","M","M","?","M","E"],"build_version":"2019-07-05","purchased_purges":0,"victory":false,"max_hp_per_floor":[70,70,70,70,70,70,70,70,70,70,70,70,70,70,70,70,70,70,70,70,70,70,70],"card_choices":[{"not_picked":["Acrobatics","Dagger Throw"],"picked":"Underhanded Strike","floor":1},{"not_picked":["Cloak And Dagger","Blade Dance"],"picked":"Backflip","floor":3},{"not_picked":["Underhanded Strike","Bane","Deadly Poison"],"picked":"SKIP","floor":4},{"not_picked":["Bane","Sucker Punch"],"picked":"Tools of the Trade","floor":6},{"not_picked":["Underhanded Strike","Blade Dance","Bane"],"picked":"SKIP","floor":7},{"not_picked":["Accuracy","Acrobatics","Predator"],"picked":"SKIP","floor":11},{"not_picked":["Slice","Backflip","Predator"],"picked":"SKIP","floor":14},{"not_picked":["Storm of Steel","Night Terror"],"picked":"Envenom","floor":16},{"not_picked":["Dagger Spray","Bane"],"picked":"Underhanded Strike","floor":18},{"not_picked":["Poisoned Stab","Eviscerate","Dagger Throw"],"picked":"SKIP","floor":19},{"not_picked":["Flying Knee","Bane","Dodge and Roll"],"picked":"SKIP","floor":20},{"not_picked":["Bane","Flying Knee"],"picked":"Reflex","floor":22}],"player_experience":73805,"relics_obtained":[{"floor":6,"key":"Mercury Hourglass"},{"floor":9,"key":"Lantern"},{"floor":12,"key":"Sundial"},{"floor":21,"key":"Nilry\u0027s Codex"}],"event_choices":[{"damage_healed":0,"gold_gain":0,"player_choice":"Success","damage_taken":18,"relics_obtained":["Tiny Chest"],"max_hp_gain":0,"max_hp_loss":0,"event_name":"Scrap Ooze","floor":2,"gold_loss":0},{"damage_healed":0,"gold_gain":0,"player_choice":"1 cards matched","damage_taken":0,"max_hp_gain":0,"max_hp_loss":0,"event_name":"Match and Keep!","floor":5,"gold_loss":0,"cards_obtained":["Dark Shackles"]},{"damage_healed":0,"gold_gain":0,"player_choice":"Obtained Book","damage_taken":16,"max_hp_gain":0,"max_hp_loss":0,"event_name":"Cursed Tome","floor":21,"gold_loss":0}],"is_beta":false,"boss_relics":[{"not_picked":["Astrolabe","Tiny House"],"picked":"Snecko Eye"}],"items_purged_floors":[],"is_endless":false,"potions_floor_spawned":[1,7,14,18],"killed_by":"Slavers","ascension_level":0}