{"path_per_floor":["M","?","?","M","$","E","R","M","T","M","E","?","M","$","R","B",null,"M","?","$","?","?","R","M","R","T","?","M","M","$","E","R"],"character_chosen":"IRONCLAD","items_purchased":["Orichalcum","Bag of Marbles","Toxic Egg 2","Blood Vial","Bronze Scales"],"gold_per_floor":[115,190,190,202,52,82,82,100,148,159,494,669,685,610,610,713,713,731,681,141,141,141,141,157,157,180,180,197,210,66,95,95,95],"floor_reached":33,"campfire_rested":2,"playtime":955,"current_hp_per_floor":[72,61,66,72,72,56,56,56,56,62,50,50,55,55,80,11,67,73,73,73,73,73,73,81,81,81,59,59,52,52,40,57,0],"items_purged":["Doubt"],"gold":95,"score":380,"play_id":"5dc21560-e7ac-46dc-b43d-94f066de0d3e","local_time":"20180429170925","is_prod":false,"is_daily":false,"chose_seed":false,"is_ascension_mode":true,"campfire_upgraded":3,"timestamp":1525010965,"path_taken":["M","?","?","M","?","E","R","?","T","M","E","?","?","?","R","BOSS","M","?","$","?","?","R","M","R","T","?","?","M","?","E","R","BOSS"],"build_version":"2018-04-28v2","seed_source_timestamp":276479373304899,"purchased_purges":2,"victory":false,"master_deck":["Defend_R","Defend_R","Defend_R","Defend_R","Bash","Immolate+1","Whirlwind+1","Flame Barrier+1","Juggernaut","Berserk","Disarm+1","Disarm+1","Bite","Bite","Bite","Bite","Bite","Disarm+1"],"max_hp_per_floor":[80,80,85,85,85,85,85,85,85,85,85,85,85,85,85,85,85,85,85,85,85,85,85,85,85,85,59,59,59,59,59,59,59],"relics":["Burning Blood","Orichalcum","Pen Nib","Art of War","Old Coin","Velvet Choker","Bag of Marbles","Toxic Egg 2","Blood Vial","Omamori","Bronze Scales","Lantern"],"card_choices":[{"not_picked":["Clothesline","Anger"],"picked":"Whirlwind","floor":1},{"not_picked":["Shockwave","Pommel Strike"],"picked":"Flame Barrier","floor":4},{"not_picked":["Pummel","Sword Boomerang"],"picked":"Juggernaut","floor":13},{"not_picked":["Fiend Fire","Dark Embrace"],"picked":"Berserk","floor":16},{"not_picked":["Headbutt","Shrug It Off"],"picked":"Disarm","floor":31}],"player_experience":225614,"potions_floor_usage":[6,11,16,16,31],"damage_taken":[{"damage":6,"enemies":"Cultist","floor":1,"turns":3},{"damage":0,"enemies":"2 Louse","floor":4,"turns":1},{"damage":22,"enemies":"Gremlin Nob","floor":6,"turns":4},{"damage":6,"enemies":"Jaw Worm","floor":8,"turns":2},{"damage":0,"enemies":"2 Fungi Beasts","floor":10,"turns":3},{"damage":18,"enemies":"Lagavulin","floor":11,"turns":5},{"damage":1,"enemies":"Exordium Wildlife","floor":13,"turns":3},{"damage":75,"enemies":"Hexaghost","floor":16,"turns":11},{"damage":0,"enemies":"3 Byrds","floor":18,"turns":3},{"damage":0,"enemies":"2 Thieves","floor":24,"turns":1},{"damage":9,"enemies":"Centurion and Healer","floor":28,"turns":3},{"damage":15,"enemies":"Snecko","floor":29,"turns":5},{"damage":27,"enemies":"Slavers","floor":31,"turns":3},{"damage":82,"enemies":"Automaton","floor":33,"turns":6}],"event_choices":[{"event_name":"World of Goop","player_choice":"Gather Gold","floor":2,"damage_taken":0},{"event_name":"Big Fish","player_choice":"Donut","floor":3,"damage_taken":0},{"event_name":"Liars Game","player_choice":"agreed","floor":12,"damage_taken":0},{"event_name":"The Joust","player_choice":"Bet on Murderer","floor":19,"damage_taken":0},{"event_name":"The Library","player_choice":"Read","floor":21,"damage_taken":0},{"event_name":"Duplicator","player_choice":"One dupe","floor":22,"damage_taken":0},{"event_name":"Vampires","player_choice":"Became a vampire","floor":27,"damage_taken":0}],"boss_relics":[{"not_picked":["Philosopher\u0027s Stone","White Beast Statue"],"picked":"Velvet Choker"}],"potions_floor_spawned":[4,8,10,13,24],"seed_played":"3755625888485807130","killed_by":"Automaton","ascension_level":6,"is_trial":false}