{"gold_per_floor":[114,114,129,129,148,148,167,167,167,186,186,361,86,86],"floor_reached":14,"playtime":554,"items_purged":["Doubt"],"score":90,"play_id":"6c330d5f-1ce6-4234-91e0-84e0bd034d53","local_time":"20180714192012","daily_mods":["Shiny","Uncertain Future","Lethality"],"is_ascension_mode":false,"campfire_choices":[{"data":"1","floor":6,"key":"LIFT"},{"data":"2","floor":8,"key":"LIFT"}],"neow_cost":"","seed_source_timestamp":0,"circlet_count":0,"master_deck":["Multi-Cast","Hyperbeam","Thunder Strike","Biased Cognition","Machine Learning","Electrodynamics","Buffer","Rainbow","Seek","Meteor Strike","Echo Form","All For One","Reboot","Amplify","Creative AI","Fission","Core Surge","Double Energy","Injury","Recycle"],"special_seed":17726,"relics":["Cracked Core","Girya","Golden Idol","Pen Nib","Toolbox"],"potions_floor_usage":[10,11],"damage_taken":[{"damage":0,"enemies":"2 Louse","floor":1,"turns":2},{"damage":19,"enemies":"Small Slimes","floor":3,"turns":3},{"damage":0,"enemies":"Cultist","floor":5,"turns":2},{"damage":0,"enemies":"Large Slime","floor":7,"turns":5},{"damage":9,"enemies":"2 Fungi Beasts","floor":10,"turns":2},{"damage":21,"enemies":"Lagavulin","floor":11,"turns":5},{"damage":19,"enemies":"Gremlin Gang","floor":14,"turns":1}],"seed_played":"-1557900698408723444","potions_obtained":[{"floor":1,"key":"Strength Potion"},{"floor":5,"key":"SmokeBomb"}],"is_trial":false,"path_per_floor":["M","?","M","?","M","R","M","R","T","M","E","?","$"],"character_chosen":"DEFECT","items_purchased":["Toolbox"],"campfire_rested":0,"item_purchase_floors":[13],"current_hp_per_floor":[75,63,44,44,44,44,44,44,44,35,14,14,14,0],"gold":86,"neow_bonus":"","is_prod":false,"is_daily":true,"chose_seed":false,"campfire_upgraded":0,"win_rate":0,"timestamp":1531585212,"path_taken":["M","?","M","?","M","R","M","R","T","M","E","?","$","M"],"build_version":"2018-07-12","purchased_purges":1,"victory":false,"max_hp_per_floor":[75,75,75,75,75,75,75,75,75,75,75,75,75,75],"card_choices":[{"not_picked":["Chaos","Steam Power"],"picked":"Double Energy","floor":1},{"not_picked":["Stack","Compile Driver","Cold Snap"],"picked":"SKIP","floor":3},{"not_picked":["Gash","Conserve Battery"],"picked":"Recycle","floor":5},{"not_picked":["Reinforced Body","Rebound","Stack"],"picked":"SKIP","floor":7},{"not_picked":["Leap","Conserve Battery","Reprogram"],"picked":"SKIP","floor":10}],"player_experience":305063,"relics_obtained":[{"floor":9,"key":"Pen Nib"}],"event_choices":[{"event_name":"Scrap Ooze","player_choice":"success","floor":2,"damage_taken":12},{"event_name":"Golden Idol","player_choice":"Take Wound","floor":4,"damage_taken":0},{"event_name":"Liars Game","player_choice":"agreed","floor":12,"damage_taken":0}],"boss_relics":[],"items_purged_floors":[13],"is_endless":false,"potions_floor_spawned":[1,5],"killed_by":"Gremlin Gang","ascension_level":0}