{"gold_per_floor":[112,112,37,37,104,104,134,3,30,107,232,282,301,286],"floor_reached":14,"playtime":385,"items_purged":["Strike_R"],"score":142,"play_id":"e7d73e3c-7f29-460a-854d-73ba2bfc016c","local_time":"20190406153832","is_ascension_mode":true,"campfire_choices":[{"floor":6,"key":"RECALL"}],"neow_cost":"NONE","seed_source_timestamp":26672231406500,"circlet_count":0,"master_deck":["AscendersBane","Strike_R","Strike_R","Strike_R","Strike_R","Defend_R","Defend_R","Defend_R","Defend_R","Bash","Forethought","Flex","Ghostly Armor","Twin Strike","Whirlwind+1","PanicButton"],"relics":["Burning Blood","Blue Candle","SsserpentHead","Bag of Marbles","Strawberry"],"potions_floor_usage":[13,14],"damage_taken":[{"damage":14,"enemies":"2 Louse","floor":1,"turns":4},{"damage":6,"enemies":"Cultist","floor":5,"turns":4},{"damage":61,"enemies":"Lagavulin","floor":7,"turns":7},{"damage":0,"enemies":"Jaw Worm","floor":13,"turns":1},{"damage":12,"enemies":"Exordium Thugs","floor":14,"turns":2}],"seed_played":"9083281054359993266","potions_obtained":[{"floor":1,"key":"LiquidBronze"},{"floor":7,"key":"Energy Potion"},{"floor":13,"key":"Dexterity Potion"}],"is_trial":false,"path_per_floor":["M","?","$","?","M","R","E","$","T","T","?","?","M","M"],"character_chosen":"IRONCLAD","items_purchased":["Whirlwind","PanicButton"],"campfire_rested":0,"item_purchase_floors":[8,8],"current_hp_per_floor":[64,64,64,64,64,64,9,9,9,16,5,5,11,0],"gold":286,"neow_bonus":"RANDOM_COLORLESS","is_prod":false,"is_daily":false,"chose_seed":false,"campfire_upgraded":0,"win_rate":0,"timestamp":1554554312,"path_taken":["M","?","?","?","?","R","E","$","T","?","?","?","M","M"],"build_version":"2019-01-23","purchased_purges":1,"victory":false,"max_hp_per_floor":[80,80,80,80,80,80,80,80,80,87,87,87,87,87],"card_choices":[{"not_picked":["Perfected Strike","Power Through"],"picked":"Flex","floor":1},{"not_picked":["Headbutt","Twin Strike"],"picked":"Ghostly Armor","floor":5},{"not_picked":["Heavy Blade","Wild Strike"],"picked":"Twin Strike","floor":7},{"not_picked":["Whirlwind","Power Through","True Grit"],"picked":"SKIP","floor":13}],"player_experience":526424,"relics_obtained":[{"floor":7,"key":"Bag of Marbles"},{"floor":10,"key":"Strawberry"}],"event_choices":[{"damage_healed":0,"gold_gain":0,"player_choice":"Gave Potion","damage_taken":0,"relics_obtained":["Blue Candle"],"max_hp_gain":0,"max_hp_loss":0,"event_name":"WeMeetAgain","floor":2,"gold_loss":0},{"damage_healed":0,"gold_gain":0,"player_choice":"Trade","damage_taken":0,"relics_obtained":["SsserpentHead"],"max_hp_gain":0,"max_hp_loss":0,"event_name":"FaceTrader","floor":4,"gold_loss":0},{"damage_healed":0,"gold_gain":75,"player_choice":"Gather Gold","damage_taken":11,"max_hp_gain":0,"max_hp_loss":0,"event_name":"World of Goop","floor":11,"gold_loss":0},{"damage_healed":0,"gold_gain":0,"player_choice":"Forge","damage_taken":0,"max_hp_gain":0,"max_hp_loss":0,"event_name":"Accursed Blacksmith","floor":12,"gold_loss":0,"cards_upgraded":["Whirlwind"]}],"is_beta":false,"boss_relics":[],"items_purged_floors":[3],"is_endless":false,"potions_floor_spawned":[1,7,13],"killed_by":"Exordium Thugs","ascension_level":13}