{"path_per_floor":["M","T","$","?","?","R","M","E","T","M","T","R","M","E","R","B",null,"M","?","M","?","?","R","M","M","T","R","E","M","M","?","R","B",null,"M","?","?","M","M","R","M","E","T","M","?","M","R","M","R"],"character_chosen":"IRONCLAD","items_purchased":[],"gold_per_floor":[112,112,37,37,37,37,48,77,100,113,160,160,174,199,199,295,295,295,295,295,195,195,195,195,195,195,195,195,195,195,195,195,195,195,195,0,0,0,0,0,0,0,0,0,0,0,0,0,0,0],"floor_reached":50,"campfire_rested":5,"playtime":4390,"current_hp_per_floor":[80,80,80,73,73,73,76,53,53,56,56,80,74,47,71,7,80,68,68,63,63,63,63,67,72,72,72,57,53,58,58,80,42,80,79,79,69,69,74,74,73,68,68,54,54,34,58,45,69,0],"items_purged":["Defend_R"],"gold":0,"score":633,"play_id":"1777be9f-3b8f-4c87-8724-b6761199ba0d","local_time":"20180330205803","is_prod":false,"is_daily":false,"is_ascension_mode":true,"campfire_upgraded":4,"timestamp":1522432683,"path_taken":["M","?","?","?","?","R","M","E","T","?","?","R","?","E","R","BOSS","M","?","?","?","?","R","M","M","T","R","E","?","M","?","R","BOSS","M","?","?","M","?","R","M","E","T","M","?","M","R","M","R","BOSS"],"build_version":"2018-03-29v2","purchased_purges":1,"victory":false,"master_deck":["Defend_R+1","Defend_R+1","Bash+1","Regret","Bloodletting+1","Flame Barrier+1","Carnage","Bludgeon","Bite","Bite","Bite","Bite","Bite","Fire Breathing+1","J.A.X.+1","Thunderclap","Bludgeon","Madness+1","Madness+1","Combust+1","Carnage+1","Flex+1"],"max_hp_per_floor":[80,80,80,80,80,80,80,80,80,80,80,80,80,80,80,80,80,80,80,80,80,80,80,80,80,80,80,80,80,80,80,80,80,80,80,80,80,80,80,80,80,80,80,80,80,80,80,80,80,80],"relics":["Burning Blood","Centennial Puzzle","Lantern","Orichalcum","Oddly Smooth Stone","Toxic Egg 2","Ectoplasm","Shuriken","Pen Nib","Mercury Hourglass","War Paint","Sozu","Red Mask","Dead Branch","Champion Belt"],"card_choices":[{"not_picked":["Wild Strike","Exhume"],"picked":"Bloodletting","floor":7},{"not_picked":["Hemokinesis","Headbutt"],"picked":"Flame Barrier","floor":8},{"not_picked":["Ghostly Armor","Headbutt"],"picked":"Carnage","floor":14},{"not_picked":["Dark Embrace","Feed"],"picked":"Bludgeon","floor":16},{"not_picked":["Dual Wield","Evolve"],"picked":"Fire Breathing","floor":20},{"not_picked":["Headbutt","Sever Soul"],"picked":"Thunderclap","floor":25},{"not_picked":["Exhume","Impervious"],"picked":"Bludgeon","floor":33},{"not_picked":["Sword Boomerang","Clash"],"picked":"Twin Strike","floor":39},{"not_picked":["Body Slam","Juggernaut"],"picked":"Combust","floor":41},{"not_picked":["Perfected Strike","Cleave"],"picked":"Carnage","floor":44},{"not_picked":["Twin Strike","Clothesline"],"picked":"Flex","floor":48}],"player_experience":151429,"potions_floor_usage":[8,8,10,16,24,28,33,33],"damage_taken":[{"damage":1,"enemies":"Cultist","floor":1,"turns":4},{"damage":3,"enemies":"2 Louse","floor":7,"turns":2},{"damage":29,"enemies":"Lagavulin","floor":8,"turns":5},{"damage":3,"enemies":"Small Slimes","floor":10,"turns":2},{"damage":12,"enemies":"2 Fungi Beasts","floor":13,"turns":3},{"damage":35,"enemies":"3 Sentries","floor":14,"turns":11},{"damage":72,"enemies":"The Guardian","floor":16,"turns":11},{"damage":18,"enemies":"Shell Parasite","floor":18,"turns":5},{"damage":15,"enemies":"3 Byrds","floor":20,"turns":3},{"damage":18,"enemies":"Sentry and Sphere","floor":24,"turns":5},{"damage":7,"enemies":"Chosen and Byrds","floor":25,"turns":3},{"damage":31,"enemies":"Slavers","floor":28,"turns":4},{"damage":18,"enemies":"Snecko","floor":29,"turns":4},{"damage":7,"enemies":"3 Cultists","floor":30,"turns":3},{"damage":58,"enemies":"Champ","floor":33,"turns":8},{"damage":13,"enemies":"3 Shapes","floor":35,"turns":4},{"damage":14,"enemies":"3 Darklings","floor":38,"turns":3},{"damage":5,"enemies":"Sphere and 2 Shapes","floor":39,"turns":3},{"damage":15,"enemies":"Maw","floor":41,"turns":6},{"damage":17,"enemies":"Nemesis","floor":42,"turns":3},{"damage":36,"enemies":"4 Shapes","floor":44,"turns":2},{"damage":28,"enemies":"Sphere and 2 Shapes","floor":46,"turns":3},{"damage":29,"enemies":"Maw","floor":48,"turns":5},{"damage":94,"enemies":"Donu and Deca","floor":50,"turns":5}],"event_choices":[{"event_name":"Golden Wing","player_choice":"Card Removal","floor":4,"damage_taken":0},{"event_name":"Big Fish","player_choice":"Box","floor":5,"damage_taken":0},{"event_name":"Vampires","player_choice":"Became a vampire (Vial)","floor":19,"damage_taken":0},{"event_name":"Drug Dealer","player_choice":"Got JAXXED","floor":21,"damage_taken":0},{"event_name":"Wheel of Change","player_choice":"Relic","floor":22,"damage_taken":0},{"event_name":"The Mausoleum","player_choice":"Yes","floor":31,"damage_taken":0},{"event_name":"Tomb of Lord Red Mask","player_choice":"Paid","floor":36,"damage_taken":0},{"event_name":"Winding Halls","player_choice":"Embrace Madness","floor":37,"damage_taken":0}],"boss_relics":[{"not_picked":["Orrery","Cursed Key"],"picked":"Ectoplasm"},{"not_picked":["Mark of Pain","Runic Pyramid"],"picked":"Sozu"}],"potions_floor_spawned":[8,14,18,24,30,38,39,42,44,48],"seed_played":"-8203324610602037449","killed_by":"Donu and Deca","ascension_level":2,"is_trial":false}