{"gold_per_floor":[113,133,133,150,150,150,75,93,93,93,126,136,36,36,36,140,140,157,157,169,26,26,59,59,59],"floor_reached":25,"playtime":623,"items_purged":["Defend_G","Strike_G"],"score":252,"play_id":"6fd068aa-f6a3-4435-a5dd-80b1b12a1e5c","local_time":"20180929212502","is_ascension_mode":true,"campfire_choices":[{"data":"1","floor":6,"key":"LIFT"},{"data":"2","floor":10,"key":"LIFT"},{"floor":15,"key":"REST"},{"floor":24,"key":"REST"}],"neow_cost":"NONE","seed_source_timestamp":734560089877031,"circlet_count":0,"master_deck":["Defend_G","Defend_G","Defend_G","Defend_G+1","Strike_G","Strike_G","Strike_G","Strike_G+1","Survivor","Neutralize","Poisoned Stab","Skewer","A Thousand Cuts","Regret","Envenom","Calculated Gamble","Distraction"],"relics":["Velvet Choker","Girya","Mercury Hourglass","Happy Flower","Sundial","Sozu","Lantern","Shovel"],"potions_floor_usage":[11,11],"damage_taken":[{"damage":0,"enemies":"Small Slimes","floor":1,"turns":4},{"damage":0,"enemies":"Jaw Worm","floor":2,"turns":5},{"damage":0,"enemies":"Cultist","floor":4,"turns":3},{"damage":1,"enemies":"Red Slaver","floor":8,"turns":2},{"damage":7,"enemies":"3 Sentries","floor":11,"turns":5},{"damage":1,"enemies":"2 Fungi Beasts","floor":12,"turns":2},{"damage":25,"enemies":"The Guardian","floor":16,"turns":9},{"damage":12,"enemies":"Spheric Guardian","floor":18,"turns":3},{"damage":15,"enemies":"Shell Parasite","floor":20,"turns":3},{"damage":40,"enemies":"Slavers","floor":23,"turns":4},{"damage":36,"enemies":"Book of Stabbing","floor":25,"turns":3}],"seed_played":"-3439348732036987865","potions_obtained":[{"floor":2,"key":"Energy Potion"},{"floor":8,"key":"Dexterity Potion"}],"is_trial":false,"path_per_floor":["M","M","?","M","?","R","$","M","T","R","E","M","$","?","R","B",null,"M","?","M","$","?","E","R"],"character_chosen":"THE_SILENT","items_purchased":["Lantern"],"campfire_rested":2,"item_purchase_floors":[21],"current_hp_per_floor":[70,70,58,58,44,44,44,43,43,43,36,35,35,35,56,31,70,58,70,55,55,55,15,36,0],"gold":59,"neow_bonus":"BOSS_RELIC","is_prod":false,"is_daily":false,"chose_seed":false,"campfire_upgraded":0,"win_rate":0,"timestamp":1538245502,"path_taken":["M","M","?","?","?","R","$","M","T","R","E","M","$","?","R","BOSS","M","?","M","$","?","E","R","E"],"build_version":"2018-09-27","purchased_purges":2,"victory":false,"max_hp_per_floor":[70,70,70,70,70,70,70,70,70,70,70,70,70,70,70,70,70,70,70,70,70,70,70,70,70],"card_choices":[{"not_picked":["Sucker Punch","Setup","Heel Hook"],"picked":"SKIP","floor":1},{"not_picked":["Distraction","Dagger Spray"],"picked":"Poisoned Stab","floor":2},{"not_picked":["PiercingWail","Underhanded Strike"],"picked":"Skewer","floor":4},{"not_picked":["Concentrate","Backflip","Deadly Poison"],"picked":"SKIP","floor":8},{"not_picked":["Bane","Slice","Skewer"],"picked":"SKIP","floor":11},{"not_picked":["Blade Dance","Reflex"],"picked":"A Thousand Cuts","floor":12},{"not_picked":["After Image","Wraith Form v2"],"picked":"Envenom","floor":16},{"not_picked":["Underhanded Strike","Bane"],"picked":"Calculated Gamble","floor":18},{"not_picked":["Blade Dance","Blur"],"picked":"Distraction","floor":20},{"not_picked":["Heel Hook","Bane","Blade Dance"],"picked":"SKIP","floor":23}],"player_experience":401903,"relics_obtained":[{"floor":9,"key":"Mercury Hourglass"},{"floor":11,"key":"Happy Flower"},{"floor":23,"key":"Shovel"}],"event_choices":[{"event_name":"Scrap Ooze","player_choice":"success","floor":3,"damage_taken":12},{"event_name":"Shining Light","player_choice":"Entered Light","floor":5,"damage_taken":0},{"event_name":"Big Fish","player_choice":"Box","floor":14,"damage_taken":0},{"event_name":"The Library","player_choice":"Heal","floor":19,"damage_taken":0},{"event_name":"Vampires","player_choice":"Ignored","floor":22,"damage_taken":0}],"is_beta":false,"boss_relics":[{"not_picked":["Coffee Dripper","Runic Pyramid"],"picked":"Sozu"}],"items_purged_floors":[7,13],"is_endless":false,"potions_floor_spawned":[2,8,20,23],"killed_by":"Book of Stabbing","ascension_level":3}