{"gold_per_floor":[114,129,144,159,174,174,189,204,229,29,59,59,89,104,104,204,204,219,234,234,2,17,17,47,47,47,62,137,167,182,197,197,297,297,312,327,2,17,0,0,30,30,105,105,105,120,120,20,20,20],"floor_reached":51,"playtime":4476,"items_purged":["Combust","Blizzard"],"score":856,"play_id":"fcc74d81-7a3c-4b03-a0fb-d1977ac5c545","local_time":"20180720013227","daily_mods":["Diverse","Cursed Run","Night Terrors"],"is_ascension_mode":false,"campfire_choices":[{"data":"Spot Weakness","floor":6.0,"key":"SMITH"},{"floor":12.0,"key":"REST"},{"data":"Infinite Blades","floor":15.0,"key":"SMITH"},{"data":"Infinite Blades","floor":23.0,"key":"SMITH"},{"floor":25.0,"key":"REST"},{"floor":32.0,"key":"REST"},{"floor":40,"key":"REST"},{"floor":42,"key":"REST"},{"data":"A Thousand Cuts","floor":44,"key":"SMITH"},{"floor":49,"key":"REST"}],"neow_cost":"","seed_source_timestamp":0,"circlet_count":0,"master_deck":["Zap","Dualcast","Spot Weakness+1","Prepared","Thunderclap","Immolate","Infinite Blades+1","Anger","Clumsy","Outmaneuver","Backflip","Ball Lightning","Clumsy","Tools of the Trade","Pommel Strike","Coolheaded","Iron Wave","BootSequence","PiercingWail","Underhanded Strike","Reprogram","Infinite Blades+1","Aggregate","Shockwave","Night Terror","Clumsy","Distraction+1","Parasite","Juggernaut","Warcry+1","Injury","A Thousand Cuts+1","Skim+1","Intimidate+1","Doubt","Injury","Anger","Writhe"],"special_seed":17732,"relics":["Cursed Key","Darkstone Periapt","Du-Vu Doll","Medical Kit","DataDisk","Emotion Chip","Pandora\u0027s Box","Nloth\u0027s Gift","Boot","Orichalcum","Gremlin Horn","Mummified Hand","Matryoshka","Sozu","Singing Bowl","Red Mask","Dream Catcher","Pen Nib","Dodecahedron","Potion Belt","Mercury Hourglass"],"potions_floor_usage":[],"damage_taken":[{"damage":2.0,"enemies":"Small Slimes","floor":1.0,"turns":2.0},{"damage":1.0,"enemies":"Cultist","floor":2.0,"turns":3.0},{"damage":1.0,"enemies":"Jaw Worm","floor":3.0,"turns":3.0},{"damage":1.0,"enemies":"Gremlin Gang","floor":4.0,"turns":3.0},{"damage":11.0,"enemies":"3 Louse","floor":5.0,"turns":3.0},{"damage":0.0,"enemies":"2 Fungi Beasts","floor":7.0,"turns":2.0},{"damage":15.0,"enemies":"Exordium Wildlife","floor":8.0,"turns":3.0},{"damage":4.0,"enemies":"Gremlin Nob","floor":11.0,"turns":3.0},{"damage":0.0,"enemies":"3 Sentries","floor":13.0,"turns":2.0},{"damage":0.0,"enemies":"Gremlin Gang","floor":14.0,"turns":2.0},{"damage":32.0,"enemies":"The Guardian","floor":16.0,"turns":7.0},{"damage":7.0,"enemies":"Spheric Guardian","floor":18.0,"turns":3.0},{"damage":15.0,"enemies":"2 Thieves","floor":19.0,"turns":3.0},{"damage":9.0,"enemies":"3 Cultists","floor":22.0,"turns":3.0},{"damage":27.0,"enemies":"Book of Stabbing","floor":24.0,"turns":4.0},{"damage":21.0,"enemies":"Snake Plant","floor":27.0,"turns":5.0},{"damage":17.0,"enemies":"Gremlin Leader","floor":29.0,"turns":4.0},{"damage":13.0,"enemies":"Slaver and Parasite","floor":30.0,"turns":4.0},{"damage":0.0,"enemies":"Centurion and Healer","floor":31.0,"turns":3.0},{"damage":35.0,"enemies":"Champ","floor":33.0,"turns":9.0},{"damage":17,"enemies":"3 Darklings","floor":35,"turns":4},{"damage":9,"enemies":"3 Shapes","floor":36,"turns":3},{"damage":35,"enemies":"3 Darklings","floor":38,"turns":3},{"damage":31,"enemies":"Nemesis","floor":41,"turns":5},{"damage":21,"enemies":"4 Shapes","floor":46,"turns":3},{"damage":88,"enemies":"Awakened One","floor":50,"turns":8}],"seed_played":"-1497029972376068251","potions_obtained":[{"floor":1.0,"key":"Block Potion"},{"floor":4.0,"key":"EssenceOfSteel"},{"floor":7.0,"key":"Poison Potion"},{"floor":11.0,"key":"Ancient Potion"},{"floor":13.0,"key":"EssenceOfSteel"},{"floor":14.0,"key":"Dexterity Potion"},{"floor":19.0,"key":"PowerPotion"},{"floor":27.0,"key":"Explosive Potion"},{"floor":30.0,"key":"SneckoOil"}],"is_trial":false,"path_per_floor":["M","M","M","M","M","R","M","M","T","$","E","R","E","M","R","B",null,"M","M","?","$","M","R","E","R","T","M","T","E","M","M","R","B",null,"M","M","$","M","?","R","E","R","T","R","T","M","?","$","R","B"],"character_chosen":"DEFECT","items_purchased":["Medical Kit","Boot","Aggregate","Singing Bowl"],"campfire_rested":6,"item_purchase_floors":[10,21,21,37],"current_hp_per_floor":[73,72,71,70,59,59,59,44,50,50,46,76,76,76,76,50,82,75,60,60,60,51,51,24,77,83,62,68,51,38,38,84,55,90,73,64,64,31,31,87,58,84,90,90,96,77,77,77,93,11],"gold":20,"neow_bonus":"","is_prod":false,"is_daily":true,"chose_seed":false,"campfire_upgraded":4,"win_rate":0.0,"timestamp":1532068347,"path_taken":["M","M","M","M","M","R","M","M","T","$","E","R","E","M","R","BOSS","M","M","?","$","M","R","E","R","T","M","?","E","M","M","R","BOSS","M","M","$","?","?","R","E","R","T","R","?","?","?","$","R","BOSS"],"build_version":"2018-07-19v2","purchased_purges":2,"victory":true,"max_hp_per_floor":[75,75,75,75,75,75,75,75,81,81,81,76,76,76,76,82,82,82,82,82,82,82,82,82,77,83,83,89,89,89,89,84,90,90,90,90,90,92,92,87,89,84,90,90,96,98,98,98,93,99],"card_choices":[{"not_picked":["Self Repair","Pommel Strike"],"picked":"Spot Weakness","floor":1.0},{"not_picked":["Compile Driver","Clash"],"picked":"Prepared","floor":2.0},{"not_picked":["Infernal Blade","Armaments"],"picked":"Thunderclap","floor":3.0},{"not_picked":["Sword Boomerang","Leap"],"picked":"Skim","floor":4.0},{"not_picked":["Blood for Blood","Cold Snap"],"picked":"Immolate","floor":5.0},{"not_picked":["Second Wind","Burning Pact"],"picked":"Infinite Blades","floor":7.0},{"not_picked":["Clothesline","Second Wind"],"picked":"Anger","floor":8.0},{"not_picked":["Storm","Corpse Explosion"],"picked":"Outmaneuver","floor":11.0},{"not_picked":["All For One","True Grit"],"picked":"Backflip","floor":13.0},{"not_picked":["Cloak And Dagger","Heel Hook"],"picked":"Ball Lightning","floor":14.0},{"not_picked":["Venomology","Exhume"],"picked":"Tools of the Trade","floor":16.0},{"not_picked":["Scrape+1","Recycle+1"],"picked":"Reprogram","floor":18.0},{"not_picked":["Eviscerate+1","Heel Hook+1"],"picked":"Infinite Blades","floor":19.0},{"not_picked":["Skewer","Shrug It Off"],"picked":"Shockwave","floor":22.0},{"not_picked":["Storm of Steel","Streamline+1"],"picked":"Night Terror","floor":24.0},{"not_picked":["Twin Strike","Wild Strike"],"picked":"Distraction+1","floor":27.0},{"not_picked":["Escape Plan","Compile Driver"],"picked":"Juggernaut","floor":29.0},{"not_picked":["Perfected Strike","Dagger Throw","Glass Knife"],"picked":"SKIP","floor":30.0},{"not_picked":["Slice+1","Evolve"],"picked":"Warcry+1","floor":31.0},{"not_picked":["Fission","Impervious"],"picked":"A Thousand Cuts","floor":33.0},{"not_picked":["PiercingWail","Shrug It Off+1"],"picked":"Skim+1","floor":35},{"not_picked":["Sweeping Beam+1","Self Repair+1","Burning Pact"],"picked":"SKIP","floor":36},{"not_picked":["Warcry","Slice+1","Reflex+1"],"picked":"Singing Bowl","floor":38},{"not_picked":["Capacitor+1","Burst","Genetic Algorithm+1"],"picked":"Singing Bowl","floor":41},{"not_picked":["Blur+1","Pommel Strike"],"picked":"Intimidate+1","floor":42},{"not_picked":["Outmaneuver","Reinforced Body+1","Twin Strike+1"],"picked":"Singing Bowl","floor":46},{"not_picked":["Armaments+1","Clothesline+1"],"picked":"Anger","floor":49}],"player_experience":73325,"relics_obtained":[{"floor":9.0,"key":"Anchor"},{"floor":11.0,"key":"DataDisk"},{"floor":13.0,"key":"Emotion Chip"},{"floor":24.0,"key":"Orichalcum"},{"floor":26.0,"key":"Gremlin Horn"},{"floor":28.0,"key":"Mummified Hand"},{"floor":29.0,"key":"Matryoshka"},{"floor":41,"key":"Dream Catcher"},{"floor":43,"key":"Pen Nib"},{"floor":43,"key":"Dodecahedron"},{"floor":45,"key":"Potion Belt"},{"floor":45,"key":"Mercury Hourglass"}],"event_choices":[{"event_name":"N\u0027loth","player_choice":"Traded a Anchor","floor":20.0,"damage_taken":0.0},{"event_name":"Tomb of Lord Red Mask","player_choice":"Paid","floor":39,"damage_taken":0},{"event_name":"Falling","player_choice":"Removed Skill","floor":47,"damage_taken":0}],"is_beta":false,"boss_relics":[{"not_picked":["Orrery","Coffee Dripper"],"picked":"Pandora\u0027s Box"},{"not_picked":["Empty Cage","Velvet Choker"],"picked":"Sozu"}],"items_purged_floors":[37,48],"is_endless":false,"potions_floor_spawned":[1,4,7,11,13,14,19,27,30,35,41],"ascension_level":0}