{"gold_per_floor":[118,128,128,128,128,128,157,157,157,157,188,113,129,129,129,230,230,245,245,292,43,61,95,95,129,204,214,214,232,232,232,232,331,331,350,365,1364,1419,1419,1445,1445,1459,1459,753,772,772,772,807,807,807],"floor_reached":51,"playtime":2261,"items_purged":["Regret","Normality"],"score":858,"play_id":"e20504f1-b60f-469e-9581-3aff35cf7e73","local_time":"20180921134905","is_ascension_mode":true,"campfire_choices":[{"data":"Dash","floor":6,"key":"SMITH"},{"data":"Tools of the Trade","floor":8,"key":"SMITH"},{"data":"1","floor":10,"key":"LIFT"},{"data":"2","floor":15,"key":"LIFT"},{"floor":24,"key":"REST"},{"data":"3","floor":30,"key":"LIFT"},{"floor":32,"key":"REST"},{"floor":47,"key":"REST"},{"floor":49,"key":"REST"}],"neow_cost":"NONE","seed_source_timestamp":14356739292331,"circlet_count":0,"master_deck":["Defend_G+1","Defend_G+1","Defend_G+1","Defend_G+1","Defend_G+1","Strike_G+1","Strike_G+1","Strike_G+1","Strike_G+1","Strike_G+1","Survivor","Neutralize+1","Tools of the Trade+1","Dash+1","All Out Attack+1","Dagger Spray","Dagger Spray+1","Envenom","Terror","Deadly Poison","A Thousand Cuts","Reflex+1","Normality","Noxious Fumes+1","Tactician","Metamorphosis"],"relics":["Ring of the Snake","Bird Faced Urn","Juzu Bracelet","Girya","Vajra","CultistMask","Fusion Hammer","Snake Skull","Matryoshka","Singing Bowl","Regal Pillow","Orichalcum","Bottled Flame","Smiling Mask","HoveringKite","Tingsha","Paper Crane","Meat on the Bone","Whetstone","ClockworkSouvenir","Bag of Preparation","Tiny Chest","Pen Nib","Dead Branch"],"potions_floor_usage":[7,7,16,23,23,33,40,48,48],"damage_taken":[{"damage":1,"enemies":"Cultist","floor":1,"turns":4},{"damage":0,"enemies":"2 Louse","floor":2,"turns":4},{"damage":0,"enemies":"Gremlin Nob","floor":7,"turns":3},{"damage":19,"enemies":"Lagavulin","floor":11,"turns":6},{"damage":0,"enemies":"Small Slimes","floor":13,"turns":1},{"damage":9,"enemies":"Slime Boss","floor":16,"turns":7},{"damage":0,"enemies":"3 Byrds","floor":18,"turns":2},{"damage":10,"enemies":"Spheric Guardian","floor":22,"turns":3},{"damage":24,"enemies":"Book of Stabbing","floor":23,"turns":5},{"damage":19,"enemies":"Gremlin Leader","floor":25,"turns":3},{"damage":18,"enemies":"Snecko","floor":27,"turns":4},{"damage":9,"enemies":"Snake Plant","floor":29,"turns":2},{"damage":47,"enemies":"Automaton","floor":33,"turns":9},{"damage":5,"enemies":"3 Shapes","floor":35,"turns":3},{"damage":7,"enemies":"Orb Walker","floor":36,"turns":3},{"damage":16,"enemies":"Mysterious Sphere","floor":38,"turns":4},{"damage":16,"enemies":"Giant Head","floor":40,"turns":6},{"damage":10,"enemies":"Maw","floor":42,"turns":6},{"damage":1,"enemies":"3 Darklings","floor":45,"turns":2},{"damage":26,"enemies":"2 Orb Walkers","floor":48,"turns":4},{"damage":56,"enemies":"Time Eater","floor":50,"turns":6}],"seed_played":"-5420725756093650393","potions_obtained":[{"floor":1,"key":"Fire Potion"},{"floor":5,"key":"AttackPotion"},{"floor":5,"key":"SpeedPotion"},{"floor":11,"key":"GamblersBrew"},{"floor":18,"key":"Poison Potion"},{"floor":27,"key":"Poison Potion"},{"floor":29,"key":"Regen Potion"},{"floor":33,"key":"Dexterity Potion"},{"floor":36,"key":"Regen Potion"},{"floor":40,"key":"SpeedPotion"}],"is_trial":false,"path_per_floor":["M","M","?","?","?","R","E","R","T","R","E","$","M","?","R","B",null,"M","?","T","$","M","E","R","E","T","M","?","M","R","?","R","B",null,"M","M","?","?","?","E","?","M","T","$","M","T","R","E","R","B"],"character_chosen":"THE_SILENT","items_purchased":["Matryoshka","ClockworkSouvenir","Metamorphosis","Bag of Preparation","Tiny Chest"],"campfire_rested":4,"item_purchase_floors":[21,44,44,44,44],"current_hp_per_floor":[69,69,69,69,69,69,70,70,70,70,51,51,53,53,53,46,70,70,70,70,70,62,44,65,50,50,34,34,29,29,14,53,25,83,78,78,78,66,66,70,70,70,70,70,73,73,85,63,87,47],"gold":807,"neow_bonus":"ONE_RANDOM_RARE_CARD","is_prod":false,"is_daily":false,"chose_seed":false,"campfire_upgraded":2,"win_rate":0,"timestamp":1537526945,"path_taken":["M","M","?","?","?","R","E","R","T","R","E","$","M","?","R","BOSS","M","?","?","$","M","E","R","E","T","M","?","M","R","?","R","BOSS","M","M","?","?","?","E","?","M","T","?","M","?","R","E","R","BOSS"],"build_version":"2018-09-20","purchased_purges":2,"victory":true,"max_hp_per_floor":[70,70,70,70,70,70,70,70,70,70,70,70,70,70,70,70,70,70,70,70,70,70,72,72,74,74,76,76,78,78,83,83,83,83,83,85,85,85,81,81,81,83,83,83,85,85,85,87,87,87],"card_choices":[{"not_picked":["Dodge and Roll","Poisoned Stab"],"picked":"Dash","floor":1},{"not_picked":["Skewer","Infinite Blades"],"picked":"All Out Attack","floor":2},{"not_picked":["Slice","Prepared"],"picked":"Dagger Spray","floor":7},{"not_picked":["Acrobatics","Calculated Gamble"],"picked":"Dagger Spray","floor":11},{"not_picked":["Finisher","Grand Finale","Poisoned Stab"],"picked":"SKIP","floor":13},{"not_picked":["Wraith Form v2","Corpse Explosion"],"picked":"Envenom","floor":16},{"not_picked":["PiercingWail","Sucker Punch"],"picked":"Terror","floor":18},{"not_picked":["Finisher","Caltrops"],"picked":"Deadly Poison","floor":22},{"not_picked":["Deadly Poison","Heel Hook+1","Bane"],"picked":"Singing Bowl","floor":23},{"not_picked":["Poisoned Stab+1","Backflip+1","Slice"],"picked":"Singing Bowl","floor":25},{"not_picked":["Blade Dance+1","Cloak And Dagger","Flying Knee"],"picked":"Singing Bowl","floor":27},{"not_picked":["Bane","Dodge and Roll+1","Prepared+1"],"picked":"Singing Bowl","floor":29},{"not_picked":["Malaise","After Image"],"picked":"A Thousand Cuts","floor":33},{"not_picked":["Dagger Spray","Prepared"],"picked":"Reflex+1","floor":35},{"not_picked":["Terror","Dodge and Roll+1","Poisoned Stab"],"picked":"Singing Bowl","floor":36},{"not_picked":["Bane+1","Leg Sweep+1"],"picked":"Noxious Fumes+1","floor":38},{"not_picked":["Poisoned Stab+1","Heel Hook+1"],"picked":"Tactician","floor":40},{"not_picked":["Flying Knee+1","Backflip","PiercingWail+1"],"picked":"Singing Bowl","floor":42},{"not_picked":["Flechettes","Poisoned Stab","Wraith Form v2"],"picked":"Singing Bowl","floor":45},{"not_picked":["Well Laid Plans+1","Prepared","Noxious Fumes"],"picked":"Singing Bowl","floor":48}],"player_experience":366100,"relics_obtained":[{"floor":7,"key":"Juzu Bracelet"},{"floor":9,"key":"Girya"},{"floor":11,"key":"Vajra"},{"floor":20,"key":"Snake Skull"},{"floor":23,"key":"Singing Bowl"},{"floor":25,"key":"Regal Pillow"},{"floor":26,"key":"Orichalcum"},{"floor":26,"key":"Bottled Flame"},{"floor":38,"key":"Tingsha"},{"floor":40,"key":"Paper Crane"},{"floor":43,"key":"Meat on the Bone"},{"floor":43,"key":"Whetstone"},{"floor":46,"key":"Pen Nib"},{"floor":48,"key":"Dead Branch"}],"event_choices":[{"event_name":"Living Wall","player_choice":"Grow","floor":3,"damage_taken":0},{"event_name":"Big Fish","player_choice":"Box","floor":4,"damage_taken":0},{"event_name":"The Lab","player_choice":"Got Potions","floor":5,"damage_taken":0},{"event_name":"FaceTrader","player_choice":"Trade","floor":14,"damage_taken":0},{"event_name":"Back to Basics","player_choice":"Simplicity","floor":19,"damage_taken":0},{"event_name":"WeMeetAgain","player_choice":"Potion","floor":28,"damage_taken":0},{"event_name":"Forgotten Altar","player_choice":"Shed Blood","floor":31,"damage_taken":0},{"event_name":"MindBloom","player_choice":"Gold","floor":37,"damage_taken":0},{"event_name":"Mysterious Sphere","player_choice":"Fight","floor":38,"damage_taken":0},{"event_name":"Winding Halls","player_choice":"Max HP","floor":39,"damage_taken":0},{"event_name":"SecretPortal","player_choice":"Rejected Portal.","floor":41,"damage_taken":0}],"is_beta":false,"boss_relics":[{"not_picked":["Velvet Choker","Ring of the Serpent"],"picked":"Fusion Hammer"},{"not_picked":["Eternal Feather","Runic Dome"],"picked":"HoveringKite"}],"items_purged_floors":[12,44],"is_endless":false,"potions_floor_spawned":[1,11,18,27,29,33,36,40],"ascension_level":1}