{"gold_per_floor":[109,109,109,120,137,172,29,41,95,95,95,114,114,132,132,132],"floor_reached":16,"playtime":915,"items_purged":["Strike_B"],"score":102,"play_id":"f0740093-639b-4c0a-92c9-bca29b1041ff","local_time":"20181130000318","is_ascension_mode":false,"campfire_choices":[{"data":"Static Discharge","floor":13,"key":"SMITH"},{"data":"Beam Cell","floor":15,"key":"SMITH"}],"neow_cost":"NONE","seed_source_timestamp":787907864238350,"circlet_count":0,"master_deck":["Strike_B","Strike_B","Strike_B","Defend_B","Defend_B","Defend_B+1","Defend_B","Zap+1","Dualcast","Beam Cell+1","Steam","Static Discharge+1","Buffer","Turbo","Steam","Reprogram","Parasite","Turbo"],"relics":["Cracked Core","Lantern","Bottled Tornado","Anchor","Happy Flower"],"potions_floor_usage":[6,6,16],"damage_taken":[{"damage":2,"enemies":"Small Slimes","floor":1,"turns":3},{"damage":1,"enemies":"Cultist","floor":4,"turns":3},{"damage":1,"enemies":"Jaw Worm","floor":5,"turns":2},{"damage":16,"enemies":"3 Sentries","floor":6,"turns":7},{"damage":1,"enemies":"2 Fungi Beasts","floor":8,"turns":4},{"damage":5,"enemies":"Looter","floor":12,"turns":4},{"damage":7,"enemies":"Blue Slaver","floor":14,"turns":3},{"damage":48,"enemies":"Slime Boss","floor":16,"turns":9}],"seed_played":"-9052507961378664916","potions_obtained":[{"floor":1,"key":"Poison Potion"},{"floor":5,"key":"LiquidBronze"},{"floor":8,"key":"SteroidPotion"}],"is_trial":false,"path_per_floor":["M","?","?","M","M","E","$","M","T","?","T","M","R","M","R","B"],"character_chosen":"DEFECT","items_purchased":["Turbo","Steam"],"campfire_rested":0,"item_purchase_floors":[7,7],"current_hp_per_floor":[73,58,58,57,56,40,40,39,39,57,57,52,52,45,45,0],"gold":132,"neow_bonus":"RANDOM_COMMON_RELIC","is_prod":false,"is_daily":false,"chose_seed":false,"campfire_upgraded":2,"win_rate":0,"timestamp":1543557798,"path_taken":["M","?","?","M","?","E","?","?","T","?","?","M","R","M","R","BOSS"],"build_version":"2018-11-15","purchased_purges":1,"victory":false,"max_hp_per_floor":[75,75,75,75,75,75,75,75,75,75,75,75,75,75,75,75],"card_choices":[{"not_picked":["Stack","Double Energy"],"picked":"Beam Cell","floor":1},{"not_picked":["Melter","Streamline"],"picked":"Steam","floor":4},{"not_picked":["Sweeping Beam","Coolheaded"],"picked":"Static Discharge","floor":5},{"not_picked":["Darkness","Cold Snap"],"picked":"Buffer","floor":6},{"not_picked":["Conserve Battery","Scrape"],"picked":"Reprogram","floor":8},{"not_picked":["Hello World","Coolheaded","Doom and Gloom"],"picked":"SKIP","floor":12},{"not_picked":["Storm","Stack"],"picked":"Turbo","floor":14}],"player_experience":180147,"relics_obtained":[{"floor":6,"key":"Bottled Tornado"},{"floor":9,"key":"Anchor"},{"floor":11,"key":"Happy Flower"}],"event_choices":[{"damage_healed":0,"gold_gain":0,"player_choice":"Entered Light","damage_taken":15,"max_hp_gain":0,"max_hp_loss":0,"event_name":"Shining Light","floor":2,"gold_loss":0,"cards_upgraded":["Defend_B","Zap"]},{"damage_healed":0,"gold_gain":0,"player_choice":"Bought 0 Potions","damage_taken":0,"max_hp_gain":0,"max_hp_loss":0,"event_name":"The Woman in Blue","floor":3,"gold_loss":0},{"damage_healed":18,"gold_gain":0,"player_choice":"Healed and dodged fight","damage_taken":0,"max_hp_gain":0,"max_hp_loss":0,"event_name":"Mushrooms","floor":10,"gold_loss":0,"cards_obtained":["Parasite"]}],"is_beta":false,"boss_relics":[],"items_purged_floors":[7],"is_endless":false,"potions_floor_spawned":[1,5,8],"killed_by":"Slime Boss","ascension_level":0}