{"gold_per_floor":[117,128,128,53,77,103,115,141,141,156,174,174],"floor_reached":12,"playtime":384,"items_purged":["Defend_B"],"score":108,"play_id":"1f9474fd-dd43-4a8d-95e1-f564143783e0","local_time":"20180829095610","is_ascension_mode":true,"campfire_choices":[],"neow_cost":"NONE","seed_source_timestamp":184553986456107,"circlet_count":0,"master_deck":["Strike_B","Strike_B","Strike_B","Defend_B","Defend_B","Defend_B","Zap","Dualcast","Beam Cell","Ball Lightning","Double Energy","Tempest","Static Discharge"],"relics":["Cracked Core","Potion Belt","Lantern","Vajra","Boot","Blue Candle"],"potions_floor_usage":[6,6,11],"damage_taken":[{"damage":0,"enemies":"Small Slimes","floor":1,"turns":3},{"damage":0,"enemies":"Cultist","floor":2,"turns":2},{"damage":26,"enemies":"Gremlin Nob","floor":6,"turns":4},{"damage":7,"enemies":"Jaw Worm","floor":7,"turns":2},{"damage":15,"enemies":"Lagavulin","floor":8,"turns":4},{"damage":18,"enemies":"Exordium Thugs","floor":10,"turns":4},{"damage":7,"enemies":"Exordium Wildlife","floor":11,"turns":3},{"damage":14,"enemies":"Red Slaver","floor":12,"turns":1}],"seed_played":"-1786645418168839938","potions_obtained":[{"floor":1,"key":"Weak Potion"},{"floor":2,"key":"PowerPotion"},{"floor":10,"key":"Fire Potion"}],"is_trial":false,"path_per_floor":["M","M","?","$","T","E","M","E","T","M","M"],"character_chosen":"DEFECT","items_purchased":[],"campfire_rested":0,"item_purchase_floors":[],"current_hp_per_floor":[75,75,75,75,75,49,42,27,27,9,2,0],"gold":174,"neow_bonus":"RANDOM_COMMON_RELIC","is_prod":false,"is_daily":false,"chose_seed":false,"campfire_upgraded":0,"win_rate":0,"timestamp":1535525770,"path_taken":["M","M","?","?","?","E","M","E","T","?","?","M"],"build_version":"2018-08-23v2","purchased_purges":1,"victory":false,"max_hp_per_floor":[75,75,75,75,75,75,75,75,75,75,75,75],"card_choices":[{"not_picked":["Self Repair","Streamline"],"picked":"Beam Cell","floor":1},{"not_picked":["Rip and Tear","Storm","Redo"],"picked":"SKIP","floor":2},{"not_picked":["Leap","Streamline"],"picked":"Ball Lightning","floor":6},{"not_picked":["Machine Learning","Coolheaded","Reprogram"],"picked":"SKIP","floor":7},{"not_picked":["Tempest","Ball Lightning"],"picked":"Double Energy","floor":8},{"not_picked":["Hologram","Consume"],"picked":"Tempest","floor":10},{"not_picked":["Coolheaded","Aggregate"],"picked":"Static Discharge","floor":11}],"player_experience":348371,"relics_obtained":[{"floor":5,"key":"Lantern"},{"floor":6,"key":"Vajra"},{"floor":8,"key":"Boot"},{"floor":9,"key":"Blue Candle"}],"event_choices":[{"event_name":"Bonfire Elementals","player_choice":"BASIC","floor":3,"damage_taken":0}],"is_beta":false,"boss_relics":[],"items_purged_floors":[4],"is_endless":false,"potions_floor_spawned":[1,2,10],"killed_by":"Red Slaver","ascension_level":4}