{"gold_per_floor":[13,33,308,319,319,354,354,398,398,398,411,444,469,487,487,487],"floor_reached":16,"playtime":685,"items_purged":[],"score":143,"play_id":"021eb2fb-795d-438e-8389-5213dd3d69af","local_time":"20190418190454","is_ascension_mode":true,"campfire_choices":[{"floor":7,"key":"REST"},{"floor":10,"key":"RECALL"},{"floor":15,"key":"REST"}],"neow_cost":"NO_GOLD","seed_source_timestamp":40949664709300,"circlet_count":0,"master_deck":["Strike_B","Strike_B","Strike_B","Strike_B","Defend_B","Defend_B","Defend_B","Defend_B","Zap","Dualcast","Hologram","Hologram","Regret","Leap","Echo Form","Coolheaded","Darkness","Steam","Leap"],"relics":["Cracked Core","FossilizedHelix","Golden Idol","Pen Nib","Dodecahedron","Odd Mushroom","DataDisk"],"potions_floor_usage":[6,8,12,16],"damage_taken":[{"damage":0,"enemies":"2 Louse","floor":1,"turns":3},{"damage":0,"enemies":"Cultist","floor":2,"turns":3},{"damage":3,"enemies":"Small Slimes","floor":4,"turns":4},{"damage":22,"enemies":"3 Sentries","floor":6,"turns":11},{"damage":23,"enemies":"Gremlin Nob","floor":8,"turns":4},{"damage":15,"enemies":"Blue Slaver","floor":11,"turns":4},{"damage":24,"enemies":"The Mushroom Lair","floor":12,"turns":7},{"damage":0,"enemies":"Looter","floor":14,"turns":5},{"damage":40,"enemies":"Hexaghost","floor":16,"turns":11}],"seed_played":"-5440516418843898829","potions_obtained":[{"floor":2,"key":"PowerPotion"},{"floor":6,"key":"Poison Potion"},{"floor":8,"key":"Dexterity Potion"},{"floor":14,"key":"Regen Potion"}],"is_trial":false,"path_per_floor":["M","M","?","M","?","E","R","E","T","R","M","?","T","M","R","B"],"character_chosen":"DEFECT","items_purchased":[],"campfire_rested":2,"item_purchase_floors":[],"current_hp_per_floor":[68,68,68,65,65,43,63,40,40,40,25,1,1,1,21,0],"gold":487,"neow_bonus":"ONE_RARE_RELIC","is_prod":false,"is_daily":false,"chose_seed":false,"campfire_upgraded":0,"win_rate":0,"timestamp":1555603494,"path_taken":["M","M","?","?","?","E","R","E","T","R","M","?","?","?","R","BOSS"],"build_version":"2019-01-23","purchased_purges":0,"victory":false,"max_hp_per_floor":[75,75,75,75,69,69,69,69,69,69,69,69,69,69,69,69],"card_choices":[{"not_picked":["Skim","Steam"],"picked":"Hologram","floor":1},{"not_picked":["Stack","Redo"],"picked":"Hologram","floor":2},{"not_picked":["Streamline","Go for the Eyes"],"picked":"Leap","floor":4},{"not_picked":["Beam Cell","BootSequence"],"picked":"Echo Form","floor":6},{"not_picked":["Gash","Redo"],"picked":"Coolheaded","floor":8},{"not_picked":["Steam","Rebound"],"picked":"Darkness","floor":11},{"not_picked":["Lockon","Coolheaded"],"picked":"Steam","floor":12},{"not_picked":["Stack","Hello World"],"picked":"Leap","floor":14}],"player_experience":563021,"relics_obtained":[{"floor":6,"key":"Pen Nib"},{"floor":8,"key":"Dodecahedron"},{"floor":12,"key":"Odd Mushroom"},{"floor":13,"key":"DataDisk"}],"event_choices":[{"damage_healed":0,"gold_gain":275,"player_choice":"Desecrate","damage_taken":0,"max_hp_gain":0,"max_hp_loss":0,"event_name":"Golden Shrine","floor":3,"gold_loss":0,"cards_obtained":["Regret"]},{"damage_healed":0,"gold_gain":0,"player_choice":"Lose Max HP","damage_taken":0,"relics_obtained":["Golden Idol"],"max_hp_gain":0,"max_hp_loss":6,"event_name":"Golden Idol","floor":5,"gold_loss":0},{"damage_healed":0,"gold_gain":0,"player_choice":"Fought Mushrooms","damage_taken":0,"max_hp_gain":0,"max_hp_loss":0,"event_name":"Mushrooms","floor":12,"gold_loss":0}],"is_beta":false,"boss_relics":[],"items_purged_floors":[],"is_endless":false,"potions_floor_spawned":[2,6,8,14],"killed_by":"Hexaghost","ascension_level":6}