{"gold_per_floor":[112,128,128,78,95,124,136,183,220,232],"floor_reached":10,"playtime":465,"items_purged":[],"score":125,"play_id":"29a86848-0437-4174-b7a8-5b5f61fb1e00","local_time":"20190405173955","is_ascension_mode":true,"campfire_choices":[{"floor":7.0,"key":"REST"}],"neow_cost":"TEN_PERCENT_HP_LOSS","seed_source_timestamp":0,"circlet_count":0,"master_deck":["AscendersBane","Strike_R","Strike_R","Strike_R","Strike_R","Defend_R","Defend_R","Defend_R","Bash","Shrug It Off","Rampage","Bludgeon","Flex"],"special_seed":0,"relics":["Burning Blood","Torii","MawBank","Lantern"],"potions_floor_usage":[10],"damage_taken":[{"damage":7.0,"enemies":"2 Louse","floor":1.0,"turns":2.0},{"damage":10.0,"enemies":"Small Slimes","floor":2.0,"turns":4.0},{"damage":6.0,"enemies":"Jaw Worm","floor":5.0,"turns":4.0},{"damage":26.0,"enemies":"Gremlin Nob","floor":6.0,"turns":4.0},{"damage":65.0,"enemies":"Lagavulin","floor":8.0,"turns":8.0},{"damage":12,"enemies":"3 Sentries","floor":10,"turns":3}],"seed_played":"4420310390129494019","potions_obtained":[{"floor":2.0,"key":"GamblersBrew"},{"floor":5.0,"key":"Energy Potion"},{"floor":8.0,"key":"SkillPotion"}],"is_trial":false,"path_per_floor":["M","M","?","?","M","E","R","E","T","E"],"character_chosen":"IRONCLAD","items_purchased":[],"campfire_rested":1,"item_purchase_floors":[],"current_hp_per_floor":[71,67,67,67,67,47,68,9,9,0],"gold":232,"neow_bonus":"ONE_RARE_RELIC","is_prod":false,"is_daily":false,"chose_seed":false,"campfire_upgraded":0,"win_rate":0,"timestamp":1554475195,"path_taken":["M","M","?","?","M","E","R","E","T","E"],"build_version":"2019-01-23","purchased_purges":0,"victory":false,"max_hp_per_floor":[72,72,72,72,72,72,72,72,72,72],"card_choices":[{"not_picked":["Warcry","Armaments","Battle Trance"],"picked":"SKIP","floor":1.0},{"not_picked":["Headbutt","Armaments"],"picked":"Shrug It Off","floor":2.0},{"not_picked":["Spot Weakness","Rage"],"picked":"Rampage","floor":5.0},{"not_picked":["Rupture","Bloodletting"],"picked":"Bludgeon","floor":6.0},{"not_picked":["Rage","Cleave"],"picked":"Flex","floor":8.0}],"player_experience":525120,"relics_obtained":[{"floor":6.0,"key":"MawBank"},{"floor":8.0,"key":"Lantern"}],"event_choices":[{"cards_removed":["Defend_R"],"damage_healed":0.0,"max_hp_gain":0.0,"max_hp_loss":0.0,"gold_gain":0.0,"event_name":"Living Wall","player_choice":"Forget","floor":3.0,"gold_loss":0.0,"damage_taken":0.0},{"cards_removed":["Strike_R"],"damage_healed":0.0,"max_hp_gain":0.0,"max_hp_loss":0.0,"gold_gain":0.0,"event_name":"The Cleric","player_choice":"Card Removal","floor":4.0,"gold_loss":50.0,"damage_taken":0.0}],"is_beta":false,"boss_relics":[],"items_purged_floors":[],"is_endless":false,"potions_floor_spawned":[2,5,8],"killed_by":"3 Sentries","ascension_level":13}