{"gold_per_floor":[119,194,194,369,385,420,420,446,446,446,446,464,464,477,477,579,579,562,591,591,591,591],"floor_reached":22,"playtime":690,"items_purged":[],"score":288,"play_id":"e3bb23e3-4dc8-4a29-9341-37877eaf5621","local_time":"20180809163252","is_ascension_mode":true,"campfire_choices":[{"data":"Sunder","floor":7,"key":"SMITH"},{"data":"Conserve Battery","floor":10,"key":"SMITH"},{"data":"BootSequence","floor":13,"key":"SMITH"},{"data":"Leap","floor":15,"key":"SMITH"}],"neow_cost":"NONE","seed_source_timestamp":1028391608176690,"circlet_count":0,"master_deck":["Strike_B","Strike_B","Strike_B","Strike_B","Defend_B","Defend_B","Defend_B","Defend_B","Zap","Dualcast","Sunder+1","Regret","Doubt","Leap+1","BootSequence+1","Conserve Battery+1","Streamline","Steam","Buffer+1","Coolheaded","Madness"],"relics":["Coffee Dripper","Frozen Egg 2","Shuriken","Boot","Juzu Bracelet","Philosopher\u0027s Stone","Red Mask"],"potions_floor_usage":[6,6,16,16,19],"damage_taken":[{"damage":2,"enemies":"2 Louse","floor":1,"turns":3},{"damage":12,"enemies":"Small Slimes","floor":5,"turns":3},{"damage":16,"enemies":"Lagavulin","floor":6,"turns":7},{"damage":22,"enemies":"Gremlin Nob","floor":8,"turns":5},{"damage":3,"enemies":"Jaw Worm","floor":12,"turns":3},{"damage":0,"enemies":"2 Fungi Beasts","floor":14,"turns":3},{"damage":8,"enemies":"The Guardian","floor":16,"turns":13},{"damage":18,"enemies":"2 Thieves","floor":18,"turns":4},{"damage":40,"floor":19,"turns":8},{"damage":8,"enemies":"Shell Parasite","floor":22,"turns":2}],"seed_played":"198840516767924717","potions_obtained":[{"floor":1,"key":"Dexterity Potion"},{"floor":5,"key":"Dexterity Potion"},{"floor":8,"key":"FocusPotion"},{"floor":14,"key":"PowerPotion"},{"floor":18,"key":"SteroidPotion"}],"is_trial":false,"path_per_floor":["M","?","?","?","M","E","R","E","T","R","?","M","R","M","R","B",null,"M","?","?","?"],"character_chosen":"DEFECT","items_purchased":[],"campfire_rested":0,"item_purchase_floors":[],"current_hp_per_floor":[73,62,62,62,50,34,34,12,12,12,12,9,9,9,9,1,75,57,17,3,3,0],"gold":591,"neow_bonus":"BOSS_RELIC","is_prod":false,"is_daily":false,"chose_seed":false,"campfire_upgraded":4,"win_rate":0,"timestamp":1533821572,"path_taken":["M","?","?","?","M","E","R","E","T","R","?","M","R","M","R","BOSS","M","?","?","?","M"],"build_version":"2018-08-02","purchased_purges":0,"victory":false,"max_hp_per_floor":[75,75,75,75,75,75,75,75,75,75,75,75,75,75,75,75,75,75,75,80,80,80],"card_choices":[{"not_picked":["Scrape","Reinforced Body"],"picked":"Sunder","floor":1},{"not_picked":["Steam Power","Skim"],"picked":"Leap","floor":5},{"not_picked":["Lockon","Capacitor+1"],"picked":"BootSequence","floor":6},{"not_picked":["Electrodynamics+1","Melter"],"picked":"Conserve Battery","floor":8},{"not_picked":["Compile Driver","Heatsinks+1"],"picked":"Streamline","floor":12},{"not_picked":["Gash","Turbo"],"picked":"Steam","floor":14},{"not_picked":["Reboot","Multi-Cast"],"picked":"Buffer+1","floor":16},{"not_picked":["Leap","Undo+1","Rebound"],"picked":"SKIP","floor":18},{"not_picked":["Reinforced Body","Loop+1"],"picked":"Coolheaded","floor":19}],"player_experience":335347,"relics_obtained":[{"floor":6,"key":"Shuriken"},{"floor":8,"key":"Boot"},{"floor":9,"key":"Juzu Bracelet"},{"floor":19,"key":"Red Mask"}],"event_choices":[{"event_name":"World of Goop","player_choice":"Gather Gold","floor":2,"damage_taken":0},{"event_name":"Big Fish","player_choice":"Box","floor":3,"damage_taken":0},{"event_name":"Liars Game","player_choice":"agreed","floor":4,"damage_taken":0},{"event_name":"Scrap Ooze","player_choice":"unsuccessful","floor":11,"damage_taken":0},{"event_name":"Masked Bandits","player_choice":"Fought over 562 gold","floor":19,"damage_taken":0},{"event_name":"Forgotten Altar","player_choice":"Shed Blood","floor":20,"damage_taken":0},{"event_name":"Match and Keep!","player_choice":"1 cards matched","floor":21,"damage_taken":0}],"is_beta":false,"boss_relics":[{"not_picked":["Snecko Eye","Astrolabe"],"picked":"Philosopher\u0027s Stone"}],"items_purged_floors":[],"is_endless":false,"potions_floor_spawned":[1,5,8,14,18],"killed_by":"Shell Parasite","ascension_level":4}