{"gold_per_floor":[113,124,144,94,94,94,94,94,94,111,125,6,70,89,89,190,190,210,210,210,210,64,90,90,90,90,105,105,117,117,133,133,133],"floor_reached":33,"playtime":854,"items_purged":[],"score":377,"play_id":"42fea8ff-03ba-4c9a-8bd3-990dca61c773","local_time":"20190628123726","is_ascension_mode":true,"campfire_choices":[{"data":"Conserve Battery","floor":6,"key":"SMITH"},{"data":"Genetic Algorithm","floor":8,"key":"SMITH"},{"data":"Electrodynamics","floor":15,"key":"SMITH"},{"floor":28,"key":"RECALL"},{"data":"Defragment","floor":32,"key":"SMITH"}],"neow_cost":"NONE","seed_source_timestamp":18689388947800,"circlet_count":0,"master_deck":["Strike_B","Strike_B","Strike_B","Defend_B","Defend_B","Defend_B","Zap","Dualcast","Genetic Algorithm+1","Conserve Battery+1","Streamline","Sweeping Beam","Defragment+1","Electrodynamics+1","Coolheaded","Electrodynamics","Chaos","Necronomicurse","Storm"],"relics":["Velvet Choker","Mummified Hand","DataDisk","Tiny Chest","Nuclear Battery","Blue Candle","MutagenicStrength","Necronomicon","PreservedInsect","Bottled Tornado","Kunai"],"potions_floor_usage":[13,13,18],"damage_taken":[{"damage":1,"enemies":"Cultist","floor":1,"turns":4},{"damage":5,"enemies":"2 Louse","floor":2,"turns":3},{"damage":0,"enemies":"Small Slimes","floor":3,"turns":3},{"damage":11,"enemies":"Blue Slaver","floor":10,"turns":4},{"damage":1,"enemies":"Red Slaver","floor":11,"turns":3},{"damage":5,"enemies":"3 Sentries","floor":13,"turns":6},{"damage":0,"enemies":"Large Slime","floor":14,"turns":4},{"damage":5,"enemies":"The Guardian","floor":16,"turns":10},{"damage":2,"enemies":"3 Byrds","floor":18,"turns":3},{"damage":0,"enemies":"Gremlin Leader","floor":23,"turns":3},{"damage":7,"enemies":"Chosen","floor":27,"turns":3},{"damage":1,"enemies":"Snecko","floor":29,"turns":3},{"damage":9,"enemies":"Cultist and Chosen","floor":31,"turns":4},{"damage":66,"enemies":"Champ","floor":33,"turns":11}],"seed_played":"9092047530560372979","potions_obtained":[{"floor":2,"key":"Swift Potion"},{"floor":11,"key":"Swift Potion"},{"floor":16,"key":"SkillPotion"},{"floor":23,"key":"LiquidBronze"},{"floor":27,"key":"Dexterity Potion"}],"is_trial":false,"path_per_floor":["M","M","M","?","?","R","T","R","T","M","M","$","E","M","R","B",null,"M","T","?","?","$","E","T","?","T","M","R","M","?","M","R","B"],"character_chosen":"DEFECT","items_purchased":["Sweeping Beam","Defragment","PreservedInsect"],"campfire_rested":0,"item_purchase_floors":[12,12,22],"current_hp_per_floor":[67,62,62,62,62,62,62,62,62,51,50,50,45,45,45,40,66,64,64,64,48,48,48,48,48,48,41,41,40,65,56,56,0],"gold":133,"neow_bonus":"BOSS_RELIC","is_prod":false,"is_daily":false,"chose_seed":false,"campfire_upgraded":4,"win_rate":0,"timestamp":1561714646,"path_taken":["M","?","M","?","?","R","?","R","T","M","M","?","E","M","R","BOSS","M","?","?","?","?","E","?","?","T","M","R","?","?","M","R","BOSS"],"build_version":"2019-01-23","purchased_purges":0,"victory":false,"max_hp_per_floor":[75,75,75,75,75,75,75,75,75,75,75,75,75,75,75,75,75,75,75,75,75,75,75,75,75,75,75,75,75,75,75,75,75],"card_choices":[{"not_picked":["Hologram","Ball Lightning"],"picked":"Genetic Algorithm","floor":1},{"not_picked":["Rebound","Ball Lightning"],"picked":"Conserve Battery","floor":2},{"not_picked":["Static Discharge","Reprogram","Heatsinks"],"picked":"SKIP","floor":3},{"not_picked":["Streamline","Undo","Compile Driver"],"picked":"SKIP","floor":10},{"not_picked":["Undo","Compile Driver"],"picked":"Streamline","floor":10},{"not_picked":["Redo","Compile Driver","Barrage"],"picked":"SKIP","floor":11},{"not_picked":["Coolheaded","Streamline"],"picked":"Electrodynamics","floor":13},{"not_picked":["Leap","Hologram"],"picked":"Coolheaded","floor":14},{"not_picked":["Thunder Strike","All For One"],"picked":"Electrodynamics","floor":16},{"not_picked":["Streamline","Go for the Eyes"],"picked":"Chaos","floor":18},{"not_picked":["Double Energy","Stack","Coolheaded"],"picked":"SKIP","floor":23},{"not_picked":["FTL+1","Cold Snap","Go for the Eyes"],"picked":"SKIP","floor":27},{"not_picked":["Hologram+1","Leap","FTL"],"picked":"SKIP","floor":29},{"not_picked":["Barrage","Steam"],"picked":"Storm","floor":31}],"player_experience":629249,"relics_obtained":[{"floor":7,"key":"Mummified Hand"},{"floor":9,"key":"DataDisk"},{"floor":13,"key":"Tiny Chest"},{"floor":19,"key":"Blue Candle"},{"floor":21,"key":"Necronomicon"},{"floor":23,"key":"Bottled Tornado"},{"floor":26,"key":"Kunai"}],"event_choices":[{"cards_removed":["Defend_B"],"damage_healed":0,"gold_gain":0,"player_choice":"Card Removal","damage_taken":0,"max_hp_gain":0,"max_hp_loss":0,"event_name":"The Cleric","floor":4,"gold_loss":50},{"cards_removed":["Strike_B"],"damage_healed":0,"gold_gain":0,"player_choice":"Forget","damage_taken":0,"max_hp_gain":0,"max_hp_loss":0,"event_name":"Living Wall","floor":5,"gold_loss":0},{"damage_healed":0,"gold_gain":0,"player_choice":"Inject Mutagens","damage_taken":0,"relics_obtained":["MutagenicStrength"],"max_hp_gain":0,"max_hp_loss":0,"event_name":"Drug Dealer","floor":20,"gold_loss":0},{"damage_healed":0,"gold_gain":0,"player_choice":"Obtained Book","damage_taken":16,"max_hp_gain":0,"max_hp_loss":0,"event_name":"Cursed Tome","floor":21,"gold_loss":0},{"damage_healed":0,"gold_gain":0,"player_choice":"Ignored","damage_taken":0,"max_hp_gain":0,"max_hp_loss":0,"event_name":"Ghosts","floor":25,"gold_loss":0},{"damage_healed":25,"gold_gain":0,"player_choice":"Heal","damage_taken":0,"max_hp_gain":0,"max_hp_loss":0,"event_name":"The Library","floor":30,"gold_loss":0}],"is_beta":false,"boss_relics":[{"not_picked":["Black Star","Pandora\u0027s Box"],"picked":"Nuclear Battery"}],"items_purged_floors":[],"is_endless":false,"potions_floor_spawned":[2,11,16,23,27],"killed_by":"Champ","ascension_level":6}