{"gold_per_floor":[115,127,127,144,174,206,206,241,268,268,293,293,317,335,335,461,461,475,475,475,498,45,45,30,30,30,30,49,84,108,108],"floor_reached":31,"playtime":1412,"items_purged":["Regret"],"score":327,"play_id":"b360877f-c983-4b78-a2ce-a1fefa82477f","local_time":"20180923112559","is_ascension_mode":true,"campfire_choices":[{"data":"Bouncing Flask","floor":7,"key":"SMITH"},{"floor":10,"key":"REST"},{"floor":15,"key":"REST"},{"floor":23,"key":"REST"},{"floor":25,"key":"REST"}],"neow_cost":"NONE","seed_source_timestamp":179431528420425,"circlet_count":0,"master_deck":["Defend_G","Defend_G","Defend_G","Defend_G","Defend_G","Strike_G","Strike_G","Strike_G","Strike_G","Strike_G","Survivor","Neutralize","Footwork","Setup","Bouncing Flask+1","Prepared","Dodge and Roll","Outmaneuver","Injury","Noxious Fumes","Tools of the Trade","Decay","Clumsy","Backflip+1","Noxious Fumes","Deadly Poison","Bouncing Flask","Noxious Fumes"],"relics":["Ring of the Snake","NeowsBlessing","Tiny Chest","Lantern","Art of War","Bag of Preparation","Ancient Tea Set","Golden Idol","Calling Bell","Orichalcum","Sundial","FossilizedHelix","Spirit Poop","PreservedInsect","Juzu Bracelet","Dodecahedron","Nilry\u0027s Codex","Oddly Smooth Stone"],"potions_floor_usage":[4,8,16,16,24,29,29,31],"damage_taken":[{"damage":0,"enemies":"2 Louse","floor":1,"turns":1},{"damage":0,"enemies":"Cultist","floor":2,"turns":1},{"damage":0,"enemies":"Small Slimes","floor":4,"turns":1},{"damage":21,"enemies":"Lagavulin","floor":6,"turns":8},{"damage":39,"enemies":"3 Sentries","floor":8,"turns":9},{"damage":0,"enemies":"Gremlin Nob","floor":11,"turns":4},{"damage":4,"enemies":"Blue Slaver","floor":13,"turns":3},{"damage":6,"enemies":"3 Louse","floor":14,"turns":5},{"damage":18,"enemies":"The Guardian","floor":16,"turns":8},{"damage":69,"enemies":"3 Byrds","floor":18,"turns":8},{"damage":0,"enemies":"2 Thieves","floor":24,"turns":4},{"damage":11,"enemies":"Snake Plant","floor":28,"turns":4},{"damage":6,"enemies":"Book of Stabbing","floor":29,"turns":6},{"damage":2,"enemies":"Centurion and Healer","floor":30,"turns":6},{"damage":39,"enemies":"Slavers","floor":31,"turns":4}],"seed_played":"-7347861045500720908","potions_obtained":[{"floor":2,"key":"AttackPotion"},{"floor":6,"key":"Swift Potion"},{"floor":11,"key":"SpeedPotion"},{"floor":14,"key":"AttackPotion"},{"floor":28,"key":"AttackPotion"},{"floor":30,"key":"Block Potion"}],"is_trial":false,"path_per_floor":["M","M","?","M","?","E","R","E","T","R","E","?","M","M","R","B",null,"M","?","?","T","$","R","M","R","T","?","M","E","M"],"character_chosen":"THE_SILENT","items_purchased":["Juzu Bracelet","Noxious Fumes","Deadly Poison","Fire Potion","SpeedPotion"],"campfire_rested":4,"item_purchase_floors":[22,22,22,22,22],"current_hp_per_floor":[70,70,70,70,70,49,49,10,10,31,31,31,27,21,42,24,70,1,24,24,24,24,45,45,66,66,50,39,33,31,0],"gold":108,"neow_bonus":"THREE_ENEMY_KILL","is_prod":false,"is_daily":false,"chose_seed":false,"campfire_upgraded":1,"win_rate":0,"timestamp":1537691159,"path_taken":["M","M","?","M","?","E","R","E","T","R","E","?","?","M","R","BOSS","M","?","?","?","$","R","M","R","T","?","M","E","M","E"],"build_version":"2018-09-20","purchased_purges":1,"victory":false,"max_hp_per_floor":[70,70,70,70,70,70,70,70,70,70,70,70,70,70,70,70,70,70,70,70,70,70,70,70,70,70,70,70,70,70,70],"card_choices":[{"not_picked":["Quick Slash","Acrobatics"],"picked":"Footwork","floor":1},{"not_picked":["Well Laid Plans","PiercingWail"],"picked":"Setup","floor":2},{"not_picked":["Concentrate","Poisoned Stab"],"picked":"Bouncing Flask","floor":4},{"not_picked":["Deflect","PiercingWail"],"picked":"Prepared","floor":6},{"not_picked":["Deflect","Backflip"],"picked":"Dodge and Roll","floor":8},{"not_picked":["Eviscerate","Accuracy"],"picked":"Outmaneuver","floor":11},{"not_picked":["Quick Slash","Eviscerate","Slice"],"picked":"SKIP","floor":13},{"not_picked":["Dagger Throw","Quick Slash"],"picked":"Noxious Fumes","floor":14},{"not_picked":["Grand Finale","Doppelganger"],"picked":"Tools of the Trade","floor":16},{"not_picked":["Blade Dance","Underhanded Strike+1"],"picked":"Backflip+1","floor":18},{"not_picked":["Flechettes","Escape Plan"],"picked":"Bouncing Flask","floor":24},{"not_picked":["Deflect","Underhanded Strike","Terror"],"picked":"SKIP","floor":28},{"not_picked":["Riddle With Holes","Masterful Stab","Backflip"],"picked":"SKIP","floor":29},{"not_picked":["Dagger Spray","Distraction"],"picked":"Noxious Fumes","floor":30}],"player_experience":370740,"relics_obtained":[{"floor":6,"key":"Lantern"},{"floor":8,"key":"Art of War"},{"floor":9,"key":"Bag of Preparation"},{"floor":11,"key":"Ancient Tea Set"},{"floor":17,"key":"Orichalcum"},{"floor":17,"key":"Sundial"},{"floor":17,"key":"FossilizedHelix"},{"floor":21,"key":"PreservedInsect"},{"floor":26,"key":"Dodecahedron"},{"floor":27,"key":"Nilry\u0027s Codex"},{"floor":29,"key":"Oddly Smooth Stone"}],"event_choices":[{"event_name":"The Woman in Blue","player_choice":"Bought 0 Potions","floor":3,"damage_taken":0},{"event_name":"Big Fish","player_choice":"Box","floor":5,"damage_taken":0},{"event_name":"Golden Idol","player_choice":"Take Wound","floor":12,"damage_taken":0},{"event_name":"The Library","player_choice":"Heal","floor":19,"damage_taken":0},{"event_name":"Bonfire Elementals","player_choice":"CURSE","floor":20,"damage_taken":0},{"event_name":"Cursed Tome","player_choice":"Obtained Book","floor":27,"damage_taken":0}],"is_beta":false,"boss_relics":[{"not_picked":["WristBlade","Lizard Tail"],"picked":"Calling Bell"}],"items_purged_floors":[22],"is_endless":false,"potions_floor_spawned":[2,6,11,14,28,30],"killed_by":"Slavers","ascension_level":2}