{"path_per_floor":["M","?","$","?","?","R","E","R","T","M","M","$","R","M","R","B",null,"M","$","?","?","?","R","?","R","T","M","?","R","?","T","R"],"character_chosen":"IRONCLAD","items_purchased":["Whirlwind","Inflame","Energy Potion"],"gold_per_floor":[119,119,2,2,2,2,43,43,43,58,73,21,21,35,35,161,161,186,111,211,136,136,136,136,136,162,178,178,178,78,78,78,78],"floor_reached":33,"campfire_rested":1,"playtime":688,"current_hp_per_floor":[70,52,52,52,52,52,50,50,50,56,50,50,50,42,63,69,72,44,44,44,44,44,44,44,44,44,33,33,33,33,33,33,0],"items_purged":["Pain"],"gold":78,"score":342,"play_id":"662151fa-df53-4217-9075-563b96c17fed","local_time":"20180330083604","is_prod":false,"is_daily":false,"is_ascension_mode":true,"campfire_upgraded":7,"timestamp":1522388164,"path_taken":["M","?","$","?","?","R","E","R","T","?","?","?","R","M","R","BOSS","M","$","?","?","?","R","?","R","T","?","?","R","?","?","R","BOSS"],"build_version":"2018-03-29","purchased_purges":2,"victory":false,"master_deck":["Strike_R","Strike_R","Strike_R","Strike_R","Strike_R","Defend_R","Defend_R","Bash","Flex","Whirlwind+1","Inflame+1","Wild Strike","Intimidate+1","Seeing Red+1","Offering+1","Inflame","Ghostly+1","Ghostly+1","Ghostly","Ghostly","Ghostly","J.A.X."],"max_hp_per_floor":[72,72,72,72,72,72,72,72,72,72,72,72,72,72,72,72,72,72,72,72,72,72,72,72,72,72,72,36,36,36,36,36,36],"relics":["Burning Blood","Ginger","Golden Idol","Matryoshka","Art of War","Du-Vu Doll","Calling Bell","Kunai","Oddly Smooth Stone","Paper Frog","Darkstone Periapt","Lantern","Red Skull"],"card_choices":[{"not_picked":["Body Slam","Pommel Strike"],"picked":"Flex","floor":1},{"not_picked":["Anger","Clothesline"],"picked":"Intimidate","floor":11},{"not_picked":["Burning Pact","Pummel"],"picked":"Seeing Red","floor":14},{"not_picked":["Reaper","Limit Break"],"picked":"Offering","floor":16},{"not_picked":["Cleave","Havoc"],"picked":"Inflame","floor":27}],"player_experience":147323,"potions_floor_usage":[16,16,27,27,33],"damage_taken":[{"damage":8,"enemies":"2 Louse","floor":1,"turns":2},{"damage":8,"enemies":"3 Sentries","floor":7,"turns":3},{"damage":0,"enemies":"Small Slimes","floor":10,"turns":2},{"damage":12,"enemies":"Jaw Worm","floor":11,"turns":2},{"damage":14,"enemies":"3 Louse","floor":14,"turns":2},{"damage":0,"enemies":"Slime Boss","floor":16,"turns":5},{"damage":34,"enemies":"2 Thieves","floor":18,"turns":3},{"damage":17,"enemies":"Chosen","floor":27,"turns":4},{"damage":39,"enemies":"Champ","floor":33,"turns":8}],"event_choices":[{"event_name":"Golden Idol","player_choice":"Take Damage","floor":2,"damage_taken":0},{"event_name":"Living Wall","player_choice":"Forget","floor":4,"damage_taken":0},{"event_name":"Transmorgrifier","player_choice":"Transform","floor":5,"damage_taken":0},{"event_name":"Golden Shrine","player_choice":"Pray","floor":20,"damage_taken":0},{"event_name":"Beggar","player_choice":"Gave Gold","floor":21,"damage_taken":0},{"event_name":"Purifier","player_choice":"One Purge","floor":22,"damage_taken":0},{"event_name":"The Lab","player_choice":"Got Potions","floor":24,"damage_taken":0},{"event_name":"Ghosts","player_choice":"Became a Ghost","floor":28,"damage_taken":0},{"event_name":"Drug Dealer","player_choice":"Got JAXXED","floor":30,"damage_taken":0}],"boss_relics":[{"not_picked":["White Beast Statue","Lizard Tail"],"picked":"Calling Bell"}],"potions_floor_spawned":[11,14,16,18],"seed_played":"-3505275046526242097","killed_by":"Champ","ascension_level":2,"is_trial":false}