{"path_per_floor":["M","$","?","M","?","R","?","E","T","M","M","R","E","M","R","B",null,"M","T","?","$","M","E","M","?","T","R","E","?","$","?","R","B",null,"M","?","?","M","M","R","M","E","T","M","M","E","M","?","R","B"],"character_chosen":"IRONCLAD","items_purchased":["Bag of Marbles"],"gold_per_floor":[109,34,34,52,52,52,52,87,166,186,201,201,231,250,250,346,346,366,366,366,266,283,316,335,260,285,285,311,311,35,35,35,131,131,150,0,0,17,37,37,51,83,83,93,106,135,148,198,198,198],"floor_reached":51,"campfire_rested":3,"playtime":2092,"current_hp_per_floor":[68,68,73,75,68,68,68,40,50,52,54,54,56,50,76,44,76,81,81,81,81,79,52,57,57,57,83,89,89,89,72,94,74,89,96,96,96,98,100,100,102,103,103,84,101,108,110,112,112,35],"items_purged":["Strike_R","Defend_R","Defend_R"],"gold":198,"score":1147,"play_id":"19897da8-115c-4a3c-9a66-10764d0d2412","local_time":"20180511110933","is_prod":false,"is_daily":false,"chose_seed":false,"is_ascension_mode":true,"campfire_upgraded":4,"timestamp":1526026173,"path_taken":["M","$","?","M","?","R","?","E","T","M","?","R","E","M","R","BOSS","M","?","?","$","M","E","M","?","T","R","E","?","$","?","R","BOSS","M","?","?","M","M","R","M","E","T","M","M","E","M","?","R","BOSS"],"build_version":"2018-05-10","seed_source_timestamp":76568996987012,"purchased_purges":3,"victory":true,"master_deck":["Strike_R","Strike_R","Bash","Feel No Pain","Offering+1","Flash of Steel","Inflame+1","Cleave+1","Reaper","Inflame+1","Evolve","Offering","Hemokinesis","Inflame+1"],"max_hp_per_floor":[72,72,77,77,77,77,77,77,87,87,87,87,87,87,87,87,87,87,87,87,87,87,87,87,87,87,87,89,89,89,94,94,94,94,96,96,96,98,100,100,102,104,104,104,106,108,110,112,112,112],"relics":["Black Blood","Happy Flower","Sundial","Pear","Gambling Chip","Orichalcum","Juzu Bracelet","Singing Bowl","Centennial Puzzle","Bag of Marbles","Mark of Pain","Red Mask","Lantern","Bird Faced Urn","Pen Nib","Calipers"],"card_choices":[{"not_picked":["Exhume","Anger"],"picked":"Inflame","floor":8},{"not_picked":["Perfected Strike","Reckless Charge"],"picked":"Cleave","floor":10},{"not_picked":["Juggernaut","Limit Break"],"picked":"Reaper","floor":16},{"not_picked":["Ghostly Armor","Immolate"],"picked":"Inflame","floor":23},{"not_picked":["Double Tap","Dark Embrace"],"picked":"Offering","floor":33},{"not_picked":["Shrug It Off","Power Through"],"picked":"Inflame","floor":44}],"player_experience":243448,"potions_floor_usage":[16,16,16,28,42,50],"damage_taken":[{"damage":10,"enemies":"Cultist","floor":1,"turns":3},{"damage":4,"enemies":"Small Slimes","floor":4,"turns":3},{"damage":34,"enemies":"Lagavulin","floor":8,"turns":6},{"damage":4,"enemies":"2 Louse","floor":10,"turns":2},{"damage":4,"enemies":"2 Fungi Beasts","floor":11,"turns":2},{"damage":4,"enemies":"Gremlin Nob","floor":13,"turns":2},{"damage":12,"enemies":"Blue Slaver","floor":14,"turns":2},{"damage":53,"enemies":"The Guardian","floor":16,"turns":7},{"damage":5,"enemies":"Spheric Guardian","floor":18,"turns":3},{"damage":25,"enemies":"2 Thieves","floor":22,"turns":3},{"damage":46,"enemies":"Gremlin Leader","floor":23,"turns":6},{"damage":21,"enemies":"Centurion and Healer","floor":24,"turns":4},{"damage":8,"enemies":"Slavers","floor":28,"turns":1},{"damage":34,"enemies":"Collector","floor":33,"turns":6},{"damage":4,"enemies":"3 Shapes","floor":35,"turns":1},{"damage":8,"enemies":"Orb Walker","floor":38,"turns":1},{"damage":24,"enemies":"4 Shapes","floor":39,"turns":1},{"damage":11,"enemies":"Sphere and 2 Shapes","floor":41,"turns":1},{"damage":11,"enemies":"Nemesis","floor":42,"turns":1},{"damage":44,"enemies":"Maw","floor":44,"turns":5},{"damage":8,"enemies":"3 Darklings","floor":45,"turns":1},{"damage":11,"enemies":"2 Orb Walkers","floor":46,"turns":1},{"damage":20,"enemies":"4 Shapes","floor":47,"turns":1},{"damage":13,"enemies":"Mysterious Sphere","floor":48,"turns":2},{"damage":110,"enemies":"Awakened One","floor":50,"turns":5}],"event_choices":[{"event_name":"Big Fish","player_choice":"Donut","floor":3,"damage_taken":0},{"event_name":"Scrap Ooze","player_choice":"success","floor":5,"damage_taken":7},{"event_name":"Match and Keep!","player_choice":"1 cards matched","floor":7,"damage_taken":0},{"event_name":"Ghosts","player_choice":"Ignored","floor":20,"damage_taken":0},{"event_name":"Beggar","player_choice":"Gave Gold","floor":25,"damage_taken":0},{"event_name":"The Library","player_choice":"Read","floor":29,"damage_taken":0},{"event_name":"Forgotten Altar","player_choice":"Shed Blood","floor":31,"damage_taken":0},{"event_name":"Tomb of Lord Red Mask","player_choice":"Paid","floor":36,"damage_taken":0},{"event_name":"Transmorgrifier","player_choice":"Transform","floor":37,"damage_taken":0},{"event_name":"Mysterious Sphere","player_choice":"Fight","floor":48,"damage_taken":0}],"boss_relics":[{"not_picked":["Velvet Choker","Orrery"],"picked":"Black Blood"},{"not_picked":["Runic Cube","Calling Bell"],"picked":"Mark of Pain"}],"potions_floor_spawned":[1,13,14,24,35,39,44,47],"seed_played":"3859738458521160763","ascension_level":6,"is_trial":false}