{"gold_per_floor":[115,132,152,152,44,62,91,101,124,137,150,165,165,165,165,261,261,271,288,308,15,30,30,30],"floor_reached":24,"playtime":3662,"items_purged":["Defend_R","Defend_R"],"score":204,"play_id":"97195721-e045-494d-91f0-c77ffb14379c","local_time":"20180708201524","is_ascension_mode":false,"campfire_choices":[{"floor":13.0,"key":"REST"},{"data":"Rampage","floor":15.0,"key":"SMITH"},{"data":"Rage","floor":23,"key":"SMITH"}],"neow_cost":"NONE","seed_source_timestamp":0,"circlet_count":0,"master_deck":["Strike_R","Strike_R","Strike_R","Strike_R","Strike_R","Defend_R","Defend_R","Bash","Headbutt","Armaments","Clothesline","Rage+1","Headbutt","Infernal Blade","Clash","Rampage+1","Pommel Strike","Berserk","Twin Strike","Clothesline+1","Thunderclap","Cleave+1"],"special_seed":0,"relics":["Snecko Eye","Ancient Tea Set","Pen Nib","Coffee Dripper","TwistedFunnel"],"potions_floor_usage":[],"damage_taken":[{"damage":1.0,"enemies":"Jaw Worm","floor":1.0,"turns":2.0},{"damage":1.0,"enemies":"Cultist","floor":2.0,"turns":3.0},{"damage":4.0,"enemies":"2 Louse","floor":3.0,"turns":4.0},{"damage":0.0,"enemies":"Exordium Wildlife","floor":6.0,"turns":2.0},{"damage":19.0,"enemies":"Gremlin Nob","floor":7.0,"turns":4.0},{"damage":8.0,"enemies":"3 Louse","floor":8.0,"turns":3.0},{"damage":14.0,"enemies":"Blue Slaver","floor":10.0,"turns":3.0},{"damage":9.0,"enemies":"Looter","floor":11.0,"turns":3.0},{"damage":4.0,"enemies":"2 Fungi Beasts","floor":12.0,"turns":2.0},{"damage":45.0,"enemies":"Hexaghost","floor":16.0,"turns":8.0},{"damage":7.0,"enemies":"Shell Parasite","floor":18.0,"turns":3.0},{"damage":5.0,"enemies":"Chosen","floor":19.0,"turns":2.0},{"damage":22.0,"enemies":"Snecko","floor":20.0,"turns":4.0},{"damage":11.0,"enemies":"Cultist and Chosen","floor":22.0,"turns":5.0},{"damage":35,"enemies":"Slaver and Parasite","floor":24,"turns":3}],"seed_played":"-1919986539678003578","potions_obtained":[{"floor":6.0,"key":"Block Potion"},{"floor":7.0,"key":"PowerPotion"},{"floor":12.0,"key":"Block Potion"},{"floor":16.0,"key":"AttackPotion"},{"floor":19.0,"key":"Swift Potion"},{"floor":22,"key":"Fire Potion"}],"is_trial":false,"path_per_floor":["M","M","M","?","$","M","E","M","T","M","M","M","R","?","R","B",null,"M","M","M","$","M","R"],"character_chosen":"IRONCLAD","items_purchased":["Rage","TwistedFunnel"],"campfire_rested":1,"item_purchase_floors":[5,21],"current_hp_per_floor":[79,78,74,74,74,74,55,47,47,33,24,20,44,80,80,35,80,73,68,46,46,35,35,0],"gold":30,"neow_bonus":"BOSS_RELIC","is_prod":false,"is_daily":false,"chose_seed":false,"campfire_upgraded":2,"win_rate":0.0,"timestamp":1531098924,"path_taken":["M","M","M","?","$","M","E","M","T","M","M","M","R","?","R","BOSS","M","?","M","$","M","R","M"],"build_version":"2018-07-05","purchased_purges":2,"victory":false,"max_hp_per_floor":[80,80,80,80,80,80,80,80,80,80,80,80,80,80,80,80,80,80,80,80,80,80,80,80],"card_choices":[{"not_picked":["Sword Boomerang","Shrug It Off"],"picked":"Headbutt","floor":1.0},{"not_picked":["Second Wind","Entrench"],"picked":"Armaments","floor":2.0},{"not_picked":["Warcry","Shrug It Off"],"picked":"Clothesline","floor":3.0},{"not_picked":["Armaments","Twin Strike"],"picked":"Headbutt","floor":6.0},{"not_picked":["Sever Soul","Flame Barrier"],"picked":"Seeing Red","floor":7.0},{"not_picked":["Burning Pact","Shockwave"],"picked":"Infernal Blade","floor":8.0},{"not_picked":["Infernal Blade","True Grit"],"picked":"Clash","floor":10.0},{"not_picked":["Dark Embrace","Clothesline"],"picked":"Rampage","floor":11.0},{"not_picked":["Armaments","Iron Wave"],"picked":"Pommel Strike","floor":12.0},{"not_picked":["Juggernaut","Impervious"],"picked":"Berserk","floor":16.0},{"not_picked":["Flex","Warcry"],"picked":"Twin Strike","floor":18.0},{"not_picked":["Ghostly Armor","Twin Strike"],"picked":"Clothesline+1","floor":19.0},{"not_picked":["Warcry+1","Twin Strike"],"picked":"Thunderclap","floor":20.0},{"not_picked":["Sword Boomerang","Feel No Pain"],"picked":"Cleave+1","floor":22}],"player_experience":4902,"relics_obtained":[{"floor":7.0,"key":"Ancient Tea Set"},{"floor":9.0,"key":"Pen Nib"}],"event_choices":[{"event_name":"The Woman in Blue","player_choice":"Bought 0 Potions","floor":4.0,"damage_taken":0.0},{"event_name":"Bonfire Elementals","player_choice":"UNCOMMON","floor":14.0,"damage_taken":0.0}],"boss_relics":[{"not_picked":["Tiny House","Busted Crown"],"picked":"Coffee Dripper"}],"items_purged_floors":[5,21],"is_endless":false,"potions_floor_spawned":[6,7,12,16,19,22],"killed_by":"Slaver and Parasite","ascension_level":0}