{"gold_per_floor":[110,110,185,185,196,196,213,213,213,213,244,88,88,103,103,198,198,215,226,226,226],"floor_reached":21,"playtime":496,"items_purged":[],"score":221,"play_id":"d91042ad-c2f0-40dd-aaa9-5ce1a39acf33","local_time":"20190326190933","is_ascension_mode":true,"campfire_choices":[{"floor":6,"key":"RECALL"},{"data":"Loop","floor":10,"key":"SMITH"},{"floor":13,"key":"REST"},{"data":"Genetic Algorithm","floor":15,"key":"SMITH"}],"neow_cost":"NONE","seed_source_timestamp":43479467906800,"circlet_count":0,"master_deck":["Strike_B","Strike_B","Strike_B","Strike_B","Defend_B","Defend_B","Defend_B","Defend_B","Zap","Dualcast","Genetic Algorithm+1","Regret","Ball Lightning","Loop+1","Pain","Tempest+1","Redo+1","Machine Learning","BootSequence+1","Loop"],"relics":["Cracked Core","NeowsBlessing","Bag of Preparation","WarpedTongs","Toxic Egg 2","Ice Cream","Regal Pillow","Nuclear Battery","MutagenicStrength"],"potions_floor_usage":[11,16,16,19,19,19],"damage_taken":[{"damage":0,"enemies":"Cultist","floor":1,"turns":1},{"damage":0,"enemies":"2 Louse","floor":5,"turns":1},{"damage":0,"enemies":"Small Slimes","floor":7,"turns":1},{"damage":42,"enemies":"3 Sentries","floor":11,"turns":8},{"damage":14,"enemies":"3 Louse","floor":14,"turns":3},{"damage":28,"enemies":"Hexaghost","floor":16,"turns":7},{"damage":11,"enemies":"Spheric Guardian","floor":18,"turns":3},{"damage":31,"enemies":"2 Thieves","floor":19,"turns":3},{"damage":29,"enemies":"Masked Bandits","floor":21,"turns":3}],"seed_played":"-2802530420529439667","potions_obtained":[{"floor":1,"key":"PowerPotion"},{"floor":11,"key":"LiquidBronze"},{"floor":14,"key":"Energy Potion"},{"floor":18,"key":"EntropicBrew"},{"floor":19,"key":"Swift Potion"}],"is_trial":false,"path_per_floor":["M","T","?","?","M","R","M","?","T","R","E","$","R","M","R","B",null,"M","M","?","?"],"character_chosen":"DEFECT","items_purchased":["Regal Pillow"],"campfire_rested":1,"item_purchase_floors":[12],"current_hp_per_floor":[75,75,64,64,64,64,64,64,64,64,22,22,59,45,45,17,61,50,19,19,0],"gold":226,"neow_bonus":"THREE_ENEMY_KILL","is_prod":false,"is_daily":false,"chose_seed":false,"campfire_upgraded":2,"win_rate":0,"timestamp":1553620173,"path_taken":["M","?","?","?","M","R","M","?","T","R","E","$","R","?","R","BOSS","M","M","?","?"],"build_version":"2019-01-23","purchased_purges":0,"victory":false,"max_hp_per_floor":[75,75,75,75,75,75,75,75,75,75,75,75,75,75,75,75,75,75,75,75,75],"card_choices":[{"not_picked":["Compile Driver","Redo"],"picked":"Genetic Algorithm","floor":1},{"not_picked":["Heatsinks","Turbo"],"picked":"Ball Lightning","floor":5},{"not_picked":["Reprogram","Cold Snap"],"picked":"Loop","floor":7},{"not_picked":["Beam Cell","Redo+1"],"picked":"Tempest+1","floor":11},{"not_picked":["Storm","Rebound"],"picked":"Redo+1","floor":14},{"not_picked":["Hyperbeam","Biased Cognition"],"picked":"Machine Learning","floor":16},{"not_picked":["Redo+1","Gash"],"picked":"BootSequence+1","floor":18},{"not_picked":["Scrape","Cold Snap+1"],"picked":"Loop","floor":19}],"player_experience":503250,"relics_obtained":[{"floor":9,"key":"Toxic Egg 2"},{"floor":11,"key":"Ice Cream"}],"event_choices":[{"damage_healed":0,"gold_gain":75,"player_choice":"Gather Gold","damage_taken":11,"max_hp_gain":0,"max_hp_loss":0,"event_name":"World of Goop","floor":3,"gold_loss":0},{"damage_healed":0,"gold_gain":0,"player_choice":"Box","damage_taken":0,"relics_obtained":["Bag of Preparation"],"max_hp_gain":0,"max_hp_loss":0,"event_name":"Big Fish","floor":4,"gold_loss":0,"cards_obtained":["Regret"]},{"damage_healed":0,"gold_gain":0,"player_choice":"Rummage","damage_taken":0,"relics_obtained":["WarpedTongs"],"max_hp_gain":0,"max_hp_loss":0,"event_name":"Accursed Blacksmith","floor":8,"gold_loss":0,"cards_obtained":["Pain"]},{"damage_healed":0,"gold_gain":0,"player_choice":"Inject Mutagens","damage_taken":0,"relics_obtained":["MutagenicStrength"],"max_hp_gain":0,"max_hp_loss":0,"event_name":"Drug Dealer","floor":20,"gold_loss":0},{"damage_healed":0,"gold_gain":0,"player_choice":"Fought Bandits","damage_taken":0,"max_hp_gain":0,"max_hp_loss":0,"event_name":"Masked Bandits","floor":21,"gold_loss":0}],"is_beta":false,"boss_relics":[{"not_picked":["Snecko Eye","Coffee Dripper"],"picked":"Nuclear Battery"}],"items_purged_floors":[],"is_endless":false,"potions_floor_spawned":[1,11,14,18,19],"killed_by":"Masked Bandits","ascension_level":5}