{"gold_per_floor":[110,110,134,59,72,72,91,114,165,192,192,208,64,84,84,182,182,194,194,213,226,226],"floor_reached":22,"playtime":552,"items_purged":["Regret"],"score":298,"play_id":"f4f803f1-19c2-4ef2-9864-75322eab2ee4","local_time":"20190113101556","is_ascension_mode":true,"campfire_choices":[{"data":"Rampage","floor":6,"key":"SMITH"},{"data":"Fiend Fire","floor":11,"key":"SMITH"},{"floor":15,"key":"REST"}],"neow_cost":"NONE","seed_source_timestamp":6048939144400,"circlet_count":0,"master_deck":["AscendersBane","Strike_R","Strike_R","Strike_R","Strike_R","Strike_R","Defend_R","Defend_R","Defend_R","Defend_R","Bash","Rampage+1","Cleave","Fiend Fire+1","Thunderclap","Blood for Blood","Juggernaut","Blood for Blood","Blind","Combust","Rampage"],"relics":["Burning Blood","NeowsBlessing","Dream Catcher","Blood Vial","Odd Mushroom","Red Skull","Pantograph","Bag of Marbles","Mark of Pain"],"potions_floor_usage":[8,10,16],"damage_taken":[{"damage":0,"enemies":"Jaw Worm","floor":1,"turns":1},{"damage":0,"enemies":"Cultist","floor":5,"turns":1},{"damage":0,"enemies":"Small Slimes","floor":7,"turns":1},{"damage":21,"enemies":"The Mushroom Lair","floor":8,"turns":4},{"damage":20,"enemies":"Lagavulin","floor":10,"turns":7},{"damage":21,"enemies":"Blue Slaver","floor":12,"turns":3},{"damage":14,"enemies":"Red Slaver","floor":14,"turns":2},{"damage":52,"enemies":"The Guardian","floor":16,"turns":9},{"damage":30,"enemies":"Shell Parasite","floor":18,"turns":4},{"damage":23,"enemies":"2 Thieves","floor":20,"turns":3},{"damage":14,"enemies":"Chosen and Byrds","floor":21,"turns":4},{"damage":29,"enemies":"Shelled Parasite and Fungi","floor":22,"turns":2}],"seed_played":"-3814115380942571166","potions_obtained":[{"floor":7,"key":"SteroidPotion"},{"floor":8,"key":"Weak Potion"},{"floor":12,"key":"Swift Potion"}],"is_trial":false,"path_per_floor":["M","?","T","$","M","R","M","?","T","E","R","M","$","M","R","B",null,"M","?","M","M","M"],"character_chosen":"IRONCLAD","items_purchased":["Bag of Marbles"],"campfire_rested":1,"item_purchase_floors":[13],"current_hp_per_floor":[78,78,78,78,80,80,80,65,65,53,53,40,40,34,58,34,69,47,47,32,26,0],"gold":226,"neow_bonus":"THREE_ENEMY_KILL","is_prod":false,"is_daily":false,"chose_seed":false,"campfire_upgraded":2,"win_rate":0,"timestamp":1547367356,"path_taken":["M","?","?","?","?","R","M","?","T","E","R","M","$","M","R","BOSS","M","?","?","M","?"],"build_version":"2019-01-10","purchased_purges":1,"victory":false,"max_hp_per_floor":[80,80,80,80,80,80,80,80,80,80,80,80,80,80,80,80,80,80,80,80,80,80],"card_choices":[{"not_picked":["Clash","Fire Breathing"],"picked":"Rampage","floor":1},{"not_picked":["Twin Strike","Wild Strike","Havoc"],"picked":"SKIP","floor":5},{"not_picked":["Entrench","Rampage"],"picked":"Cleave","floor":7},{"not_picked":["Burning Pact","Headbutt"],"picked":"Fiend Fire","floor":8},{"not_picked":["Perfected Strike","Headbutt"],"picked":"Thunderclap","floor":10},{"not_picked":["Second Wind","Sword Boomerang","Dual Wield"],"picked":"SKIP","floor":12},{"not_picked":["Clash","Body Slam","True Grit"],"picked":"SKIP","floor":14},{"not_picked":["Pommel Strike","Havoc"],"picked":"Blood for Blood","floor":15},{"not_picked":["Limit Break","Reaper"],"picked":"Juggernaut","floor":16},{"not_picked":["Thunderclap","Carnage"],"picked":"Blood for Blood","floor":18},{"not_picked":["Heavy Blade","Seeing Red"],"picked":"Combust","floor":20},{"not_picked":["Shrug It Off","Armaments"],"picked":"Rampage","floor":21}],"player_experience":481782,"relics_obtained":[{"floor":3,"key":"Blood Vial"},{"floor":8,"key":"Odd Mushroom"},{"floor":9,"key":"Red Skull"},{"floor":10,"key":"Pantograph"}],"event_choices":[{"damage_healed":0,"gold_gain":0,"player_choice":"Box","damage_taken":0,"relics_obtained":["Dream Catcher"],"max_hp_gain":0,"max_hp_loss":0,"event_name":"Big Fish","floor":2,"gold_loss":0,"cards_obtained":["Regret"]},{"damage_healed":0,"gold_gain":0,"player_choice":"Fought Mushrooms","damage_taken":0,"max_hp_gain":0,"max_hp_loss":0,"event_name":"Mushrooms","floor":8,"gold_loss":0},{"damage_healed":0,"gold_gain":0,"player_choice":"1 cards matched","damage_taken":0,"max_hp_gain":0,"max_hp_loss":0,"event_name":"Match and Keep!","floor":19,"gold_loss":0,"cards_obtained":["Blind"]}],"is_beta":false,"boss_relics":[{"not_picked":["White Beast Statue","Black Star"],"picked":"Mark of Pain"}],"items_purged_floors":[4],"is_endless":false,"potions_floor_spawned":[7,8,12],"killed_by":"Shelled Parasite and Fungi","ascension_level":12}