{"gold_per_floor":[112,37,54,54,2,29,4,4,85,97,131,131,131,164,164,236,536,546,546,15,15,25,25,45,45,45,45],"floor_reached":27,"playtime":957,"items_purged":["Regret"],"score":441,"play_id":"60006089-3d0b-4ec5-863e-9af9f782aa4c","local_time":"20190625192146","is_ascension_mode":true,"campfire_choices":[{"floor":8,"key":"RECALL"},{"data":"Feed","floor":12,"key":"SMITH"},{"data":"Disarm","floor":15,"key":"SMITH"},{"floor":23,"key":"REST"},{"floor":25,"key":"REST"}],"neow_cost":"NONE","seed_source_timestamp":39713810760600,"circlet_count":0,"master_deck":["AscendersBane","Strike_R","Strike_R","Strike_R","Strike_R","Defend_R","Defend_R","Defend_R","Defend_R","Bash","Pommel Strike+1","Dropkick","Feed+1","Warcry","Disarm+1","Flame Barrier","Inflame","Juggernaut","Clumsy","Normality","Ghostly Armor","Writhe","Pummel+1","Inflame","Seeing Red"],"relics":["Burning Blood","NeowsBlessing","Ornamental Fan","Nunchaku","Matryoshka","Dream Catcher","Sundial","Calling Bell","Centennial Puzzle","Dodecahedron","Old Coin","Enchiridion","WingedGreaves","Vajra","Self Forming Clay","Paper Frog","Ginger"],"potions_floor_usage":[11,11,14,18,24],"damage_taken":[{"damage":0,"enemies":"2 Louse","floor":1,"turns":1},{"damage":0,"enemies":"Jaw Worm","floor":3,"turns":1},{"damage":0,"enemies":"3 Sentries","floor":6,"turns":1},{"damage":0,"enemies":"Small Slimes","floor":10,"turns":3},{"damage":21,"enemies":"Gremlin Nob","floor":11,"turns":4},{"damage":26,"enemies":"Lagavulin","floor":14,"turns":9},{"damage":12,"enemies":"The Guardian","floor":16,"turns":13},{"damage":30,"enemies":"Shell Parasite","floor":18,"turns":8},{"damage":9,"enemies":"Chosen","floor":22,"turns":5},{"damage":18,"enemies":"Centurion and Healer","floor":24,"turns":9},{"damage":102,"enemies":"Gremlin Leader","floor":27,"turns":8}],"seed_played":"9049302038849592862","potions_obtained":[{"floor":10,"key":"EssenceOfSteel"},{"floor":11,"key":"Regen Potion"},{"floor":14,"key":"BloodPotion"},{"floor":16,"key":"Weak Potion"},{"floor":22,"key":"Regen Potion"}],"is_trial":false,"path_per_floor":["M","?","M","T","$","E","$","R","T","M","E","R","?","E","R","B",null,"M","?","$","?","M","R","M","R","T","E"],"character_chosen":"IRONCLAD","items_purchased":["AttackPotion","Warcry","WingedGreaves","Vajra"],"campfire_rested":2,"item_purchase_floors":[5,7,20,20],"current_hp_per_floor":[74,74,75,75,75,75,75,75,75,78,63,63,63,58,58,52,72,52,31,31,31,28,52,59,84,84,0],"gold":45,"neow_bonus":"THREE_ENEMY_KILL","is_prod":false,"is_daily":false,"chose_seed":false,"campfire_upgraded":2,"win_rate":0,"timestamp":1561479706,"path_taken":["M","?","M","?","$","E","$","R","T","M","E","R","?","E","R","BOSS","M","?","$","?","?","R","?","R","T","E"],"build_version":"2019-01-23","purchased_purges":1,"victory":false,"max_hp_per_floor":[75,75,75,75,75,75,75,75,75,78,78,78,78,78,78,78,78,82,82,82,82,82,82,86,86,86,86],"card_choices":[{"not_picked":["Fire Breathing","Evolve"],"picked":"Pommel Strike","floor":1},{"not_picked":["Twin Strike","Sword Boomerang"],"picked":"Dropkick","floor":3},{"not_picked":["True Grit","Thunderclap"],"picked":"Feed","floor":6},{"not_picked":["Iron Wave","Heavy Blade"],"picked":"Disarm","floor":10},{"not_picked":["Metallicize","Battle Trance"],"picked":"Flame Barrier","floor":11},{"not_picked":["Corruption","Iron Wave"],"picked":"Inflame","floor":14},{"not_picked":["Demon Form","Dark Embrace"],"picked":"Juggernaut","floor":16},{"not_picked":["Heavy Blade+1","True Grit"],"picked":"Ghostly Armor","floor":18},{"not_picked":["Rampage","Sword Boomerang+1"],"picked":"Pummel+1","floor":22},{"not_picked":["Warcry","Sentinel"],"picked":"Inflame","floor":24},{"not_picked":["True Grit","Shrug It Off"],"picked":"Seeing Red","floor":25}],"player_experience":625375,"relics_obtained":[{"floor":4,"key":"Ornamental Fan"},{"floor":6,"key":"Nunchaku"},{"floor":9,"key":"Matryoshka"},{"floor":11,"key":"Dream Catcher"},{"floor":14,"key":"Sundial"},{"floor":17,"key":"Centennial Puzzle"},{"floor":17,"key":"Dodecahedron"},{"floor":17,"key":"Old Coin"},{"floor":19,"key":"Enchiridion"},{"floor":26,"key":"Paper Frog"},{"floor":26,"key":"Ginger"}],"event_choices":[{"cards_removed":["Strike_R"],"damage_healed":0,"gold_gain":0,"player_choice":"Card Removal","damage_taken":0,"max_hp_gain":0,"max_hp_loss":0,"event_name":"The Cleric","floor":2,"gold_loss":75},{"damage_healed":0,"gold_gain":0,"player_choice":"Grow","damage_taken":0,"max_hp_gain":0,"max_hp_loss":0,"event_name":"Living Wall","floor":13,"gold_loss":0,"cards_upgraded":["Pommel Strike"]},{"damage_healed":0,"gold_gain":0,"player_choice":"Obtained Book","damage_taken":21,"max_hp_gain":0,"max_hp_loss":0,"event_name":"Cursed Tome","floor":19,"gold_loss":0},{"damage_healed":0,"gold_gain":0,"player_choice":"Opened","damage_taken":0,"relics_obtained":["Self Forming Clay"],"max_hp_gain":0,"max_hp_loss":0,"event_name":"The Mausoleum","floor":21,"gold_loss":0,"cards_obtained":["Writhe"]}],"is_beta":false,"boss_relics":[{"not_picked":["Fusion Hammer","Philosopher\u0027s Stone"],"picked":"Calling Bell"}],"items_purged_floors":[20],"is_endless":false,"potions_floor_spawned":[10,11,14,16,22],"killed_by":"Gremlin Leader","ascension_level":15}