{"path_per_floor":["M","?","?","$","M","E","R","E","T","M","$","M","$","M","R","B",null,"M","M","?","?","?","E","M","M","T"],"character_chosen":"DEFECT","items_purchased":["Ancient Tea Set","Tiny Chest","Blizzard","Cold Snap"],"gold_per_floor":[213,213,213,58,78,104,104,139,188,203,55,73,24,44,44,139,139,154,173,173,173,173,204,223,237,306,306],"floor_reached":27,"campfire_rested":2,"playtime":1325,"item_purchase_floors":[4,11,11,13],"current_hp_per_floor":[75,75,60,70,70,41,66,50,50,57,57,55,55,48,73,33,85,82,83,83,83,67,53,39,22,22,0],"items_purged":[],"gold":306,"score":255,"play_id":"0702098a-d005-4093-94c0-931f6355e334","local_time":"20180601201157","is_prod":false,"is_daily":false,"chose_seed":false,"is_ascension_mode":true,"campfire_upgraded":0,"win_rate":0.0,"timestamp":1527873117,"campfire_choices":[{"floor":7,"key":"REST"},{"floor":15,"key":"REST"}],"path_taken":["M","?","?","?","M","E","R","E","T","?","$","M","?","M","R","BOSS","M","M","?","?","?","E","M","M","T","M"],"build_version":"2018-05-31","seed_source_timestamp":361419584597286,"purchased_purges":0,"victory":false,"master_deck":["Strike_B","Strike_B","Strike_B","Strike_B","Defend_B","Defend_B+1","Defend_B","Defend_B","Zap","Dualcast+1","Sweeping Beam","Self Repair","Barrage","Rainbow","Steam","Chaos","Blizzard","Loop","Cold Snap","White Noise","Darkness","Rainbow","Ball Lightning+1","Tempest","Rainbow","Creative AI","Mind Blast","Fusion+1","Static Discharge"],"max_hp_per_floor":[75,75,75,85,85,85,85,85,85,85,85,85,85,85,85,85,85,85,85,85,85,85,85,85,85,85,85],"relics":["Cracked Core","Ancient Tea Set","Dream Catcher","Gremlin Horn","Oddly Smooth Stone","Tiny Chest","Black Star","Nilry\u0027s Codex","Kunai","Toolbox","Blue Candle"],"card_choices":[{"not_picked":["Barrage","Steam"],"picked":"Sweeping Beam","floor":1},{"not_picked":["Steam","Ball Lightning"],"picked":"Self Repair","floor":5},{"not_picked":["Leap","Conserve Battery"],"picked":"Barrage","floor":6},{"not_picked":["Conserve Battery","Cold Snap"],"picked":"Rainbow","floor":7},{"not_picked":["All For One","Coolheaded"],"picked":"Steam","floor":8},{"not_picked":["Consume","Beam Cell"],"picked":"Chaos","floor":10},{"not_picked":["Tempest","Go for the Eyes"],"picked":"Loop","floor":12},{"not_picked":["Barrage","Steam Power"],"picked":"White Noise","floor":14},{"not_picked":["Steam Power","Barrage"],"picked":"Darkness","floor":15},{"not_picked":["Thunder Strike","Reboot"],"picked":"Rainbow","floor":16},{"not_picked":["Streamline","Hologram"],"picked":"Ball Lightning+1","floor":18},{"not_picked":["Hello World","Steam Power"],"picked":"Tempest","floor":19},{"not_picked":["Hello World","Lockon"],"picked":"Fusion+1","floor":23},{"not_picked":["Leap","Stack+1"],"picked":"Static Discharge","floor":24},{"not_picked":["Hologram","Barrage","Gash"],"picked":"SKIP","floor":25}],"player_experience":251420,"potions_floor_usage":[4,4,5,12,14,16,16,23,27],"damage_taken":[{"damage":0,"enemies":"Cultist","floor":1,"turns":4},{"damage":0,"enemies":"Jaw Worm","floor":5,"turns":2},{"damage":36,"enemies":"Lagavulin","floor":6,"turns":8},{"damage":23,"enemies":"Gremlin Nob","floor":8,"turns":4},{"damage":0,"enemies":"2 Louse","floor":10,"turns":2},{"damage":18,"enemies":"Exordium Wildlife","floor":12,"turns":3},{"damage":7,"enemies":"Red Slaver","floor":14,"turns":3},{"damage":47,"enemies":"Hexaghost","floor":16,"turns":10},{"damage":10,"enemies":"3 Byrds","floor":18,"turns":5},{"damage":6,"enemies":"Spheric Guardian","floor":19,"turns":5},{"damage":21,"enemies":"Gremlin Leader","floor":23,"turns":6},{"damage":14,"enemies":"Snecko","floor":24,"turns":5},{"damage":17,"enemies":"Snake Plant","floor":25,"turns":3},{"damage":39,"enemies":"Cultist and Chosen","floor":27,"turns":3}],"relics_obtained":[{"floor":6,"key":"Dream Catcher"},{"floor":8,"key":"Gremlin Horn"},{"floor":9,"key":"Oddly Smooth Stone"},{"floor":22,"key":"Nilry\u0027s Codex"},{"floor":23,"key":"Kunai"},{"floor":23,"key":"Toolbox"},{"floor":26,"key":"Blue Candle"}],"event_choices":[{"event_name":"The Lab","player_choice":"Got Potions","floor":2,"damage_taken":0},{"event_name":"Shining Light","player_choice":"Entered Light","floor":3,"damage_taken":0},{"event_name":"Duplicator","player_choice":"One dupe","floor":20,"damage_taken":0},{"event_name":"Match and Keep!","player_choice":"2 cards matched","floor":21,"damage_taken":0},{"event_name":"Cursed Tome","player_choice":"Obtained Book","floor":22,"damage_taken":0}],"boss_relics":[{"not_picked":["Orrery","Runic Pyramid"],"picked":"Black Star"}],"items_purged_floors":[],"potions_floor_spawned":[5,6,10,12,19,24],"seed_played":"-459963387987192113","killed_by":"Cultist and Chosen","ascension_level":1,"potions_obtained":[{"floor":2,"key":"Fruit Juice"},{"floor":2,"key":"Fruit Juice"},{"floor":2,"key":"FocusPotion"},{"floor":5,"key":"GamblersBrew"},{"floor":6,"key":"Swift Potion"},{"floor":10,"key":"Regen Potion"},{"floor":12,"key":"Strength Potion"},{"floor":19,"key":"LiquidBronze"},{"floor":24,"key":"Ancient Potion"}],"is_trial":false}