{"gold_per_floor":[119,119,134,134,154,154,182,157,230,230,241,241,260,7,7,7],"floor_reached":16,"playtime":568,"items_purged":[],"score":102,"play_id":"28e5fd99-d2b0-4f5d-86f8-bf27ee0b80fc","local_time":"20190712172519","is_ascension_mode":false,"campfire_choices":[{"data":"Neutralize","floor":6,"key":"SMITH"},{"data":"Tactician","floor":10,"key":"SMITH"},{"data":"Prepared","floor":12,"key":"SMITH"},{"floor":15,"key":"REST"}],"neow_cost":"NONE","seed_source_timestamp":98844302359633,"circlet_count":0,"master_deck":["Strike_G","Strike_G","Strike_G","Strike_G","Defend_G","Defend_G","Defend_G","Defend_G","Defend_G","Survivor","Neutralize+1","Prepared+1","Tactician+1","Backflip","Deflect"],"relics":["Ring of the Snake","NeowsBlessing","Ginger","Boot","Toxic Egg 2"],"potions_floor_usage":[7,11],"damage_taken":[{"damage":0,"enemies":"Cultist","floor":1,"turns":1},{"damage":0,"enemies":"2 Louse","floor":3,"turns":1},{"damage":0,"enemies":"Small Slimes","floor":5,"turns":1},{"damage":37,"enemies":"3 Sentries","floor":7,"turns":18},{"damage":3,"enemies":"Exordium Thugs","floor":8,"turns":5},{"damage":0,"enemies":"Lots of Slimes","floor":11,"turns":3},{"damage":0,"enemies":"Exordium Wildlife","floor":13,"turns":5},{"damage":37,"enemies":"Slime Boss","floor":16,"turns":10}],"seed_played":"-7358772032238666580","potions_obtained":[{"floor":3,"key":"SkillPotion"},{"floor":7,"key":"SteroidPotion"}],"is_trial":false,"path_per_floor":["M","?","M","?","M","R","E","M","T","R","M","R","M","$","R","B"],"character_chosen":"THE_SILENT","items_purchased":["Toxic Egg 2"],"campfire_rested":1,"item_purchase_floors":[14],"current_hp_per_floor":[70,70,70,70,70,70,33,30,30,30,30,30,30,30,51,14],"gold":7,"neow_bonus":"THREE_ENEMY_KILL","is_prod":false,"is_daily":false,"chose_seed":false,"campfire_upgraded":3,"win_rate":0,"timestamp":1562945119,"path_taken":["M","?","?","?","?","R","E","M","T","R","M","R","M","$","R","BOSS"],"build_version":"2019-07-05","purchased_purges":0,"victory":false,"max_hp_per_floor":[70,70,70,70,70,70,70,70,70,70,70,70,70,70,70,70],"card_choices":[{"not_picked":["Concentrate","Dodge and Roll"],"picked":"Acrobatics","floor":1},{"not_picked":["Poisoned Stab","Bane"],"picked":"Prepared","floor":3},{"not_picked":["Slice","Outmaneuver"],"picked":"Tactician","floor":5},{"not_picked":["Dodge and Roll","Bane","Riddle With Holes"],"picked":"SKIP","floor":7},{"not_picked":["Setup","PiercingWail"],"picked":"Backflip","floor":8},{"not_picked":["Cloak And Dagger","Quick Slash","Setup"],"picked":"SKIP","floor":11},{"not_picked":["Slice","Unload"],"picked":"Deflect","floor":13}],"player_experience":93895,"relics_obtained":[{"floor":7,"key":"Boot"}],"event_choices":[{"cards_removed":["Acrobatics"],"damage_healed":0,"gold_gain":0,"player_choice":"Gave Card","damage_taken":0,"relics_obtained":["Ginger"],"max_hp_gain":0,"max_hp_loss":0,"event_name":"WeMeetAgain","floor":2,"gold_loss":0},{"cards_removed":["Strike_G"],"damage_healed":0,"gold_gain":0,"player_choice":"Purged","damage_taken":0,"max_hp_gain":0,"max_hp_loss":0,"event_name":"Purifier","floor":4,"gold_loss":0}],"is_beta":false,"boss_relics":[],"items_purged_floors":[],"is_endless":false,"potions_floor_spawned":[3,7],"killed_by":"Slime Boss","ascension_level":0}