{"gold_per_floor":[116,116,3,3,78,102,102,125,202,202,202,27,27,4,4,135,135,151,26,26,0,25,25,39,39,92,112,112,132,132,151,151,271,271,291,2,2,2],"floor_reached":38,"playtime":2699,"items_purged":["Strike_B","Strike_B","Strike_B"],"score":376,"play_id":"ce5a49f4-311a-4875-9dc7-53129eee4a9f","local_time":"20190718105019","is_ascension_mode":true,"campfire_choices":[{"data":"Zap","floor":7,"key":"SMITH"},{"data":"Dualcast","floor":10,"key":"SMITH"},{"data":"Fusion","floor":13,"key":"SMITH"},{"floor":15,"key":"REST"},{"data":"Hologram","floor":23,"key":"SMITH"},{"data":"Heatsinks","floor":28,"key":"SMITH"},{"floor":30,"key":"REST"},{"floor":32,"key":"REST"}],"neow_cost":"NONE","seed_source_timestamp":48150954446287,"circlet_count":0,"master_deck":["Defend_B","Defend_B+1","Defend_B","Defend_B","Zap+1","Dualcast+1","Heatsinks+1","Fusion+1","Hello World","Regret","Defragment","Hologram+1","Defragment","Conserve Battery","Electrodynamics","Hologram+1","Force Field+1","Sweeping Beam+1","Rainbow","Tempest+1"],"relics":["FrozenCore","Golden Idol","Kunai","Tiny Chest","War Paint","Enchiridion","Lantern","Bottled Tornado","Regal Pillow","Philosopher\u0027s Stone","Gambling Chip"],"potions_floor_usage":[16,33,38],"damage_taken":[{"damage":3,"enemies":"Jaw Worm","floor":1,"turns":3},{"damage":8,"enemies":"2 Louse","floor":6,"turns":2},{"damage":7,"enemies":"Small Slimes","floor":8,"turns":3},{"damage":53,"enemies":"Hexaghost","floor":16,"turns":11},{"damage":8,"enemies":"Spheric Guardian","floor":18,"turns":6},{"damage":7,"enemies":"Chosen","floor":24,"turns":4},{"damage":13,"enemies":"Snecko","floor":27,"turns":7},{"damage":22,"enemies":"Centurion and Healer","floor":29,"turns":6},{"damage":14,"enemies":"Snake Plant","floor":31,"turns":3},{"damage":32,"enemies":"Collector","floor":33,"turns":10},{"damage":24,"enemies":"3 Shapes","floor":35,"turns":3},{"damage":51,"enemies":"Donu and Deca","floor":38,"turns":7}],"seed_played":"-7861143489220161026","potions_obtained":[{"floor":1,"key":"Regen Potion"},{"floor":24,"key":"SteroidPotion"},{"floor":29,"key":"FocusPotion"},{"floor":33,"key":"Dexterity Potion"}],"is_trial":false,"path_per_floor":["M","?","$","?","?","M","R","M","T","R","?","$","R","$","R","B",null,"M","$","?","?","T","R","M","T","T","M","R","M","R","M","R","B",null,"M","$","?","B"],"character_chosen":"DEFECT","items_purchased":["Hello World","Defragment","Conserve Battery","Gambling Chip"],"campfire_rested":3,"item_purchase_floors":[3,12,14,36],"current_hp_per_floor":[72,54,54,54,43,35,35,28,28,28,28,28,28,28,50,12,75,67,67,51,51,51,51,44,44,44,31,31,9,46,32,69,37,75,51,51,51,0],"gold":2,"neow_bonus":"TRANSFORM_CARD","is_prod":false,"is_daily":false,"chose_seed":false,"campfire_upgraded":5,"win_rate":0,"timestamp":1563465019,"path_taken":["M","?","$","?","?","M","R","?","T","R","?","$","R","?","R","BOSS","M","?","?","?","?","R","M","?","T","M","R","M","R","M","R","BOSS","M","$","?","BOSS"],"build_version":"2019-07-17","purchased_purges":3,"victory":false,"max_hp_per_floor":[75,75,75,75,75,75,75,75,75,75,75,75,75,75,75,75,75,75,75,75,75,75,75,75,75,75,75,75,75,75,75,75,75,75,75,75,75,75],"card_choices":[{"not_picked":["Chill","Defragment"],"picked":"Fusion","floor":1},{"not_picked":["Fusion","Reinforced Body"],"picked":"Defragment","floor":6},{"not_picked":["Skim","Chill"],"picked":"Hologram","floor":8},{"not_picked":["Multi-Cast","Amplify"],"picked":"Electrodynamics","floor":16},{"not_picked":["Heatsinks","Sweeping Beam"],"picked":"Hologram","floor":18},{"not_picked":["Tempest","Hologram"],"picked":"Force Field+1","floor":24},{"not_picked":["Steam+1","Aggregate"],"picked":"Sweeping Beam+1","floor":27},{"not_picked":["Gash","Steam Power","Sweeping Beam"],"picked":"SKIP","floor":29},{"not_picked":["Hologram","Skim","Stack"],"picked":"SKIP","floor":31},{"not_picked":["Hyperbeam","All For One"],"picked":"Rainbow","floor":33},{"not_picked":["Glacier+1","White Noise"],"picked":"Tempest+1","floor":35}],"player_experience":352056,"relics_obtained":[{"floor":9,"key":"Tiny Chest"},{"floor":11,"key":"War Paint"},{"floor":20,"key":"Enchiridion"},{"floor":22,"key":"Lantern"},{"floor":25,"key":"Bottled Tornado"},{"floor":26,"key":"Regal Pillow"}],"event_choices":[{"damage_healed":0,"gold_gain":0,"player_choice":"Take Damage","damage_taken":18,"relics_obtained":["Golden Idol"],"max_hp_gain":0,"max_hp_loss":0,"event_name":"Golden Idol","floor":2,"gold_loss":0},{"damage_healed":0,"gold_gain":0,"player_choice":"Box","damage_taken":0,"relics_obtained":["Kunai"],"max_hp_gain":0,"max_hp_loss":0,"event_name":"Big Fish","floor":4,"gold_loss":0,"cards_obtained":["Regret"]},{"damage_healed":0,"gold_gain":75,"player_choice":"Gather Gold","damage_taken":11,"max_hp_gain":0,"max_hp_loss":0,"event_name":"World of Goop","floor":5,"gold_loss":0},{"damage_healed":0,"gold_gain":0,"player_choice":"Relic","damage_taken":0,"max_hp_gain":0,"max_hp_loss":0,"event_name":"Wheel of Change","floor":11,"gold_loss":0},{"damage_healed":0,"gold_gain":0,"player_choice":"Obtained Book","damage_taken":16,"max_hp_gain":0,"max_hp_loss":0,"event_name":"Cursed Tome","floor":20,"gold_loss":0},{"damage_healed":0,"gold_gain":0,"player_choice":"Paid Fearfully","damage_taken":0,"max_hp_gain":0,"max_hp_loss":0,"event_name":"Masked Bandits","floor":21,"gold_loss":26},{"damage_healed":0,"gold_gain":0,"player_choice":"Took Portal","damage_taken":0,"max_hp_gain":0,"max_hp_loss":0,"event_name":"SecretPortal","floor":37,"gold_loss":0}],"is_beta":false,"boss_relics":[{"not_picked":["Fusion Hammer","Tiny House"],"picked":"FrozenCore"},{"not_picked":["Pandora\u0027s Box","Velvet Choker"],"picked":"Philosopher\u0027s Stone"}],"items_purged_floors":[3,12,19],"is_endless":false,"potions_floor_spawned":[1,24,29,33],"killed_by":"Donu and Deca","ascension_level":1}