{"gold_per_floor":[217,142,142,155,172,172,183,194,217,217,217,217,242,242,242,320,320,333,346,346,271,281,307,307,321,344,344,356,385,408,36,36,36],"floor_reached":33,"playtime":1211,"items_purged":[],"score":569,"play_id":"50a87449-6c40-4d9d-b799-54bc9d103658","local_time":"20190626184838","is_ascension_mode":true,"campfire_choices":[{"data":"Warcry","floor":6,"key":"SMITH"},{"floor":10,"key":"REST"},{"data":"Iron Wave","floor":15,"key":"SMITH"},{"floor":24,"key":"REST"},{"floor":27,"key":"RECALL"},{"data":"1","floor":32,"key":"LIFT"}],"neow_cost":"NONE","seed_source_timestamp":42353080516300,"circlet_count":0,"master_deck":["AscendersBane","Strike_R","Strike_R","Strike_R","Strike_R","Defend_R","Defend_R","Defend_R","Bash","Iron Wave+1","Warcry+1","Cleave","Ghostly Armor+1","Offering","Shrug It Off","Burning Pact","Disarm","Searing Blow","Pommel Strike+1","Berserk","Infernal Blade+1"],"relics":["Burning Blood","WarpedTongs","Vajra","Oddly Smooth Stone","Lantern","Fusion Hammer","MutagenicStrength","Red Skull","Bag of Marbles","Girya","War Paint","Regal Pillow"],"potions_floor_usage":[8,16,22,23,33],"damage_taken":[{"damage":22,"enemies":"Jaw Worm","floor":1,"turns":7},{"damage":8,"enemies":"2 Louse","floor":4,"turns":3},{"damage":7,"enemies":"Cultist","floor":5,"turns":3},{"damage":20,"enemies":"3 Louse","floor":7,"turns":5},{"damage":9,"enemies":"Looter","floor":8,"turns":3},{"damage":24,"enemies":"The Guardian","floor":16,"turns":11},{"damage":29,"enemies":"Chosen","floor":18,"turns":5},{"damage":6,"enemies":"Shell Parasite","floor":19,"turns":4},{"damage":12,"enemies":"Cultist and Chosen","floor":22,"turns":4},{"damage":6,"enemies":"Slavers","floor":23,"turns":6},{"damage":0,"enemies":"Centurion and Healer","floor":25,"turns":5},{"damage":6,"enemies":"3 Cultists","floor":28,"turns":5},{"damage":6,"enemies":"Gremlin Leader","floor":29,"turns":4},{"damage":93,"enemies":"Automaton","floor":33,"turns":6}],"seed_played":"-2710296281139015890","potions_obtained":[{"floor":7,"key":"AttackPotion"},{"floor":8,"key":"Fire Potion"},{"floor":18,"key":"BloodPotion"},{"floor":19,"key":"Fire Potion"},{"floor":23,"key":"Fire Potion"}],"is_trial":false,"path_per_floor":["M","?","?","M","M","R","M","M","T","R","?","?","T","?","R","B",null,"M","M","?","?","M","E","R","M","T","R","M","E","T","$","R","B"],"character_chosen":"IRONCLAD","items_purchased":["Infernal Blade","War Paint","Regal Pillow"],"campfire_rested":2,"item_purchase_floors":[31,31,31],"current_hp_per_floor":[52,52,52,50,49,49,35,32,32,54,47,42,42,47,47,29,64,41,41,41,41,35,42,64,70,70,70,70,70,70,70,70,0],"gold":36,"neow_bonus":"HUNDRED_GOLD","is_prod":false,"is_daily":false,"chose_seed":false,"campfire_upgraded":2,"win_rate":0,"timestamp":1561564118,"path_taken":["M","?","?","?","M","R","M","M","T","R","?","?","?","?","R","BOSS","M","?","?","?","M","E","R","M","T","R","M","E","?","$","R","BOSS"],"build_version":"2019-01-23","purchased_purges":0,"victory":false,"max_hp_per_floor":[75,75,75,75,75,75,75,75,75,75,75,75,75,75,75,75,75,75,75,75,75,75,75,75,75,75,75,75,75,75,75,75,75],"card_choices":[{"not_picked":["Iron Wave","Flex"],"picked":"Havoc","floor":1},{"not_picked":["Heavy Blade","True Grit"],"picked":"Iron Wave","floor":4},{"not_picked":["Thunderclap","Perfected Strike"],"picked":"Warcry","floor":5},{"not_picked":["Heavy Blade","Pommel Strike"],"picked":"Cleave","floor":7},{"not_picked":["Twin Strike","Heavy Blade"],"picked":"Ghostly Armor","floor":8},{"not_picked":["Double Tap","Exhume"],"picked":"Offering","floor":16},{"not_picked":["Blood for Blood","Dropkick"],"picked":"Shrug It Off","floor":18},{"not_picked":["Armaments","Havoc"],"picked":"Burning Pact","floor":19},{"not_picked":["Headbutt","Wild Strike"],"picked":"Disarm","floor":22},{"not_picked":["Metallicize","Intimidate"],"picked":"Searing Blow","floor":23},{"not_picked":["True Grit","Rupture+1"],"picked":"Pommel Strike+1","floor":25},{"not_picked":["Cleave","Twin Strike","True Grit"],"picked":"SKIP","floor":28},{"not_picked":["True Grit","Armaments"],"picked":"Berserk","floor":29}],"player_experience":626332,"relics_obtained":[{"floor":9,"key":"Vajra"},{"floor":13,"key":"Lantern"},{"floor":23,"key":"Red Skull"},{"floor":26,"key":"Bag of Marbles"},{"floor":29,"key":"Girya"}],"event_choices":[{"cards_removed":["Strike_R"],"damage_healed":0,"gold_gain":0,"player_choice":"Card Removal","damage_taken":0,"max_hp_gain":0,"max_hp_loss":0,"event_name":"The Cleric","floor":2,"gold_loss":75},{"damage_healed":0,"gold_gain":0,"player_choice":"Rummage","damage_taken":0,"relics_obtained":["WarpedTongs"],"max_hp_gain":0,"max_hp_loss":0,"event_name":"Accursed Blacksmith","floor":3,"gold_loss":0,"cards_obtained":["Pain"]},{"cards_removed":["Pain"],"damage_healed":0,"gold_gain":0,"player_choice":"Card Removal","damage_taken":7,"max_hp_gain":0,"max_hp_loss":0,"event_name":"Golden Wing","floor":11,"gold_loss":0},{"damage_healed":0,"gold_gain":0,"player_choice":"Success","damage_taken":5,"relics_obtained":["Oddly Smooth Stone"],"max_hp_gain":0,"max_hp_loss":0,"event_name":"Scrap Ooze","floor":12,"gold_loss":0},{"cards_removed":["Havoc"],"damage_healed":5,"gold_gain":0,"player_choice":"Offered Common","damage_taken":0,"max_hp_gain":0,"max_hp_loss":0,"event_name":"Bonfire Elementals","floor":14,"gold_loss":0},{"cards_removed":["Havoc"],"damage_healed":5,"gold_gain":0,"player_choice":"Offered Special","damage_taken":0,"max_hp_gain":0,"max_hp_loss":0,"event_name":"Bonfire Elementals","floor":14,"gold_loss":0},{"damage_healed":0,"gold_gain":0,"player_choice":"Inject Mutagens","damage_taken":0,"relics_obtained":["MutagenicStrength"],"max_hp_gain":0,"max_hp_loss":0,"event_name":"Drug Dealer","floor":20,"gold_loss":0},{"cards_removed":["Defend_R"],"damage_healed":0,"gold_gain":0,"player_choice":"Gave Gold","damage_taken":0,"max_hp_gain":0,"max_hp_loss":0,"event_name":"Beggar","floor":21,"gold_loss":75}],"is_beta":false,"boss_relics":[{"not_picked":["Snecko Eye","Lizard Tail"],"picked":"Fusion Hammer"}],"items_purged_floors":[],"is_endless":false,"potions_floor_spawned":[7,8,18,19,23],"killed_by":"Automaton","ascension_level":15}