{"gold_per_floor":[119,119,119,119,119,119,133,133,133,46,46,65,65,27,27,153,153,172,122,143,143,164,164,197,211,211,211,211,230,230,251,251,374,374,397,33,158,182,206,206,237,237,315,315,335,335,31,49,49,49],"floor_reached":51,"playtime":4924,"items_purged":["Strike_G","Strike_G","Defend_G","Defend_G"],"score":633,"play_id":"daa59b81-e582-4de7-93e0-369949683492","local_time":"20190622150128","is_ascension_mode":false,"campfire_choices":[{"data":"Neutralize","floor":6,"key":"SMITH"},{"data":"Calculated Gamble","floor":8,"key":"SMITH"},{"data":"Bouncing Flask","floor":11,"key":"SMITH"},{"data":"Sucker Punch","floor":13,"key":"SMITH"},{"floor":15,"key":"REST"},{"floor":23,"key":"REST"},{"floor":28,"key":"REST"},{"floor":32,"key":"REST"},{"floor":40,"key":"REST"},{"floor":42,"key":"REST"},{"floor":44,"key":"REST"},{"data":"Bouncing Flask","floor":46,"key":"SMITH"},{"floor":49,"key":"REST"}],"neow_cost":"NONE","seed_source_timestamp":142107811821956,"circlet_count":0,"master_deck":["Defend_G","Defend_G","Survivor","Neutralize+1","Bane","Calculated Gamble+1","Bouncing Flask+1","Sucker Punch+1","Heel Hook","Burst","Heel Hook+1","Noxious Fumes","Bouncing Flask+1","Flying Knee","Acrobatics","Prepared+1","Leg Sweep+1","Malaise+1","Tools of the Trade+1","Distraction+1","Die Die Die+1","Blur+1","Good Instincts+1","Leg Sweep+1","Dodge and Roll+1","Dodge and Roll+1","Backflip+1","The Bomb+1","Madness+1"],"relics":["Ring of the Snake","Bag of Marbles","Smiling Mask","Golden Idol","Question Card","Dodecahedron","Runic Pyramid","Shuriken","Toxic Egg 2","MutagenicStrength","Astrolabe","Art of War","The Specimen","Juzu Bracelet","Kunai"],"potions_floor_usage":[16,20,20,24,33,33,41,41,45],"damage_taken":[{"damage":0,"enemies":"Jaw Worm","floor":1,"turns":4},{"damage":3,"enemies":"Small Slimes","floor":7,"turns":4},{"damage":0,"enemies":"2 Louse","floor":12,"turns":2},{"damage":24,"enemies":"The Guardian","floor":16,"turns":7},{"damage":18,"enemies":"2 Thieves","floor":18,"turns":4},{"damage":5,"enemies":"3 Byrds","floor":20,"turns":2},{"damage":16,"enemies":"Cultist and Chosen","floor":22,"turns":5},{"damage":4,"enemies":"Gremlin Leader","floor":24,"turns":6},{"damage":11,"enemies":"Snecko","floor":25,"turns":4},{"damage":13,"enemies":"Snake Plant","floor":29,"turns":3},{"damage":21,"enemies":"Cultist and Chosen","floor":31,"turns":5},{"damage":23,"enemies":"Collector","floor":33,"turns":9},{"damage":10,"enemies":"3 Darklings","floor":35,"turns":5},{"damage":0,"enemies":"Mind Bloom Boss Battle","floor":37,"turns":6},{"damage":3,"enemies":"3 Shapes","floor":38,"turns":4},{"damage":14,"enemies":"Spire Growth","floor":39,"turns":5},{"damage":36,"enemies":"Giant Head","floor":41,"turns":10},{"damage":0,"enemies":"Maw","floor":45,"turns":8},{"damage":12,"enemies":"Transient","floor":48,"turns":5},{"damage":60,"enemies":"Awakened One","floor":50,"turns":15}],"seed_played":"4260386811030994391","potions_obtained":[{"floor":1,"key":"Poison Potion"},{"floor":16,"key":"Poison Potion"},{"floor":18,"key":"SkillPotion"},{"floor":22,"key":"LiquidBronze"},{"floor":29,"key":"Swift Potion"},{"floor":31,"key":"PowerPotion"},{"floor":38,"key":"Poison Potion"},{"floor":39,"key":"Strength Potion"},{"floor":41,"key":"PowerPotion"}],"is_trial":false,"path_per_floor":["M","?","?","?","T","R","M","R","T","$","R","M","R","$","R","B",null,"M","$","M","?","M","R","E","M","T","?","R","M","?","M","R","B",null,"M","$","?","M","M","R","E","R","T","R","M","R","$","M","R","B",null],"character_chosen":"THE_SILENT","items_purchased":["Bouncing Flask","Heel Hook","Art of War","Good Instincts+1","Leg Sweep+1","The Bomb+1","Madness+1"],"campfire_rested":8,"item_purchase_floors":[10,14,36,36,36,47,47],"current_hp_per_floor":[70,70,37,37,37,37,34,34,34,34,34,34,34,34,53,29,65,47,47,42,42,26,45,41,30,30,30,49,36,36,15,34,11,65,55,55,55,52,38,57,21,40,40,59,59,59,59,47,65,5],"gold":49,"neow_bonus":"RANDOM_COMMON_RELIC","is_prod":false,"is_daily":false,"chose_seed":false,"campfire_upgraded":5,"win_rate":0,"timestamp":1561233688,"path_taken":["M","?","?","?","?","R","M","R","T","$","R","?","R","$","R","BOSS","M","$","M","?","M","R","E","M","T","?","R","M","?","?","R","BOSS","M","$","?","M","M","R","E","R","T","R","M","R","$","M","R","BOSS"],"build_version":"2019-01-23","purchased_purges":4,"victory":true,"max_hp_per_floor":[70,70,70,65,65,65,65,65,65,65,65,65,65,65,65,65,65,65,65,65,65,65,65,65,65,65,65,65,65,65,65,65,65,65,65,65,65,65,65,65,65,65,65,65,65,65,65,65,65,65],"card_choices":[{"not_picked":["Flechettes","Cloak And Dagger"],"picked":"Bane","floor":1},{"not_picked":["Slice","Quick Slash","Blade Dance"],"picked":"Calculated Gamble","floor":7},{"not_picked":["Quick Slash","Blade Dance","Cloak And Dagger"],"picked":"Sucker Punch","floor":12},{"not_picked":["Wraith Form v2","Night Terror","Venomology"],"picked":"Burst","floor":16},{"not_picked":["Cloak And Dagger","Flying Knee","Dagger Throw"],"picked":"Heel Hook+1","floor":18},{"not_picked":["Blade Dance","Flying Knee","Slice","Outmaneuver+1"],"picked":"SKIP","floor":20},{"not_picked":["Infinite Blades","Expertise","Flechettes"],"picked":"Bouncing Flask","floor":22},{"not_picked":["Bullet Time","Flechettes+1","Quick Slash"],"picked":"Flying Knee","floor":24},{"not_picked":["Blade Dance","Poisoned Stab","Eviscerate"],"picked":"Acrobatics","floor":25},{"not_picked":["Backstab","Dagger Spray","Well Laid Plans"],"picked":"Prepared+1","floor":29},{"not_picked":["Poisoned Stab","Eviscerate","Acrobatics+1"],"picked":"Leg Sweep+1","floor":31},{"not_picked":["Phantasmal Killer+1","Venomology+1","Night Terror+1"],"picked":"Malaise+1","floor":33},{"not_picked":["Backstab","Caltrops+1","Underhanded Strike+1"],"picked":"Blur+1","floor":35},{"not_picked":["Infinite Blades","Expertise+1","Backflip+1"],"picked":"Dodge and Roll+1","floor":37},{"not_picked":["Dagger Spray","Outmaneuver+1","Flechettes","Heel Hook"],"picked":"SKIP","floor":38},{"not_picked":["Riddle With Holes","Dagger Spray","Sucker Punch","Underhanded Strike"],"picked":"SKIP","floor":39},{"not_picked":["Cloak And Dagger+1","Burst+1","Backstab+1"],"picked":"Dodge and Roll+1","floor":41},{"not_picked":["Endless Agony+1","Poisoned Stab","Cloak And Dagger+1"],"picked":"Backflip+1","floor":45},{"not_picked":["Flying Knee+1","Unload","Finisher","Cloak And Dagger+1"],"picked":"SKIP","floor":48}],"player_experience":279530,"relics_obtained":[{"floor":5,"key":"Question Card"},{"floor":9,"key":"Dodecahedron"},{"floor":24,"key":"Shuriken"},{"floor":26,"key":"Toxic Egg 2"},{"floor":37,"key":"The Specimen"},{"floor":41,"key":"Juzu Bracelet"},{"floor":43,"key":"Kunai"}],"event_choices":[{"cards_removed":["Strike_G"],"damage_healed":0,"gold_gain":0,"player_choice":"Forget","damage_taken":0,"max_hp_gain":0,"max_hp_loss":0,"event_name":"Living Wall","floor":2,"gold_loss":0},{"damage_healed":0,"gold_gain":0,"player_choice":"Success","damage_taken":33,"relics_obtained":["Smiling Mask"],"max_hp_gain":0,"max_hp_loss":0,"event_name":"Scrap Ooze","floor":3,"gold_loss":0},{"damage_healed":0,"gold_gain":0,"player_choice":"Lose Max HP","damage_taken":0,"relics_obtained":["Golden Idol"],"max_hp_gain":0,"max_hp_loss":5,"event_name":"Golden Idol","floor":4,"gold_loss":0},{"damage_healed":0,"gold_gain":0,"player_choice":"Read","damage_taken":0,"max_hp_gain":0,"max_hp_loss":0,"event_name":"The Library","floor":21,"gold_loss":0,"cards_obtained":["Noxious Fumes"]},{"damage_healed":0,"gold_gain":0,"player_choice":"Inject Mutagens","damage_taken":0,"relics_obtained":["MutagenicStrength"],"max_hp_gain":0,"max_hp_loss":0,"event_name":"Drug Dealer","floor":27,"gold_loss":0},{"damage_healed":0,"gold_gain":0,"player_choice":"Leave","damage_taken":0,"max_hp_gain":0,"max_hp_loss":0,"event_name":"FaceTrader","floor":30,"gold_loss":0},{"damage_healed":0,"gold_gain":0,"player_choice":"Fight","damage_taken":0,"max_hp_gain":0,"max_hp_loss":0,"event_name":"MindBloom","floor":37,"gold_loss":0}],"is_beta":false,"boss_relics":[{"not_picked":["Lizard Tail","Calling Bell"],"picked":"Runic Pyramid"},{"not_picked":["Pandora\u0027s Box","Runic Dome"],"picked":"Astrolabe"}],"items_purged_floors":[10,19,36,47],"is_endless":false,"potions_floor_spawned":[1,16,18,22,29,31,38,39,41],"ascension_level":0}