{"gold_per_floor":[116,116,141,141,160,160,194,208,208,3,3,27,51,0,0,0],"floor_reached":16,"playtime":325,"items_purged":[],"score":163,"play_id":"b0f99c84-3147-4595-ac57-fded51a32feb","local_time":"20181102160148","is_ascension_mode":true,"campfire_choices":[{"data":"Wild Strike","floor":6,"key":"SMITH"},{"data":"Wild Strike","floor":15,"key":"SMITH"}],"neow_cost":"NONE","seed_source_timestamp":63944741807200,"circlet_count":0,"master_deck":["AscendersBane","Strike_R","Strike_R","Strike_R","Strike_R","Defend_R","Defend_R","Defend_R","Defend_R","Bash","Iron Wave","Wild Strike+1","Wild Strike","Wild Strike+1","Thunderclap","Limit Break"],"relics":["Burning Blood","NeowsBlessing","Golden Idol","GremlinMask","Blood Vial","Self Forming Clay","Sling","Bird Faced Urn"],"potions_floor_usage":[7,8],"damage_taken":[{"damage":0,"enemies":"Small Slimes","floor":1,"turns":1},{"damage":0,"enemies":"Cultist","floor":3,"turns":1},{"damage":0,"enemies":"Jaw Worm","floor":5,"turns":1},{"damage":15,"enemies":"Gremlin Nob","floor":7,"turns":4},{"damage":0,"enemies":"2 Fungi Beasts","floor":8,"turns":2},{"damage":14,"enemies":"Looter","floor":12,"turns":3},{"damage":15,"enemies":"Red Slaver","floor":13,"turns":3},{"damage":61,"enemies":"Slime Boss","floor":16,"turns":6}],"seed_played":"707860806822680956","potions_obtained":[{"floor":1,"key":"Explosive Potion"},{"floor":5,"key":"SkillPotion"},{"floor":12,"key":"Regen Potion"}],"is_trial":false,"path_per_floor":["M","?","M","?","M","R","E","M","T","$","?","M","M","?","R","B"],"character_chosen":"IRONCLAD","items_purchased":["Sling"],"campfire_rested":0,"item_purchase_floors":[10],"current_hp_per_floor":[78,58,64,64,70,70,61,69,69,69,62,56,49,49,49,0],"gold":0,"neow_bonus":"THREE_ENEMY_KILL","is_prod":false,"is_daily":false,"chose_seed":false,"campfire_upgraded":2,"win_rate":0,"timestamp":1541167308,"path_taken":["M","?","M","?","M","R","E","?","T","?","?","M","M","?","R","BOSS"],"build_version":"2018-11-01","purchased_purges":0,"victory":false,"max_hp_per_floor":[80,80,80,80,80,80,80,80,80,80,80,80,80,80,80,80],"card_choices":[{"not_picked":["Wild Strike","True Grit"],"picked":"Iron Wave","floor":1},{"not_picked":["Armaments","Bloodletting"],"picked":"Wild Strike","floor":3},{"not_picked":["Rage","Perfected Strike"],"picked":"Wild Strike","floor":5},{"not_picked":["Armaments","Heavy Blade"],"picked":"Wild Strike","floor":7},{"not_picked":["Anger","Havoc"],"picked":"Thunderclap","floor":8},{"not_picked":["Havoc","Wild Strike"],"picked":"Limit Break","floor":12},{"not_picked":["Hemokinesis","Corruption","Perfected Strike"],"picked":"SKIP","floor":13}],"player_experience":455331,"relics_obtained":[{"floor":7,"key":"Blood Vial"},{"floor":9,"key":"Self Forming Clay"}],"event_choices":[{"damage_healed":0,"gold_gain":0,"player_choice":"Take Damage","damage_taken":20,"relics_obtained":["Golden Idol"],"max_hp_gain":0,"max_hp_loss":0,"event_name":"Golden Idol","floor":2,"gold_loss":0},{"damage_healed":0,"gold_gain":0,"player_choice":"Trade","damage_taken":0,"relics_obtained":["GremlinMask"],"max_hp_gain":0,"max_hp_loss":0,"event_name":"FaceTrader","floor":4,"gold_loss":0},{"cards_removed":["Strike_R"],"damage_healed":0,"gold_gain":0,"player_choice":"Card Removal","damage_taken":7,"max_hp_gain":0,"max_hp_loss":0,"event_name":"Golden Wing","floor":11,"gold_loss":0},{"damage_healed":0,"gold_gain":0,"player_choice":"Paid Gold","damage_taken":0,"relics_obtained":["Bird Faced Urn"],"max_hp_gain":0,"max_hp_loss":0,"event_name":"WeMeetAgain","floor":14,"gold_loss":51}],"is_beta":false,"boss_relics":[],"items_purged_floors":[],"is_endless":false,"potions_floor_spawned":[1,5,12],"killed_by":"Slime Boss","ascension_level":12}