{"gold_per_floor":[116,116,135,135,135,165,165,20,20,20,40,40,59,123,123,220,220,239,239],"floor_reached":19,"playtime":631,"items_purged":[],"score":228,"play_id":"e7939325-a727-4bf0-b12d-6c5e3a1b51e1","local_time":"20190629113345","is_ascension_mode":true,"campfire_choices":[{"floor":7,"key":"REST"},{"data":"Darkness","floor":10,"key":"SMITH"},{"data":"White Noise","floor":12,"key":"SMITH"},{"floor":15,"key":"REST"}],"neow_cost":"NONE","seed_source_timestamp":10441081247500,"circlet_count":0,"master_deck":["Strike_B","Strike_B+1","Strike_B+1","Defend_B","Defend_B","Defend_B","Defend_B","Zap","Dualcast","Ball Lightning","FTL","Regret","Darkness+1","White Noise+1","Doom and Gloom","Fission","Regret","Decay","Decay","Steam"],"relics":["Velvet Choker","Art of War","Symbiotic Virus","PreservedInsect","Tiny Chest","Calling Bell","Cables","Pen Nib","Girya"],"potions_floor_usage":[6,13,18],"damage_taken":[{"damage":7,"enemies":"2 Louse","floor":1,"turns":3},{"damage":0,"enemies":"Small Slimes","floor":3,"turns":2},{"damage":17,"enemies":"Lagavulin","floor":6,"turns":4},{"damage":7,"enemies":"Jaw Worm","floor":11,"turns":2},{"damage":14,"enemies":"Exordium Wildlife","floor":13,"turns":3},{"damage":2,"enemies":"Gremlin Nob","floor":14,"turns":3},{"damage":49,"enemies":"The Guardian","floor":16,"turns":8},{"damage":49,"enemies":"Shell Parasite","floor":18,"turns":5},{"damage":13,"enemies":"Spheric Guardian","floor":19,"turns":2}],"seed_played":"8695723514510463688","potions_obtained":[{"floor":3,"key":"AttackPotion"},{"floor":11,"key":"Regen Potion"},{"floor":16,"key":"SneckoOil"}],"is_trial":false,"path_per_floor":["M","?","M","?","?","E","R","$","T","R","M","R","M","E","R","B",null,"M","M"],"character_chosen":"DEFECT","items_purchased":["PreservedInsect"],"campfire_rested":2,"item_purchase_floors":[8],"current_hp_per_floor":[61,61,61,61,46,29,51,51,51,51,44,44,39,37,59,10,59,10,0],"gold":239,"neow_bonus":"BOSS_RELIC","is_prod":false,"is_daily":false,"chose_seed":false,"campfire_upgraded":2,"win_rate":0,"timestamp":1561797225,"path_taken":["M","?","M","?","?","E","R","?","T","R","?","R","M","E","R","BOSS","M","M"],"build_version":"2019-01-23","purchased_purges":0,"victory":false,"max_hp_per_floor":[75,75,75,75,75,75,75,75,75,75,75,75,75,75,75,75,75,75,75],"card_choices":[{"not_picked":["Cold Snap","Rebound"],"picked":"Ball Lightning","floor":1},{"not_picked":["Barrage","Force Field"],"picked":"FTL","floor":3},{"not_picked":["Gash","Streamline"],"picked":"Darkness","floor":6},{"not_picked":["Force Field","Rebound"],"picked":"White Noise","floor":11},{"not_picked":["Force Field","Rebound","Gash"],"picked":"SKIP","floor":13},{"not_picked":["Rip and Tear","Undo"],"picked":"Doom and Gloom","floor":14},{"not_picked":["All For One","Meteor Strike"],"picked":"Fission","floor":16},{"not_picked":["Go for the Eyes","Double Energy"],"picked":"Steam","floor":18}],"player_experience":633905,"relics_obtained":[{"floor":6,"key":"Symbiotic Virus"},{"floor":14,"key":"Tiny Chest"},{"floor":17,"key":"Cables"},{"floor":17,"key":"Pen Nib"},{"floor":17,"key":"Girya"}],"event_choices":[{"cards_removed":["Strike_B"],"damage_healed":0,"gold_gain":0,"player_choice":"Forget","damage_taken":0,"max_hp_gain":0,"max_hp_loss":0,"event_name":"Living Wall","floor":2,"gold_loss":0},{"damage_healed":0,"gold_gain":0,"player_choice":"Box","damage_taken":0,"relics_obtained":["Art of War"],"max_hp_gain":0,"max_hp_loss":0,"event_name":"Big Fish","floor":4,"gold_loss":0,"cards_obtained":["Regret"]},{"damage_healed":0,"gold_gain":0,"player_choice":"Entered Light","damage_taken":15,"max_hp_gain":0,"max_hp_loss":0,"event_name":"Shining Light","floor":5,"gold_loss":0,"cards_upgraded":["Strike_B","Strike_B"]}],"is_beta":false,"boss_relics":[{"not_picked":["Lizard Tail","Eternal Feather"],"picked":"Calling Bell"}],"items_purged_floors":[],"is_endless":false,"potions_floor_spawned":[3,11,16],"killed_by":"Spheric Guardian","ascension_level":6}