{"path_per_floor":["M","M","$","M","?","?","R","?","T","?","E","R","M","M","R","B",null,"M","$","?","$","M","R","?","R","T","M","?","?","?","M","R","B",null,"M","M","?","$","?","R","$","R","T","?","M","T","$","M","R","B"],"character_chosen":"IRONCLAD","items_purchased":["Pommel Strike","Metallicize","Shrug It Off","Bottled Tornado","Dramatic Entrance","Lantern","Flame Barrier"],"gold_per_floor":[119,135,11,24,124,124,124,224,272,272,316,316,329,343,343,466,466,489,14,14,14,29,29,29,29,29,42,42,42,42,58,58,157,157,175,191,191,44,44,44,44,44,44,44,64,89,19,37,37,37],"floor_reached":51,"campfire_rested":2,"playtime":1445,"current_hp_per_floor":[80,80,80,80,80,80,80,80,80,60,42,42,48,54,78,14,80,67,67,67,67,69,69,69,69,69,55,55,55,39,50,74,80,80,80,80,80,80,80,80,80,80,80,80,80,80,80,80,80,37],"items_purged":["Strike_R"],"gold":37,"score":755,"play_id":"75de9c33-12e9-47ec-b494-fc924a906be6","local_time":"20180408150215","is_prod":false,"is_daily":false,"is_ascension_mode":true,"campfire_upgraded":7,"timestamp":1523188935,"path_taken":["M","M","$","M","?","?","R","?","T","?","E","R","?","M","R","BOSS","M","$","?","$","M","R","?","R","T","M","?","?","?","M","R","BOSS","M","M","?","$","?","R","$","R","T","?","?","?","$","M","R","BOSS"],"build_version":"2018-04-05v2","purchased_purges":1,"victory":true,"master_deck":["Strike_R+1","Strike_R+1","Strike_R+1","Defend_R+1","Defend_R+1","Defend_R+1","Defend_R+1","Cleave+1","Cleave+1","Pommel Strike+1","Metallicize+1","Flex+1","Double Tap+1","Shockwave+1","Barricade+1","Shrug It Off+1","Dramatic Entrance+1","Exhume+1","Demon Form+1","Heavy Blade+1","Flame Barrier+1"],"max_hp_per_floor":[80,80,80,80,80,80,80,80,80,80,80,80,80,80,80,80,80,80,80,80,80,80,80,80,80,80,80,80,80,80,80,80,80,80,80,80,80,80,80,80,80,80,80,80,80,80,80,80,80,80],"relics":["Burning Blood","Anchor","Bloody Idol","Toxic Egg 2","Runic Dome","Bottled Tornado","Happy Flower","Enchiridion","Sozu","Lantern","Oddly Smooth Stone","Molten Egg 2","Prayer Wheel"],"card_choices":[{"not_picked":["Anger","Entrench"],"picked":"Cleave","floor":1},{"not_picked":["Iron Wave","Ghostly Armor"],"picked":"Cleave","floor":2},{"not_picked":["Intimidate","Wild Strike"],"picked":"Flex","floor":4},{"not_picked":["Armaments","Havoc"],"picked":"Double Tap","floor":13},{"not_picked":["True Grit","Havoc"],"picked":"Shockwave","floor":14},{"not_picked":["Berserk","Impervious"],"picked":"Barricade","floor":16},{"not_picked":["Entrench","Reckless Charge"],"picked":"Exhume","floor":31},{"not_picked":["Bludgeon","Dark Embrace"],"picked":"Demon Form","floor":33},{"not_picked":["Second Wind","Evolve"],"picked":"Heavy Blade","floor":45}],"player_experience":189763,"potions_floor_usage":[1,2,13,18,27,31,33],"damage_taken":[{"damage":0,"enemies":"Cultist","floor":1,"turns":2},{"damage":0,"enemies":"Jaw Worm","floor":2,"turns":3},{"damage":1,"enemies":"2 Louse","floor":4,"turns":2},{"damage":24,"enemies":"Gremlin Nob","floor":11,"turns":4},{"damage":0,"enemies":"2 Fungi Beasts","floor":13,"turns":2},{"damage":0,"enemies":"Large Slime","floor":14,"turns":3},{"damage":70,"enemies":"The Guardian","floor":16,"turns":10},{"damage":19,"enemies":"Spheric Guardian","floor":18,"turns":4},{"damage":4,"enemies":"3 Byrds","floor":22,"turns":4},{"damage":20,"enemies":"Snake Plant","floor":27,"turns":4},{"damage":0,"enemies":"Sentry and Sphere","floor":31,"turns":5},{"damage":5,"enemies":"Automaton","floor":33,"turns":11},{"damage":4,"enemies":"3 Darklings","floor":35,"turns":3},{"damage":0,"enemies":"3 Shapes","floor":36,"turns":2},{"damage":3,"enemies":"Sphere and 2 Shapes","floor":45,"turns":2},{"damage":0,"enemies":"Maw","floor":48,"turns":6},{"damage":49,"enemies":"Donu and Deca","floor":50,"turns":8}],"event_choices":[{"event_name":"Golden Shrine","player_choice":"Pray","floor":5,"damage_taken":0},{"event_name":"Liars Game","player_choice":"disagreed","floor":6,"damage_taken":0},{"event_name":"Wheel of Change","player_choice":"Gold","floor":8,"damage_taken":0},{"event_name":"Golden Idol","player_choice":"Take Damage","floor":10,"damage_taken":0},{"event_name":"Bonfire Elementals","player_choice":"BASIC","floor":20,"damage_taken":0},{"event_name":"Back to Basics","player_choice":"Simplicity","floor":24,"damage_taken":0},{"event_name":"Upgrade Shrine","player_choice":"Upgraded","floor":28,"damage_taken":0},{"event_name":"Forgotten Altar","player_choice":"Gave Idol","floor":29,"damage_taken":0},{"event_name":"Cursed Tome","player_choice":"Obtained Book","floor":30,"damage_taken":0},{"event_name":"Purifier","player_choice":"One Purge","floor":37,"damage_taken":0},{"event_name":"Wheel of Change","player_choice":"Relic","floor":39,"damage_taken":0},{"event_name":"SecretPortal","player_choice":"Rejected Portal.","floor":44,"damage_taken":0}],"boss_relics":[{"not_picked":["Runic Cube","Runic Pyramid"],"picked":"Runic Dome"},{"not_picked":["Mark of Pain","Astrolabe"],"picked":"Sozu"}],"potions_floor_spawned":[2,4,16,22,35,36,48],"seed_played":"-458555698894555470","ascension_level":3,"is_trial":false}