{"gold_per_floor":[116,116,135,135,151,186,186,216,216,230,254,182,182],"floor_reached":13,"playtime":430,"items_purged":[],"score":140,"play_id":"9a673bcd-3549-4c9d-9a71-23ad841635da","local_time":"20190414111336","is_ascension_mode":true,"campfire_choices":[],"neow_cost":"NONE","seed_source_timestamp":11587139573200,"circlet_count":0,"master_deck":["AscendersBane","Strike_R","Strike_R","Strike_R","Strike_R","Strike_R","Defend_R","Defend_R","Defend_R","Defend_R","Bash","Havoc+1","Clothesline","Whirlwind","Pummel","Havoc","Shrug It Off","Whirlwind"],"relics":["Burning Blood","NeowsBlessing","Darkstone Periapt","Du-Vu Doll","Golden Idol","Happy Flower"],"potions_floor_usage":[11,13],"damage_taken":[{"damage":0,"enemies":"Jaw Worm","floor":1,"turns":1},{"damage":0,"enemies":"Small Slimes","floor":3,"turns":1},{"damage":0,"enemies":"2 Louse","floor":5,"turns":1},{"damage":32,"enemies":"Gremlin Nob","floor":6,"turns":5},{"damage":7,"enemies":"2 Fungi Beasts","floor":10,"turns":2},{"damage":18,"enemies":"Exordium Wildlife","floor":11,"turns":5},{"damage":32,"enemies":"Lagavulin","floor":13,"turns":6}],"seed_played":"-2006224668750817113","potions_obtained":[{"floor":3,"key":"BloodPotion"},{"floor":11,"key":"Weak Potion"}],"is_trial":false,"path_per_floor":["M","?","M","?","M","E","?","?","T","M","M","$","E"],"character_chosen":"IRONCLAD","items_purchased":["Whirlwind"],"campfire_rested":0,"item_purchase_floors":[12],"current_hp_per_floor":[78,78,80,55,61,35,35,35,35,34,29,29,0],"gold":182,"neow_bonus":"THREE_ENEMY_KILL","is_prod":false,"is_daily":false,"chose_seed":false,"campfire_upgraded":0,"win_rate":0,"timestamp":1555229616,"path_taken":["M","?","M","?","M","E","?","?","T","M","?","$","E"],"build_version":"2019-01-23","purchased_purges":0,"victory":false,"max_hp_per_floor":[80,80,80,80,80,80,74,74,74,74,74,74,74],"card_choices":[{"not_picked":["Thunderclap","Pommel Strike"],"picked":"Havoc","floor":1},{"not_picked":["Thunderclap","Seeing Red"],"picked":"Clothesline","floor":3},{"not_picked":["Dual Wield","Flame Barrier"],"picked":"Whirlwind","floor":5},{"not_picked":["Dark Embrace","Power Through"],"picked":"Pummel","floor":6},{"not_picked":["Clash","Battle Trance"],"picked":"Havoc","floor":10},{"not_picked":["Entrench","Rage"],"picked":"Shrug It Off","floor":11}],"player_experience":544160,"relics_obtained":[{"floor":6,"key":"Du-Vu Doll"}],"event_choices":[{"damage_healed":0,"gold_gain":0,"player_choice":"Grow","damage_taken":0,"max_hp_gain":0,"max_hp_loss":0,"event_name":"Living Wall","floor":2,"gold_loss":0,"cards_upgraded":["Havoc"]},{"damage_healed":0,"gold_gain":0,"player_choice":"Success","damage_taken":25,"relics_obtained":["Darkstone Periapt"],"max_hp_gain":0,"max_hp_loss":0,"event_name":"Scrap Ooze","floor":4,"gold_loss":0},{"damage_healed":0,"gold_gain":0,"player_choice":"Lose Max HP","damage_taken":0,"relics_obtained":["Golden Idol"],"max_hp_gain":0,"max_hp_loss":6,"event_name":"Golden Idol","floor":7,"gold_loss":0},{"damage_healed":0,"gold_gain":30,"player_choice":"Searched \u00273\u0027 times","damage_taken":0,"relics_obtained":["Happy Flower"],"max_hp_gain":0,"max_hp_loss":0,"event_name":"Dead Adventurer","floor":8,"gold_loss":0}],"is_beta":false,"boss_relics":[],"items_purged_floors":[],"is_endless":false,"potions_floor_spawned":[3,11],"killed_by":"Lagavulin","ascension_level":13}