{"gold_per_floor":[119,294,294,306,326,326,352,352,378,378,378,342,342,362,362,460,460,460,25,25,25,0,0,0,0,0,0,0,0,0,0,0,0],"floor_reached":33,"playtime":1013,"items_purged":[],"score":478,"play_id":"b6725aa1-7555-4d55-81f3-88d65a0b9f67","local_time":"20181206183853","is_ascension_mode":true,"campfire_choices":[{"data":"Iron Wave","floor":6,"key":"SMITH"},{"floor":8,"key":"REST"},{"data":"Pummel","floor":11,"key":"SMITH"},{"floor":15,"key":"REST"},{"data":"Barricade","floor":23,"key":"SMITH"},{"floor":25,"key":"REST"},{"floor":32,"key":"REST"}],"neow_cost":"NONE","seed_source_timestamp":35574567813200,"circlet_count":0,"master_deck":["AscendersBane","Strike_R+1","Strike_R+1","Strike_R+1","Strike_R+1","Strike_R+1","Defend_R+1","Defend_R+1","Defend_R+1","Defend_R+1","Bash","Cleave+1","Iron Wave+1","Pummel+1","Shockwave+1","Whirlwind","Flex","Barricade+1","Thunderclap+1","Shrug It Off","Shockwave+1","Twin Strike","Pommel Strike","Bludgeon"],"relics":["Burning Blood","Strawberry","Art of War","War Paint","Mango","Ectoplasm","Chemical X","Mummified Hand","Bag of Marbles","Omamori","Meat on the Bone"],"potions_floor_usage":[7,16,16,18,29,31],"damage_taken":[{"damage":13,"enemies":"Jaw Worm","floor":1,"turns":4},{"damage":16,"enemies":"Small Slimes","floor":4,"turns":4},{"damage":0,"enemies":"Cultist","floor":5,"turns":4},{"damage":59,"enemies":"Lagavulin","floor":7,"turns":11},{"damage":30,"enemies":"Large Slime","floor":14,"turns":6},{"damage":40,"enemies":"The Guardian","floor":16,"turns":13},{"damage":3,"enemies":"Chosen","floor":18,"turns":5},{"damage":17,"enemies":"2 Thieves","floor":22,"turns":3},{"damage":58,"enemies":"Book of Stabbing","floor":24,"turns":6},{"damage":24,"enemies":"Snake Plant","floor":28,"turns":3},{"damage":10,"enemies":"Centurion and Healer","floor":29,"turns":4},{"damage":17,"enemies":"Slavers","floor":30,"turns":5},{"damage":0,"enemies":"Shelled Parasite and Fungi","floor":31,"turns":2},{"damage":81,"enemies":"Automaton","floor":33,"turns":6}],"seed_played":"3422520286493099672","potions_obtained":[{"floor":5,"key":"SpeedPotion"},{"floor":7,"key":"EssenceOfSteel"},{"floor":14,"key":"GamblersBrew"},{"floor":16,"key":"EssenceOfSteel"},{"floor":28,"key":"BloodPotion"},{"floor":30,"key":"SkillPotion"}],"is_trial":false,"path_per_floor":["M","?","?","M","M","R","E","R","T","?","R","$","?","M","R","B",null,"M","$","?","?","M","R","E","R","T","?","M","M","E","M","R","B"],"character_chosen":"IRONCLAD","items_purchased":["Whirlwind","Chemical X","Mummified Hand"],"campfire_rested":4,"item_purchase_floors":[12,19,19],"current_hp_per_floor":[72,72,72,62,68,68,15,41,41,34,34,34,36,12,42,8,78,81,81,81,81,70,70,18,48,48,48,30,36,25,43,73,0],"gold":0,"neow_bonus":"RANDOM_COMMON_RELIC","is_prod":false,"is_daily":false,"chose_seed":false,"campfire_upgraded":3,"win_rate":0,"timestamp":1544114333,"path_taken":["M","?","?","?","M","R","E","R","T","?","R","$","?","M","R","BOSS","M","$","?","?","M","R","E","R","T","?","M","M","E","M","R","BOSS"],"build_version":"2018-11-15","purchased_purges":0,"victory":false,"max_hp_per_floor":[87,87,87,87,87,87,87,87,87,87,87,87,101,101,101,101,101,101,101,101,101,101,101,101,101,101,101,101,101,101,101,101,101],"card_choices":[{"not_picked":["Wild Strike","Searing Blow"],"picked":"Cleave","floor":1},{"not_picked":["Havoc","Rage"],"picked":"Iron Wave","floor":4},{"not_picked":["Hemokinesis","Shrug It Off"],"picked":"Pummel","floor":5},{"not_picked":["Carnage","Flex"],"picked":"Shockwave","floor":7},{"not_picked":["Body Slam","Headbutt"],"picked":"Flex","floor":14},{"not_picked":["Limit Break","Fiend Fire"],"picked":"Barricade","floor":16},{"not_picked":["Rage","Headbutt","Sever Soul+1"],"picked":"SKIP","floor":18},{"not_picked":["Flex","Iron Wave+1"],"picked":"Thunderclap+1","floor":22},{"not_picked":["Perfected Strike","Clash"],"picked":"Shrug It Off","floor":24},{"not_picked":["Rupture","Perfected Strike"],"picked":"Twin Strike","floor":28},{"not_picked":["Dark Embrace","Hemokinesis"],"picked":"Pommel Strike","floor":29},{"not_picked":["Cleave+1","Ghostly Armor"],"picked":"Bludgeon","floor":30},{"not_picked":["Feel No Pain","Pommel Strike","Shrug It Off"],"picked":"SKIP","floor":31}],"player_experience":466819,"relics_obtained":[{"floor":7,"key":"Art of War"},{"floor":9,"key":"War Paint"},{"floor":24,"key":"Bag of Marbles"},{"floor":26,"key":"Omamori"},{"floor":30,"key":"Meat on the Bone"}],"event_choices":[{"damage_healed":0,"gold_gain":175,"player_choice":"AGREE","damage_taken":0,"max_hp_gain":0,"max_hp_loss":0,"event_name":"Liars Game","floor":2,"gold_loss":0,"cards_obtained":["Doubt"]},{"damage_healed":0,"gold_gain":0,"player_choice":"Upgraded","damage_taken":0,"max_hp_gain":0,"max_hp_loss":0,"event_name":"Upgrade Shrine","floor":3,"gold_loss":0,"cards_upgraded":["Cleave"]},{"cards_removed":["Doubt"],"damage_healed":0,"gold_gain":0,"player_choice":"Card Removal","damage_taken":7,"max_hp_gain":0,"max_hp_loss":0,"event_name":"Golden Wing","floor":10,"gold_loss":0},{"damage_healed":0,"gold_gain":0,"player_choice":"Success","damage_taken":12,"relics_obtained":["Mango"],"max_hp_gain":0,"max_hp_loss":0,"event_name":"Scrap Ooze","floor":13,"gold_loss":0},{"damage_healed":0,"gold_gain":0,"player_choice":"Simplicity","damage_taken":0,"max_hp_gain":0,"max_hp_loss":0,"event_name":"Back to Basics","floor":20,"gold_loss":0,"cards_upgraded":["Strike_R","Strike_R","Strike_R","Strike_R","Strike_R","Defend_R","Defend_R","Defend_R"]},{"damage_healed":0,"gold_gain":0,"player_choice":"Ignored","damage_taken":0,"max_hp_gain":0,"max_hp_loss":0,"event_name":"Beggar","floor":21,"gold_loss":0},{"damage_healed":0,"gold_gain":0,"player_choice":"Copied","damage_taken":0,"max_hp_gain":0,"max_hp_loss":0,"event_name":"Duplicator","floor":27,"gold_loss":0,"cards_obtained":["Shockwave"]}],"is_beta":false,"boss_relics":[{"not_picked":["Philosopher\u0027s Stone","Snecko Eye"],"picked":"Ectoplasm"}],"items_purged_floors":[],"is_endless":false,"potions_floor_spawned":[5,7,14,16,28,30],"killed_by":"Automaton","ascension_level":12}