{"path_per_floor":["M","?","M","M","$","R","E","R","T","R","$","M","E","?","R","B",null,"M","?","?","M","?","R","$","M","T","E","M","R","M","M","R"],"character_chosen":"THE_SILENT","items_purchased":[],"gold_per_floor":[117,117,140,164,89,89,128,128,154,154,54,79,114,114,114,245,245,269,269,269,262,262,262,137,160,160,201,215,215,228,253,253,253],"floor_reached":33,"campfire_rested":2,"playtime":1555,"item_purchase_floors":[],"current_hp_per_floor":[70,53,50,47,47,47,19,40,40,40,40,40,24,24,45,5,70,58,58,35,35,19,19,19,18,18,20,17,17,15,15,15,0],"items_purged":["Strike_G","Strike_G","Strike_G"],"gold":253,"score":314,"play_id":"9e1eef4a-03e4-4c66-9e05-a6aa087b3b52","local_time":"20180601100802","is_prod":false,"is_daily":false,"chose_seed":false,"is_ascension_mode":true,"campfire_upgraded":5,"win_rate":0,"timestamp":1527836882,"campfire_choices":[{"data":"Poisoned Stab","floor":6,"key":"SMITH"},{"floor":8,"key":"REST"},{"data":"Doppelganger","floor":10,"key":"SMITH"},{"floor":15,"key":"REST"},{"data":"Burst","floor":23,"key":"SMITH"},{"data":"Crippling Poison","floor":29,"key":"SMITH"},{"data":"Crippling Poison","floor":32,"key":"SMITH"}],"path_taken":["M","?","M","?","$","R","E","R","T","R","$","M","E","?","R","BOSS","M","?","?","M","?","R","$","M","T","E","M","R","?","M","R","BOSS"],"build_version":"2018-05-31","seed_source_timestamp":324947510699768,"purchased_purges":3,"victory":false,"master_deck":["Defend_G","Defend_G","Defend_G","Defend_G","Defend_G","Strike_G","Strike_G","Survivor","Neutralize","Calculated Gamble","Deadly Poison","Poisoned Stab+1","Doppelganger+1","Burst+1","Crippling Poison+1","Doppelganger+1","Ghostly","Ghostly","Ghostly","Ghostly","Ghostly","Parasite","Crippling Poison+1","Deadly Poison"],"max_hp_per_floor":[70,70,70,70,70,70,70,70,70,70,70,70,70,70,70,70,70,70,70,35,35,35,35,35,35,35,45,45,45,45,45,45,45],"relics":["Runic Dome","Golden Idol","Pen Nib","Happy Flower","Ornamental Fan","Cursed Key","Enchiridion","Question Card","Pear"],"card_choices":[{"not_picked":["Cloak And Dagger","Deflect"],"picked":"Calculated Gamble","floor":1},{"not_picked":["Flying Knee","Bane"],"picked":"Deadly Poison","floor":3},{"not_picked":["Dagger Throw","Backflip"],"picked":"Poisoned Stab","floor":4},{"not_picked":["Riddle With Holes","Sucker Punch"],"picked":"Doppelganger","floor":7},{"not_picked":["Setup","Underhanded Strike","Dagger Spray"],"picked":"SKIP","floor":12},{"not_picked":["Acrobatics","Backflip","Underhanded Strike"],"picked":"SKIP","floor":13},{"not_picked":["After Image","Glass Knife"],"picked":"Burst","floor":16},{"not_picked":["Dodge and Roll","Backflip"],"picked":"Crippling Poison","floor":18},{"not_picked":["Accuracy","Acrobatics+1","Outmaneuver"],"picked":"SKIP","floor":21},{"not_picked":["Bane","Eviscerate","Dash+1"],"picked":"SKIP","floor":25},{"not_picked":["Outmaneuver","Riddle With Holes","Predator","Prepared"],"picked":"SKIP","floor":27},{"not_picked":["Cloak And Dagger","Deflect+1","Caltrops"],"picked":"Crippling Poison","floor":28},{"not_picked":["Prepared+1","Heel Hook","Finisher"],"picked":"Deadly Poison","floor":30},{"not_picked":["Eviscerate+1","Outmaneuver","Dodge and Roll","Distraction"],"picked":"SKIP","floor":31}],"player_experience":248679,"potions_floor_usage":[7,13,21,27,28,33],"damage_taken":[{"damage":0,"enemies":"2 Louse","floor":1,"turns":4},{"damage":3,"enemies":"Jaw Worm","floor":3,"turns":4},{"damage":3,"enemies":"Small Slimes","floor":4,"turns":3},{"damage":28,"enemies":"Gremlin Nob","floor":7,"turns":4},{"damage":0,"enemies":"Red Slaver","floor":12,"turns":3},{"damage":16,"enemies":"Lagavulin","floor":13,"turns":5},{"damage":40,"enemies":"Slime Boss","floor":16,"turns":15},{"damage":12,"enemies":"Shell Parasite","floor":18,"turns":6},{"damage":0,"enemies":"2 Thieves","floor":21,"turns":4},{"damage":1,"enemies":"Snecko","floor":25,"turns":7},{"damage":8,"enemies":"Slavers","floor":27,"turns":9},{"damage":3,"enemies":"Centurion and Healer","floor":28,"turns":8},{"damage":2,"enemies":"Cultist and Chosen","floor":30,"turns":7},{"damage":0,"enemies":"Snake Plant","floor":31,"turns":4},{"damage":20,"enemies":"Champ","floor":33,"turns":9}],"relics_obtained":[{"floor":7,"key":"Pen Nib"},{"floor":9,"key":"Happy Flower"},{"floor":13,"key":"Ornamental Fan"},{"floor":22,"key":"Enchiridion"},{"floor":26,"key":"Question Card"},{"floor":27,"key":"Pear"}],"event_choices":[{"event_name":"Golden Idol","player_choice":"Take Damage","floor":2,"damage_taken":0},{"event_name":"Shining Light","player_choice":"Ignored","floor":14,"damage_taken":0},{"event_name":"Duplicator","player_choice":"One dupe","floor":19,"damage_taken":0},{"event_name":"Ghosts","player_choice":"Became a Ghost","floor":20,"damage_taken":0},{"event_name":"Cursed Tome","player_choice":"Obtained Book","floor":22,"damage_taken":0}],"boss_relics":[{"not_picked":["Philosopher\u0027s Stone","Astrolabe"],"picked":"Cursed Key"}],"items_purged_floors":[5,11,24],"potions_floor_spawned":[1,12,18,25,27,28],"seed_played":"-2796410492820979152","killed_by":"Champ","ascension_level":1,"potions_obtained":[{"floor":1,"key":"AttackPotion"},{"floor":12,"key":"SteroidPotion"},{"floor":18,"key":"GhostInAJar"},{"floor":25,"key":"Fire Potion"},{"floor":27,"key":"Swift Potion"},{"floor":28,"key":"EssenceOfSteel"}],"is_trial":false}