{"path_per_floor":["M","M","?","$","?","M","R","E","T","?","M","T","R","E","R","B",null,"M","?","M","$","?","R","E","M","T","R","M","E","$","M","R"],"character_chosen":"IRONCLAD","items_purchased":["Pantograph"],"gold_per_floor":[112,125,125,50,50,70,70,96,96,196,206,206,206,238,238,339,339,359,359,377,28,28,28,58,69,94,94,111,141,16,34,34,34],"floor_reached":33,"campfire_rested":3,"playtime":896,"current_hp_per_floor":[77,79,79,79,79,80,80,77,77,77,80,80,80,66,80,50,73,75,75,76,76,76,76,21,17,17,56,51,37,37,23,62,0],"items_purged":["Strike_R","Writhe","Strike_R"],"gold":34,"score":381,"play_id":"b7b16ac5-f232-4f32-9f49-ec27c68b8598","local_time":"20180413075713","is_prod":false,"is_daily":false,"chose_seed":false,"is_ascension_mode":true,"campfire_upgraded":3,"timestamp":1523595433,"path_taken":["M","M","?","$","?","M","R","E","T","?","M","?","R","E","R","BOSS","M","?","M","$","?","R","E","?","T","R","M","E","?","M","R","BOSS"],"build_version":"2018-04-12","seed_source_timestamp":57074628133093,"purchased_purges":3,"victory":false,"master_deck":["Strike_R+1","Defend_R","Defend_R","Defend_R","Defend_R","Bash+1","Whirlwind+1","Rampage+1","Immolate+1","Seeing Red+1","Double Tap","Metallicize","Offering","Shrug It Off+1"],"max_hp_per_floor":[80,80,80,80,80,80,80,80,80,80,80,80,80,80,80,80,80,80,80,80,80,80,80,80,80,80,80,80,80,80,80,80,80],"relics":["Burning Blood","Whetstone","Blood Vial","Happy Flower","Ornamental Fan","Question Card","Black Star","Regal Pillow","Pantograph","Pen Nib","Prayer Wheel","Anchor","Lantern","Art of War"],"card_choices":[{"not_picked":["Clothesline","Inflame"],"picked":"Whirlwind","floor":2},{"not_picked":["Reaper","Barricade","Juggernaut"],"picked":"Immolate","floor":16},{"not_picked":["Spot Weakness","Clash","Thunderclap"],"picked":"Seeing Red","floor":24},{"not_picked":["Pommel Strike","Battle Trance","Feel No Pain"],"picked":"Double Tap","floor":25},{"not_picked":["Dual Wield","Havoc","True Grit"],"picked":"Metallicize","floor":26},{"not_picked":["Shrug It Off","Inflame","Sword Boomerang"],"picked":"Offering","floor":29},{"not_picked":["Combust","Cleave","Flex"],"picked":"Shrug It Off","floor":31}],"player_experience":201182,"potions_floor_usage":[8,16,16,18,24,24,25,29],"damage_taken":[{"damage":1,"enemies":"Cultist","floor":1,"turns":3},{"damage":4,"enemies":"Jaw Worm","floor":2,"turns":4},{"damage":2,"enemies":"2 Louse","floor":6,"turns":2},{"damage":9,"enemies":"3 Sentries","floor":8,"turns":3},{"damage":0,"enemies":"Gremlin Gang","floor":11,"turns":1},{"damage":20,"enemies":"Lagavulin","floor":14,"turns":5},{"damage":36,"enemies":"Slime Boss","floor":16,"turns":8},{"damage":6,"enemies":"Spheric Guardian","floor":18,"turns":3},{"damage":7,"enemies":"Chosen","floor":20,"turns":3},{"damage":63,"enemies":"Book of Stabbing","floor":24,"turns":5},{"damage":12,"enemies":"3 Cultists","floor":25,"turns":3},{"damage":13,"enemies":"Centurion and Healer","floor":28,"turns":2},{"damage":22,"enemies":"Gremlin Leader","floor":29,"turns":5},{"damage":22,"enemies":"Cultist and Chosen","floor":31,"turns":4},{"damage":84,"enemies":"Automaton","floor":33,"turns":8}],"event_choices":[{"event_name":"Transmorgrifier","player_choice":"Transform","floor":3,"damage_taken":0},{"event_name":"Purifier","player_choice":"One Purge","floor":5,"damage_taken":0},{"event_name":"Golden Shrine","player_choice":"Pray","floor":10,"damage_taken":0},{"event_name":"The Mausoleum","player_choice":"Yes","floor":19,"damage_taken":0},{"event_name":"The Lab","player_choice":"Got Potions","floor":22,"damage_taken":0}],"boss_relics":[{"not_picked":["Lizard Tail","Runic Cube"],"picked":"Black Star"}],"potions_floor_spawned":[1,8,11,16,18,20,25],"seed_played":"7237270240440721556","killed_by":"Automaton","ascension_level":6,"is_trial":false}