{"gold_per_floor":[111,111,131,56,6,6,22,38,38,38,38,54,54,8,8,109,109,126,126,26,38,38],"floor_reached":22,"playtime":1569,"items_purged":["Strike_R","Strike_R"],"score":199,"play_id":"1c2c7627-db09-4902-8335-e14753cba46c","local_time":"20181128000850","is_ascension_mode":false,"campfire_choices":[{"data":"Armaments","floor":6,"key":"SMITH"},{"data":"Armaments","floor":11,"key":"SMITH"},{"data":"True Grit","floor":13,"key":"SMITH"},{"data":"Searing Blow","floor":15,"key":"SMITH"}],"neow_cost":"NONE","seed_source_timestamp":614771755976734,"circlet_count":0,"master_deck":["Strike_R","Defend_R","Defend_R","Defend_R","Defend_R","Bash","Armaments+1","Anger","Havoc","Armaments+1","Searing Blow+1","True Grit+1","Warcry","Fiend Fire","Anger","Sentinel"],"relics":["Burning Blood","Dodecahedron","Pear","Eternal Feather"],"potions_floor_usage":[16,16,22],"damage_taken":[{"damage":6,"enemies":"2 Louse","floor":1,"turns":3},{"damage":6,"enemies":"Jaw Worm","floor":3,"turns":4},{"damage":0,"enemies":"Small Slimes","floor":7,"turns":3},{"damage":4,"enemies":"Blue Slaver","floor":8,"turns":3},{"damage":5,"enemies":"3 Louse","floor":12,"turns":3},{"damage":37,"enemies":"The Guardian","floor":16,"turns":10},{"damage":0,"enemies":"Shell Parasite","floor":18,"turns":5},{"damage":46,"enemies":"Colosseum Slavers","floor":19,"turns":6},{"damage":41,"enemies":"3 Byrds","floor":21,"turns":8},{"damage":27,"enemies":"Snake Plant","floor":22,"turns":4}],"seed_played":"1701509507986664000","potions_obtained":[{"floor":7,"key":"Ancient Potion"},{"floor":12,"key":"Energy Potion"},{"floor":18,"key":"BloodPotion"},{"floor":21,"key":"EssenceOfSteel"}],"is_trial":false,"path_per_floor":["M","?","M","$","?","R","M","M","T","?","R","M","R","$","R","B",null,"M","?","$","M","M"],"character_chosen":"IRONCLAD","items_purchased":["Warcry"],"campfire_rested":0,"item_purchase_floors":[14],"current_hp_per_floor":[88,88,88,88,88,88,88,88,88,80,80,81,81,81,81,50,98,98,58,58,23,0],"gold":38,"neow_bonus":"TEN_PERCENT_HP_BONUS","is_prod":false,"is_daily":false,"chose_seed":false,"campfire_upgraded":4,"win_rate":0.0,"timestamp":1543385330,"path_taken":["M","?","M","$","?","R","M","M","T","?","R","M","R","$","R","BOSS","M","?","$","M","M"],"build_version":"2018-11-15","purchased_purges":2,"victory":false,"max_hp_per_floor":[88,88,88,88,88,88,88,88,88,98,98,98,98,98,98,98,98,98,98,98,98,98],"card_choices":[{"not_picked":["Body Slam","Sword Boomerang"],"picked":"Armaments","floor":1},{"not_picked":["Bloodletting","Clash"],"picked":"Havoc","floor":3},{"not_picked":["Sword Boomerang","Havoc"],"picked":"Armaments","floor":7},{"not_picked":["Wild Strike","True Grit"],"picked":"Searing Blow","floor":8},{"not_picked":["Iron Wave","Flex"],"picked":"True Grit","floor":12},{"not_picked":["Reaper","Immolate"],"picked":"Fiend Fire","floor":16},{"not_picked":["Heavy Blade+1","Infernal Blade"],"picked":"Anger","floor":18},{"not_picked":["Disarm","Sword Boomerang+1"],"picked":"Sentinel","floor":21}],"player_experience":161728,"relics_obtained":[{"floor":9,"key":"Dodecahedron"}],"event_choices":[{"damage_healed":0,"gold_gain":0,"cards_transformed":["Strike_R"],"player_choice":"Change","damage_taken":0,"max_hp_gain":0,"max_hp_loss":0,"event_name":"Living Wall","floor":2,"gold_loss":0,"cards_obtained":["Anger"]},{"cards_removed":["Strike_R"],"damage_healed":0,"gold_gain":0,"player_choice":"Card Removal","damage_taken":0,"max_hp_gain":0,"max_hp_loss":0,"event_name":"The Cleric","floor":5,"gold_loss":50},{"damage_healed":0,"gold_gain":0,"player_choice":"Success","damage_taken":18,"relics_obtained":["Pear"],"max_hp_gain":0,"max_hp_loss":0,"event_name":"Scrap Ooze","floor":10,"gold_loss":0},{"damage_healed":0,"gold_gain":0,"player_choice":"Fight","damage_taken":0,"max_hp_gain":0,"max_hp_loss":0,"event_name":"Colosseum","floor":19,"gold_loss":0},{"damage_healed":0,"gold_gain":0,"player_choice":"Fled From Nobs","damage_taken":0,"max_hp_gain":0,"max_hp_loss":0,"event_name":"Colosseum","floor":19,"gold_loss":0}],"is_beta":false,"boss_relics":[{"not_picked":["Black Star","Philosopher\u0027s Stone"],"picked":"Eternal Feather"}],"items_purged_floors":[4,20],"is_endless":false,"potions_floor_spawned":[7,12,18,21],"killed_by":"Snake Plant","ascension_level":0}