{"gold_per_floor":[13,13,13,31,45,45,60,77,101,121,151,151,161,111,111,216,216,235,235,235,252,59,84,84],"floor_reached":24,"playtime":853,"items_purged":["Pain","Decay"],"score":333,"play_id":"1c08e06d-71ad-40b0-91d4-e7b6afb48a73","local_time":"20190106190343","is_ascension_mode":true,"campfire_choices":[{"data":"Sever Soul","floor":6,"key":"SMITH"},{"data":"Havoc","floor":15,"key":"SMITH"}],"neow_cost":"NO_GOLD","seed_source_timestamp":33150950845900,"circlet_count":0,"master_deck":["AscendersBane","Strike_R+1","Strike_R+1","Strike_R+1","Strike_R+1","Strike_R+1","Defend_R+1","Defend_R+1","Defend_R+1","Defend_R+1","Bash","True Grit","Sever Soul+1","Iron Wave","Warcry","Havoc+1","Exhume","Flex","Sever Soul","Intimidate"],"relics":["Burning Blood","Charon\u0027s Ashes","Smiling Mask","Red Skull","WarpedTongs","Mark of Pain","Singing Bowl","Omamori","Bag of Preparation"],"potions_floor_usage":[7,10,10,16,23],"damage_taken":[{"damage":7,"enemies":"Jaw Worm","floor":1,"turns":3},{"damage":3,"enemies":"Cultist","floor":4,"turns":4},{"damage":9,"enemies":"Small Slimes","floor":5,"turns":5},{"damage":6,"enemies":"Red Slaver","floor":7,"turns":3},{"damage":11,"enemies":"Looter","floor":8,"turns":3},{"damage":0,"enemies":"Exordium Wildlife","floor":10,"turns":3},{"damage":26,"enemies":"Exordium Thugs","floor":13,"turns":4},{"damage":33,"enemies":"Slime Boss","floor":16,"turns":10},{"damage":24,"enemies":"2 Thieves","floor":18,"turns":4},{"damage":0,"enemies":"Chosen","floor":21,"turns":3},{"damage":39,"enemies":"Book of Stabbing","floor":23,"turns":5},{"damage":25,"enemies":"Snake Plant","floor":24,"turns":2}],"seed_played":"9116968731415763071","potions_obtained":[{"floor":5,"key":"Energy Potion"},{"floor":7,"key":"PowerPotion"},{"floor":8,"key":"SkillPotion"},{"floor":10,"key":"BloodPotion"},{"floor":21,"key":"AttackPotion"}],"is_trial":false,"path_per_floor":["M","?","?","M","M","R","M","M","T","M","?","?","M","$","R","B",null,"M","?","T","M","$","E","M"],"character_chosen":"IRONCLAD","items_purchased":["Omamori"],"campfire_rested":0,"item_purchase_floors":[22],"current_hp_per_floor":[71,71,71,74,71,71,71,66,66,72,72,72,52,52,52,33,68,50,50,50,56,56,23,0],"gold":84,"neow_bonus":"ONE_RARE_RELIC","is_prod":false,"is_daily":false,"chose_seed":false,"campfire_upgraded":2,"win_rate":0,"timestamp":1546794223,"path_taken":["M","?","?","M","M","R","M","M","T","?","?","?","?","$","R","BOSS","M","?","?","M","$","E","M"],"build_version":"2019-01-03v4","purchased_purges":2,"victory":false,"max_hp_per_floor":[80,80,80,80,80,80,80,80,80,80,80,80,80,80,80,80,80,80,80,80,80,80,80,80],"card_choices":[{"not_picked":["Body Slam","Twin Strike"],"picked":"True Grit","floor":1},{"not_picked":["Heavy Blade","Rupture","Twin Strike"],"picked":"SKIP","floor":4},{"not_picked":["True Grit","Anger"],"picked":"Sever Soul","floor":5},{"not_picked":["Anger","Body Slam"],"picked":"Iron Wave","floor":7},{"not_picked":["Combust","Battle Trance"],"picked":"Warcry","floor":8},{"not_picked":["Anger","Body Slam","Second Wind"],"picked":"SKIP","floor":10},{"not_picked":["Rupture","Headbutt"],"picked":"Havoc","floor":13},{"not_picked":["Fiend Fire","Juggernaut"],"picked":"Exhume","floor":16},{"not_picked":["Twin Strike","Clash"],"picked":"Flex","floor":18},{"not_picked":["Evolve","Pommel Strike"],"picked":"Sever Soul","floor":21},{"not_picked":["Flex","Power Through"],"picked":"Intimidate","floor":23}],"player_experience":473180,"relics_obtained":[{"floor":9,"key":"Smiling Mask"},{"floor":20,"key":"Singing Bowl"},{"floor":23,"key":"Bag of Preparation"}],"event_choices":[{"damage_healed":0,"gold_gain":0,"player_choice":"Leave","damage_taken":0,"max_hp_gain":0,"max_hp_loss":0,"event_name":"The Cleric","floor":2,"gold_loss":0},{"damage_healed":0,"gold_gain":0,"player_choice":"Cursed","damage_taken":0,"max_hp_gain":0,"max_hp_loss":0,"event_name":"Wheel of Change","floor":3,"gold_loss":0,"cards_obtained":["Decay"]},{"damage_healed":0,"gold_gain":30,"player_choice":"Searched \u00273\u0027 times","damage_taken":0,"relics_obtained":["Red Skull"],"max_hp_gain":0,"max_hp_loss":0,"event_name":"Dead Adventurer","floor":11,"gold_loss":0},{"damage_healed":0,"gold_gain":0,"player_choice":"Rummage","damage_taken":0,"relics_obtained":["WarpedTongs"],"max_hp_gain":0,"max_hp_loss":0,"event_name":"Accursed Blacksmith","floor":12,"gold_loss":0,"cards_obtained":["Pain"]},{"damage_healed":0,"gold_gain":0,"player_choice":"Simplicity","damage_taken":0,"max_hp_gain":0,"max_hp_loss":0,"event_name":"Back to Basics","floor":19,"gold_loss":0,"cards_upgraded":["Strike_R","Strike_R","Strike_R","Strike_R","Strike_R","Defend_R","Defend_R","Defend_R","Defend_R"]}],"is_beta":false,"boss_relics":[{"not_picked":["Runic Cube","Ectoplasm"],"picked":"Mark of Pain"}],"items_purged_floors":[14,22],"is_endless":false,"potions_floor_spawned":[5,7,8,10,21],"killed_by":"Snake Plant","ascension_level":12}