{"gold_per_floor":[364,106,124,140,140,167,442,474,474,474],"floor_reached":10,"playtime":289,"items_purged":["Strike_B"],"score":91,"play_id":"d12250cc-b74c-4813-82a9-fba5f22a487d","local_time":"20181002212035","is_ascension_mode":true,"campfire_choices":[],"neow_cost":"PERCENT_DAMAGE","seed_source_timestamp":220880064763200,"circlet_count":0,"master_deck":["Strike_B","Strike_B","Strike_B","Defend_B","Defend_B","Defend_B","Defend_B","Zap","Dualcast","Loop","Creative AI","Regret","Conserve Battery"],"relics":["Cracked Core","Membership Card","Singing Bowl","Bottled Lightning","Toxic Egg 2"],"potions_floor_usage":[6,6,6,6,8,8,8],"damage_taken":[{"damage":1,"enemies":"Cultist","floor":1,"turns":4},{"damage":3,"enemies":"2 Louse","floor":3,"turns":2},{"damage":1,"enemies":"Jaw Worm","floor":4,"turns":4},{"damage":18,"enemies":"Lagavulin","floor":6,"turns":6},{"damage":28,"enemies":"Gremlin Nob","floor":8,"turns":4},{"damage":3,"enemies":"2 Fungi Beasts","floor":10,"turns":1}],"seed_played":"-874302282272378798","potions_obtained":[{"floor":4,"key":"Block Potion"},{"floor":5,"key":"FearPotion"},{"floor":5,"key":"EntropicBrew"},{"floor":6,"key":"Dexterity Potion"}],"is_trial":false,"path_per_floor":["M","$","M","M","?","E","?","E","T"],"character_chosen":"DEFECT","items_purchased":["Membership Card","Loop"],"campfire_rested":0,"item_purchase_floors":[2,2],"current_hp_per_floor":[53,53,50,49,49,31,31,3,3,0],"gold":474,"neow_bonus":"TWO_FIFTY_GOLD","is_prod":false,"is_daily":false,"chose_seed":false,"campfire_upgraded":0,"win_rate":0,"timestamp":1538504435,"path_taken":["M","$","?","M","?","E","?","E","T","?"],"build_version":"2018-09-27","purchased_purges":1,"victory":false,"max_hp_per_floor":[75,75,75,75,75,75,75,75,75,75],"card_choices":[{"not_picked":["Gash","FTL","Heatsinks"],"picked":"SKIP","floor":1},{"not_picked":["Rebound","FTL","Barrage"],"picked":"SKIP","floor":3},{"not_picked":["Force Field","Cold Snap","White Noise"],"picked":"SKIP","floor":4},{"not_picked":["Compile Driver","Steam"],"picked":"Creative AI","floor":6},{"not_picked":["Coolheaded","Stack"],"picked":"Conserve Battery","floor":8}],"player_experience":414859,"relics_obtained":[{"floor":6,"key":"Singing Bowl"},{"floor":8,"key":"Bottled Lightning"},{"floor":9,"key":"Toxic Egg 2"}],"event_choices":[{"event_name":"The Lab","player_choice":"Got Potions","floor":5,"damage_taken":0},{"event_name":"Golden Shrine","player_choice":"Desecrate","floor":7,"damage_taken":0}],"is_beta":false,"boss_relics":[],"items_purged_floors":[2],"is_endless":false,"potions_floor_spawned":[4,6],"killed_by":"2 Fungi Beasts","ascension_level":4}