{"gold_per_floor":[109,119,119,131,131,131,143,170,170,170],"floor_reached":10,"playtime":506,"items_purged":[],"score":85,"play_id":"449e01fa-c8f6-4ea6-8db4-5d1223579bfd","local_time":"20190709220544","is_ascension_mode":true,"campfire_choices":[{"data":"Crippling Poison","floor":6,"key":"SMITH"}],"neow_cost":"NONE","seed_source_timestamp":53516391199900,"circlet_count":0,"master_deck":["Strike_G","Strike_G","Strike_G","Strike_G","Strike_G","Defend_G","Defend_G","Defend_G","Defend_G","Defend_G","Survivor","Neutralize","Crippling Poison+1","Caltrops+1","Dash"],"relics":["Snecko Eye","CultistMask","Orichalcum"],"potions_floor_usage":[7,7,10],"damage_taken":[{"damage":0,"enemies":"Cultist","floor":1,"turns":3},{"damage":4,"enemies":"Jaw Worm","floor":2,"turns":4},{"damage":0,"enemies":"2 Louse","floor":4,"turns":2},{"damage":0,"enemies":"Gremlin Gang","floor":7,"turns":3},{"damage":60,"enemies":"Gremlin Nob","floor":8,"turns":5},{"damage":9,"enemies":"Lots of Slimes","floor":10,"turns":1}],"seed_played":"-3865989613239944680","potions_obtained":[{"floor":1,"key":"SpeedPotion"},{"floor":2,"key":"SkillPotion"},{"floor":8,"key":"Weak Potion"}],"is_trial":false,"path_per_floor":["M","M","?","M","?","R","M","E","T","M"],"character_chosen":"THE_SILENT","items_purchased":[],"campfire_rested":0,"item_purchase_floors":[],"current_hp_per_floor":[70,66,66,66,66,66,66,6,6,0],"gold":170,"neow_bonus":"BOSS_RELIC","is_prod":false,"is_daily":false,"chose_seed":false,"campfire_upgraded":1,"win_rate":0,"timestamp":1562699144,"path_taken":["M","?","?","?","?","R","M","E","T","M"],"build_version":"2019-07-05","purchased_purges":0,"victory":false,"max_hp_per_floor":[70,70,70,70,70,70,70,70,70,70],"card_choices":[{"not_picked":["Catalyst","Expertise"],"picked":"Crippling Poison","floor":1},{"not_picked":["Backstab","Deadly Poison"],"picked":"Caltrops","floor":2},{"not_picked":["Bane","Dagger Spray","Outmaneuver"],"picked":"SKIP","floor":4},{"not_picked":["Bane","Reflex","Sucker Punch"],"picked":"SKIP","floor":7},{"not_picked":["PiercingWail","Escape Plan"],"picked":"Dash","floor":8}],"player_experience":656609,"relics_obtained":[{"floor":8,"key":"Orichalcum"}],"event_choices":[{"damage_healed":0,"gold_gain":0,"player_choice":"Trade","damage_taken":0,"relics_obtained":["CultistMask"],"max_hp_gain":0,"max_hp_loss":0,"event_name":"FaceTrader","floor":3,"gold_loss":0},{"damage_healed":0,"gold_gain":0,"player_choice":"Upgraded","damage_taken":0,"max_hp_gain":0,"max_hp_loss":0,"event_name":"Upgrade Shrine","floor":5,"gold_loss":0,"cards_upgraded":["Caltrops"]}],"is_beta":false,"boss_relics":[],"items_purged_floors":[],"is_endless":false,"potions_floor_spawned":[1,2,8],"killed_by":"Lots of Slimes","ascension_level":5}