{"gold_per_floor":[115,190,200,200,76,76,90,105,154,164,114,149,168,186,186,282,282,294,274,301,301,301],"floor_reached":22,"playtime":736,"items_purged":["Defend_B"],"score":244,"play_id":"c827d575-2a3e-4bea-8d6b-e9278abe7b9f","local_time":"20190411195710","is_ascension_mode":true,"campfire_choices":[{"floor":6,"key":"RECALL"},{"data":"White Noise","floor":15,"key":"SMITH"}],"neow_cost":"NONE","seed_source_timestamp":44830348996300,"circlet_count":0,"master_deck":["Strike_B","Strike_B","Defend_B","Defend_B","Defend_B","Zap","Dualcast","Conserve Battery","White Noise+1","Rip and Tear","Coolheaded","Steam","Conserve Battery","Rainbow","Ball Lightning","Defragment","Conserve Battery","Rainbow","Ball Lightning","Writhe"],"relics":["Cracked Core","Blood Vial","Inserter","Red Mask","Bag of Marbles"],"potions_floor_usage":[12,14,16,20],"damage_taken":[{"damage":5,"enemies":"Small Slimes","floor":1,"turns":2},{"damage":1,"enemies":"Cultist","floor":3,"turns":4},{"damage":0,"enemies":"Jaw Worm","floor":7,"turns":3},{"damage":4,"enemies":"Looter","floor":8,"turns":3},{"damage":4,"enemies":"Large Slime","floor":10,"turns":6},{"damage":8,"enemies":"Lagavulin","floor":12,"turns":6},{"damage":4,"enemies":"Blue Slaver","floor":13,"turns":3},{"damage":3,"enemies":"2 Fungi Beasts","floor":14,"turns":5},{"damage":13,"enemies":"Slime Boss","floor":16,"turns":5},{"damage":10,"enemies":"Shell Parasite","floor":18,"turns":5},{"damage":31,"enemies":"2 Thieves","floor":19,"turns":4},{"damage":21,"enemies":"Masked Bandits","floor":20,"turns":4},{"damage":42,"enemies":"Cultist and Chosen","floor":22,"turns":4}],"seed_played":"-1223071591505751998","potions_obtained":[{"floor":0,"key":"FearPotion"},{"floor":0,"key":"FairyPotion"},{"floor":0,"key":"Strength Potion"},{"floor":7,"key":"FearPotion"},{"floor":8,"key":"FocusPotion"},{"floor":12,"key":"Regen Potion"},{"floor":19,"key":"Swift Potion"}],"is_trial":false,"path_per_floor":["M","?","M","?","$","R","M","M","T","M","?","E","M","M","R","B",null,"M","M","?","?","M"],"character_chosen":"DEFECT","items_purchased":["Coolheaded"],"campfire_rested":0,"item_purchase_floors":[5],"current_hp_per_floor":[63,52,51,51,51,51,51,47,47,43,43,35,33,46,46,35,65,57,28,9,9,0],"gold":301,"neow_bonus":"THREE_SMALL_POTIONS","is_prod":false,"is_daily":false,"chose_seed":false,"campfire_upgraded":1,"win_rate":0,"timestamp":1555001830,"path_taken":["M","?","M","?","$","R","?","M","T","M","?","E","M","M","R","BOSS","M","M","?","?","M"],"build_version":"2019-01-23","purchased_purges":1,"victory":false,"max_hp_per_floor":[75,75,75,75,75,75,75,75,75,75,75,75,75,75,75,75,75,75,75,75,75,75],"card_choices":[{"not_picked":["Cold Snap","Compile Driver"],"picked":"Conserve Battery","floor":1},{"not_picked":["Darkness","Fusion"],"picked":"White Noise","floor":3},{"not_picked":["Turbo","Beam Cell"],"picked":"Steam","floor":7},{"not_picked":["Coolheaded","Hologram"],"picked":"Conserve Battery","floor":8},{"not_picked":["Rip and Tear","Glacier"],"picked":"Rainbow","floor":10},{"not_picked":["Steam Power","Sweeping Beam"],"picked":"Ball Lightning","floor":12},{"not_picked":["Hologram","Reprogram"],"picked":"Defragment","floor":13},{"not_picked":["Redo","Sweeping Beam"],"picked":"Conserve Battery","floor":14},{"not_picked":["Machine Learning","Core Surge"],"picked":"Rainbow","floor":16},{"not_picked":["Compile Driver","Beam Cell","Coolheaded"],"picked":"SKIP","floor":18},{"not_picked":["Steam","Beam Cell+1"],"picked":"Ball Lightning","floor":19}],"player_experience":536131,"relics_obtained":[{"floor":12,"key":"Blood Vial"},{"floor":20,"key":"Red Mask"}],"event_choices":[{"damage_healed":0,"gold_gain":75,"player_choice":"Gather Gold","damage_taken":11,"max_hp_gain":0,"max_hp_loss":0,"event_name":"World of Goop","floor":2,"gold_loss":0},{"damage_healed":0,"gold_gain":0,"cards_transformed":["Strike_B"],"player_choice":"Transformed","damage_taken":0,"max_hp_gain":0,"max_hp_loss":0,"event_name":"Transmorgrifier","floor":4,"gold_loss":0,"cards_obtained":["Rip and Tear"]},{"cards_removed":["Strike_B"],"damage_healed":0,"gold_gain":0,"player_choice":"Card Removal","damage_taken":0,"max_hp_gain":0,"max_hp_loss":0,"event_name":"The Cleric","floor":11,"gold_loss":50},{"damage_healed":0,"gold_gain":0,"player_choice":"Fought Bandits","damage_taken":0,"max_hp_gain":0,"max_hp_loss":0,"event_name":"Masked Bandits","floor":20,"gold_loss":0},{"damage_healed":0,"gold_gain":0,"player_choice":"Opened","damage_taken":0,"relics_obtained":["Bag of Marbles"],"max_hp_gain":0,"max_hp_loss":0,"event_name":"The Mausoleum","floor":21,"gold_loss":0,"cards_obtained":["Writhe"]}],"is_beta":false,"boss_relics":[{"not_picked":["Runic Dome","Coffee Dripper"],"picked":"Inserter"}],"items_purged_floors":[5],"is_endless":false,"potions_floor_spawned":[7,8,12,19],"killed_by":"Cultist and Chosen","ascension_level":6}