{"path_per_floor":["M","?","$","?","?","R","M","E","T","M","T","?","E","M","R","B",null,"M","?","?","$","?","E","R","M","T","?","M","$","R","M","R"],"character_chosen":"IRONCLAD","items_purchased":["Lantern","Singing Bowl"],"gold_per_floor":[114,114,39,39,39,39,52,78,78,91,91,91,116,134,134,238,238,252,252,177,21,21,53,53,63,363,263,279,128,128,146,146,146],"floor_reached":33,"campfire_rested":3,"playtime":877,"current_hp_per_floor":[79,72,72,77,77,77,73,48,48,47,47,47,34,25,50,24,85,65,49,49,49,49,32,59,50,50,50,50,50,50,43,70,0],"items_purged":["Defend_R"],"gold":146,"score":298,"play_id":"3fd9f0d9-8d3e-416f-82cb-fe18305f4432","local_time":"20180328165031","is_prod":false,"is_daily":false,"is_ascension_mode":true,"campfire_upgraded":2,"timestamp":1522245031,"path_taken":["M","?","$","?","?","R","M","E","T","M","?","?","E","M","R","BOSS","M","?","?","$","?","E","R","M","T","?","?","$","R","M","R","BOSS"],"build_version":"2018-03-22v2","purchased_purges":1,"victory":false,"master_deck":["Strike_R+1","Strike_R+1","Strike_R","Strike_R","Strike_R","Bash+1","Thunderclap","Bloodletting","Flex","Offering+1","Writhe","Inflame","J.A.X.","Infernal Blade"],"max_hp_per_floor":[80,80,80,85,85,85,85,85,85,85,85,85,85,85,85,85,85,85,90,90,90,90,90,90,90,90,90,90,90,90,92,92,92],"relics":["Burning Blood","Whetstone","Peace Pipe","Matryoshka","Pen Nib","Paper Frog","Blue Candle","Sozu","Lantern","Oddly Smooth Stone","Blood Vial","Omamori","Old Coin","Singing Bowl"],"card_choices":[{"not_picked":["Body Slam","Sentinel"],"picked":"Thunderclap","floor":7},{"not_picked":["Disarm","Headbutt"],"picked":"Bloodletting","floor":8},{"not_picked":["Bloodletting","Thunderclap"],"picked":"Flex","floor":13},{"not_picked":["Juggernaut","Brutality"],"picked":"Offering","floor":16},{"not_picked":["Twin Strike","Dropkick"],"picked":"Inflame","floor":25},{"not_picked":["Anger","Wild Strike"],"picked":"Infernal Blade","floor":28}],"player_experience":138045,"potions_floor_usage":[13,16,16,23],"damage_taken":[{"damage":7,"enemies":"2 Louse","floor":1,"turns":2},{"damage":10,"enemies":"Small Slimes","floor":7,"turns":3},{"damage":31,"enemies":"Lagavulin","floor":8,"turns":5},{"damage":7,"enemies":"Jaw Worm","floor":10,"turns":2},{"damage":19,"enemies":"3 Sentries","floor":13,"turns":5},{"damage":15,"enemies":"Exordium Wildlife","floor":14,"turns":3},{"damage":32,"enemies":"Hexaghost","floor":16,"turns":5},{"damage":26,"enemies":"2 Thieves","floor":18,"turns":2},{"damage":23,"enemies":"Gremlin Leader","floor":23,"turns":3},{"damage":17,"enemies":"3 Byrds","floor":25,"turns":3},{"damage":8,"enemies":"Cultist and Chosen","floor":28,"turns":4},{"damage":17,"enemies":"Centurion and Healer","floor":31,"turns":3},{"damage":96,"enemies":"Automaton","floor":33,"turns":6}],"event_choices":[{"event_name":"Golden Wing","player_choice":"Card Removal","floor":2,"damage_taken":0},{"event_name":"Big Fish","player_choice":"Donut","floor":4,"damage_taken":0},{"event_name":"Living Wall","player_choice":"Forget","floor":5,"damage_taken":0},{"event_name":"Dead Adventurer","player_choice":"Searched \u00270\u0027 times","floor":12,"damage_taken":0},{"event_name":"Forgotten Altar","player_choice":"Shed Blood","floor":19,"damage_taken":0},{"event_name":"Beggar","player_choice":"Gave Gold","floor":20,"damage_taken":0},{"event_name":"The Mausoleum","player_choice":"Yes","floor":22,"damage_taken":0},{"event_name":"Drug Dealer","player_choice":"Got JAXXED","floor":27,"damage_taken":0}],"boss_relics":[{"not_picked":["Pandora\u0027s Box","Velvet Choker"],"picked":"Sozu"}],"potions_floor_spawned":[10,13,14,16,25],"seed_played":"345029590224470285","killed_by":"Automaton","ascension_level":2,"is_trial":false}