{"path_per_floor":["M","?","M","M","M","E","M","R","T","M","?","M","?","E","R","B",null,"M","?","?","M","M","R","$","R","T","E","?","M","M","M","R","B",null,"M","M","?","M","M","E","$","R","T","?","?","E","R","T","R","B"],"character_chosen":"IRONCLAD","items_purchased":["Orichalcum","Champion Belt","Vajra"],"gold_per_floor":[114,364,379,394,409,439,454,454,454,469,502,517,517,547,547,647,647,662,587,587,602,617,617,17,17,67,97,97,112,127,142,142,242,242,257,272,0,15,30,60,60,60,60,93,123,153,153,153,153,153],"floor_reached":51,"campfire_rested":2,"playtime":2416,"current_hp_per_floor":[76,76,70,75,58,10,13,37,37,32,31,36,36,35,59,80,80,80,80,80,80,85,85,85,85,85,87,87,87,87,87,87,87,87,87,87,87,87,87,87,87,87,87,87,87,87,87,87,87,52],"items_purged":[],"gold":153,"score":964,"play_id":"4ddf127b-4ca8-45a3-a3bc-591630a7eae5","local_time":"20180323223521","daily_mods":["Time Dilation","Binary","Vintage"],"is_prod":false,"is_daily":true,"is_ascension_mode":false,"campfire_upgraded":3,"timestamp":1521837321,"path_taken":["M","?","?","M","M","E","M","R","T","M","?","?","?","E","R","BOSS","M","?","?","M","M","R","$","R","T","E","?","?","M","M","R","BOSS","M","M","?","M","M","E","$","R","T","?","?","E","R","?","R","BOSS"],"build_version":"2018-03-22v2","purchased_purges":0,"victory":true,"master_deck":["Strike_R+1","Strike_R+1","Strike_R+1","Strike_R+1","Strike_R+1","Defend_R+1","Defend_R+1","Defend_R+1","Defend_R+1","Bash+1","Carnage+1","Shrug It Off+1","Flash of Steel+1","Rage+1","Flex+1","Bludgeon+1","Havoc+1","Limit Break+1","Body Slam","Injury","Wild Strike","Normality","Headbutt+1","Regret"],"max_hp_per_floor":[80,80,80,80,80,80,80,80,80,80,80,80,80,80,80,80,80,80,80,80,80,87,87,87,87,87,87,87,87,87,87,87,87,87,87,87,87,87,87,87,87,87,87,87,87,87,87,87,87,87],"relics":["Burning Blood","Toxic Egg 2","Happy Flower","Gambling Chip","Ginger","Mercury Hourglass","Blue Candle","Omamori","Du-Vu Doll","Pantograph","Bottled Flame","War Paint","Shuriken","Philosopher\u0027s Stone","Toolbox","Ice Cream","Strawberry","Orichalcum","Champion Belt","Vajra","Art of War","Meat on the Bone","Letter Opener","Bronze Scales","Gremlin Horn","Anchor","Girya","Cursed Key","The Courier","Bottled Lightning","Red Mask","Whetstone","Self Forming Clay","Bag of Preparation","Bag of Marbles","Bird Faced Urn","Tiny Chest","Frozen Egg 2","Thread and Needle"],"card_choices":[{"not_picked":["Flex"],"picked":"Carnage","floor":6},{"not_picked":["Clothesline"],"picked":"Shrug It Off","floor":11},{"not_picked":["Wild Strike"],"picked":"Flex","floor":14},{"not_picked":["Immolate"],"picked":"Bludgeon","floor":16},{"not_picked":["Thunderclap"],"picked":"Havoc","floor":27},{"not_picked":["Fiend Fire"],"picked":"Limit Break","floor":33},{"not_picked":["Armaments"],"picked":"Body Slam","floor":40},{"not_picked":["Battle Trance"],"picked":"Wild Strike","floor":44},{"not_picked":["Thunderclap"],"picked":"Headbutt","floor":46}],"player_experience":119910,"potions_floor_usage":[5,6,12,16,16,30,33,40,40,50,50,50],"damage_taken":[{"damage":10,"enemies":"Jaw Worm","floor":1,"turns":5},{"damage":12,"enemies":"Cultist","floor":3,"turns":5},{"damage":1,"enemies":"2 Louse","floor":4,"turns":2},{"damage":23,"enemies":"Large Slime","floor":5,"turns":8},{"damage":54,"enemies":"3 Sentries","floor":6,"turns":12},{"damage":3,"enemies":"Red Slaver","floor":7,"turns":3},{"damage":11,"enemies":"Looter","floor":10,"turns":3},{"damage":7,"enemies":"3 Sentries","floor":11,"turns":7},{"damage":1,"enemies":"Exordium Thugs","floor":12,"turns":3},{"damage":7,"enemies":"Lagavulin","floor":14,"turns":5},{"damage":4,"enemies":"Slime Boss","floor":16,"turns":7},{"damage":6,"enemies":"Shell Parasite","floor":18,"turns":2},{"damage":0,"enemies":"Chosen","floor":21,"turns":2},{"damage":8,"enemies":"Slaver and Parasite","floor":22,"turns":4},{"damage":0,"enemies":"Gremlin Leader","floor":27,"turns":2},{"damage":0,"enemies":"Cultist and Chosen","floor":29,"turns":2},{"damage":0,"enemies":"Centurion and Healer","floor":30,"turns":2},{"damage":0,"enemies":"Snecko","floor":31,"turns":2},{"damage":1,"enemies":"Automaton","floor":33,"turns":5},{"damage":0,"enemies":"3 Darklings","floor":35,"turns":2},{"damage":0,"enemies":"Orb Walker","floor":36,"turns":3},{"damage":0,"enemies":"Sphere and 2 Shapes","floor":38,"turns":2},{"damage":0,"enemies":"Maw","floor":39,"turns":3},{"damage":1,"enemies":"Giant Head","floor":40,"turns":4},{"damage":0,"enemies":"Mysterious Sphere","floor":44,"turns":1},{"damage":0,"enemies":"Nemesis","floor":46,"turns":1},{"damage":42,"enemies":"Time Eater","floor":50,"turns":8}],"event_choices":[{"event_name":"Golden Shrine","player_choice":"Desecrate","floor":2,"damage_taken":0},{"event_name":"Dead Adventurer","player_choice":"Searched \u00271\u0027 times","floor":11,"damage_taken":0},{"event_name":"Match and Keep!","player_choice":"3 cards matched","floor":13,"damage_taken":0},{"event_name":"Beggar","player_choice":"Gave Gold","floor":19,"damage_taken":0},{"event_name":"Back to Basics","player_choice":"Simplicity","floor":20,"damage_taken":0},{"event_name":"The Mausoleum","player_choice":"Yes","floor":28,"damage_taken":0},{"event_name":"Tomb of Lord Red Mask","player_choice":"Paid","floor":37,"damage_taken":0},{"event_name":"Mysterious Sphere","player_choice":"Fight","floor":44,"damage_taken":0},{"event_name":"Accursed Blacksmith","player_choice":"Rummage","floor":45,"damage_taken":0}],"boss_relics":[{"not_picked":["Black Blood","Question Card"],"picked":"Philosopher\u0027s Stone"},{"not_picked":["Runic Pyramid","Snecko Eye"],"picked":"Cursed Key"}],"potions_floor_spawned":[1,4,11,12,14,21,31,33,36,38,40,46],"seed_played":"3670860265742688607","ascension_level":0,"is_trial":false}