{"path_per_floor":["M","$","?","?","M","E","R","E","T","R","M","$","R","?","R","B",null,"M","?","?","M","?","R","E","M","T","R","?","M","?","E","R","B",null,"M","M","?","M","?","E","$","E","T","R","$","T","M","M","R"],"character_chosen":"IRONCLAD","items_purchased":["Energy Potion"],"gold_per_floor":[112,37,37,37,51,79,79,104,104,104,116,16,16,16,16,116,116,86,56,56,56,56,56,56,56,56,56,56,56,56,56,56,56,56,56,56,56,56,56,56,4,4,4,4,4,4,4,4,4,4],"floor_reached":50,"campfire_rested":1,"playtime":1875,"current_hp_per_floor":[80,80,73,78,84,66,66,67,67,67,73,73,73,73,73,53,85,80,80,64,70,70,70,58,64,64,64,64,68,68,74,74,32,90,78,84,84,80,80,69,69,55,55,55,55,55,31,28,56,0],"items_purged":["Strike_R","Defend_R"],"gold":4,"score":651,"play_id":"1c4d947d-2e46-435a-a1a6-26377644f9ee","local_time":"20180404180259","is_prod":false,"is_daily":false,"is_ascension_mode":true,"campfire_upgraded":3,"timestamp":1522854179,"path_taken":["M","$","?","?","M","E","R","E","T","R","M","$","R","?","R","BOSS","M","?","?","M","?","R","E","M","T","R","?","?","?","E","R","BOSS","M","M","?","?","?","E","?","E","T","R","$","?","M","M","R","BOSS"],"build_version":"2018-03-29v2","purchased_purges":2,"victory":false,"master_deck":["Bash","Pommel Strike+1","Thunderclap","Flex","Flame Barrier","Purity+1","Bludgeon+1","Double Tap+1","Flex","Shrug It Off+1","Cleave","Juggernaut","Fiend Fire+1","Inflame+1"],"max_hp_per_floor":[80,80,80,85,85,85,85,85,85,85,85,85,85,85,85,85,85,85,85,90,90,90,90,90,90,90,90,90,90,90,90,90,90,90,90,90,90,90,90,92,92,92,92,92,92,92,94,96,96,96],"relics":["Burning Blood","Orichalcum","Thread and Needle","Dead Branch","Peace Pipe","Ectoplasm","Ice Cream","War Paint","Ginger","White Beast Statue","Singing Bowl","Juzu Bracelet","Sundial","Red Skull"],"card_choices":[{"not_picked":["Headbutt","Clothesline"],"picked":"Pommel Strike","floor":1},{"not_picked":["Warcry","Body Slam"],"picked":"Thunderclap","floor":5},{"not_picked":["Impervious","Thunderclap"],"picked":"Flex","floor":6},{"not_picked":["Thunderclap","Wild Strike"],"picked":"Flame Barrier","floor":8},{"not_picked":["Exhume","Brutality"],"picked":"Double Tap","floor":16},{"not_picked":["Clash","Clothesline"],"picked":"Flex","floor":18},{"not_picked":["Iron Wave","Headbutt"],"picked":"Shrug It Off","floor":21},{"not_picked":["True Grit","Havoc"],"picked":"Cleave","floor":25},{"not_picked":["Heavy Blade","Thunderclap"],"picked":"Juggernaut","floor":31},{"not_picked":["Demon Form","Reaper"],"picked":"Fiend Fire","floor":33},{"not_picked":["True Grit","Sever Soul"],"picked":"Inflame","floor":42}],"player_experience":179363,"potions_floor_usage":[21,24,24,29,33,35,36,38,40,42,47,48,50,50],"damage_taken":[{"damage":1,"enemies":"2 Louse","floor":1,"turns":3},{"damage":0,"enemies":"Small Slimes","floor":5,"turns":3},{"damage":24,"enemies":"Lagavulin","floor":6,"turns":5},{"damage":5,"enemies":"3 Sentries","floor":8,"turns":6},{"damage":0,"enemies":"Jaw Worm","floor":11,"turns":3},{"damage":26,"enemies":"The Guardian","floor":16,"turns":8},{"damage":11,"enemies":"2 Thieves","floor":18,"turns":2},{"damage":0,"enemies":"Chosen","floor":21,"turns":3},{"damage":18,"enemies":"Slavers","floor":24,"turns":4},{"damage":0,"enemies":"Snake Plant","floor":25,"turns":2},{"damage":2,"enemies":"Snecko","floor":29,"turns":3},{"damage":0,"enemies":"Gremlin Leader","floor":31,"turns":6},{"damage":48,"enemies":"Champ","floor":33,"turns":10},{"damage":18,"enemies":"3 Shapes","floor":35,"turns":3},{"damage":0,"enemies":"Orb Walker","floor":36,"turns":3},{"damage":10,"enemies":"Maw","floor":38,"turns":6},{"damage":28,"enemies":"2 Orb Walkers","floor":40,"turns":4},{"damage":20,"enemies":"Giant Head","floor":42,"turns":5},{"damage":32,"enemies":"3 Darklings","floor":47,"turns":4},{"damage":11,"enemies":"4 Shapes","floor":48,"turns":3},{"damage":59,"enemies":"Awakened One","floor":50,"turns":5}],"event_choices":[{"event_name":"Golden Wing","player_choice":"Card Removal","floor":3,"damage_taken":0},{"event_name":"Big Fish","player_choice":"Donut","floor":4,"damage_taken":0},{"event_name":"Match and Keep!","player_choice":"2 cards matched","floor":14,"damage_taken":0},{"event_name":"The Woman in Blue","player_choice":"Bought 2 Potions","floor":19,"damage_taken":0},{"event_name":"Forgotten Altar","player_choice":"Shed Blood","floor":20,"damage_taken":0},{"event_name":"Ghosts","player_choice":"Ignored","floor":22,"damage_taken":0},{"event_name":"Bonfire Elementals","player_choice":"BASIC","floor":28,"damage_taken":0},{"event_name":"Beggar","player_choice":"Ignored","floor":30,"damage_taken":0},{"event_name":"Upgrade Shrine","player_choice":"Upgraded","floor":37,"damage_taken":0},{"event_name":"Golden Shrine","player_choice":"Skipped","floor":39,"damage_taken":0}],"boss_relics":[{"not_picked":["Snecko Eye","Philosopher\u0027s Stone"],"picked":"Ectoplasm"},{"not_picked":["Cursed Key","Astrolabe"],"picked":"White Beast Statue"}],"potions_floor_spawned":[16,21,25,33,35,36,38,40,42,47,48],"seed_played":"-8515023490600886682","killed_by":"Awakened One","ascension_level":2,"is_trial":false}