{"gold_per_floor":[118,118,131,38,38,64,64,81,81,115,130,130,145,162,162,264,264,276,289,289],"floor_reached":20,"playtime":1089,"items_purged":[],"score":270,"play_id":"53ee8559-c4e7-4ee2-a507-2305bf6083ac","local_time":"20180925225405","is_ascension_mode":true,"campfire_choices":[{"floor":7,"key":"REST"},{"floor":12,"key":"DIG"},{"floor":15,"key":"REST"}],"neow_cost":"TEN_PERCENT_HP_LOSS","seed_source_timestamp":393840431229941,"circlet_count":0,"master_deck":["Strike_R","Strike_R","Strike_R","Strike_R","Defend_R","Defend_R","Defend_R","Defend_R","Bash","Flex","Disarm","Offering","Thunderclap","Pommel Strike","Bloodletting","Seeing Red","Cleave+1"],"relics":["Burning Blood","Thread and Needle","Darkstone Periapt","Regal Pillow","Bag of Marbles","Shovel","Anchor","Orrery"],"potions_floor_usage":[8,10,13,16,18,20],"damage_taken":[{"damage":2,"enemies":"Cultist","floor":1,"turns":3},{"damage":0,"enemies":"2 Louse","floor":3,"turns":5},{"damage":66,"enemies":"3 Sentries","floor":6,"turns":16},{"damage":3,"enemies":"Jaw Worm","floor":8,"turns":3},{"damage":24,"enemies":"Gremlin Nob","floor":10,"turns":5},{"damage":0,"enemies":"Large Slime","floor":11,"turns":6},{"damage":19,"enemies":"Gremlin Gang","floor":13,"turns":5},{"damage":5,"enemies":"3 Louse","floor":14,"turns":5},{"damage":70,"enemies":"The Guardian","floor":16,"turns":20},{"damage":37,"enemies":"2 Thieves","floor":18,"turns":5},{"damage":6,"enemies":"Chosen","floor":19,"turns":3},{"damage":10,"enemies":"Colosseum Slavers","floor":20,"turns":6},{"damage":26,"enemies":"Colosseum Nobs","floor":20,"turns":2}],"seed_played":"6359174796967108594","potions_obtained":[{"floor":6,"key":"Regen Potion"},{"floor":8,"key":"SpeedPotion"},{"floor":11,"key":"LiquidBronze"},{"floor":14,"key":"SpeedPotion"},{"floor":16,"key":"SpeedPotion"},{"floor":18,"key":"Dexterity Potion"}],"is_trial":false,"path_per_floor":["M","?","M","?","$","E","R","M","T","E","M","R","M","M","R","B",null,"M","M"],"character_chosen":"IRONCLAD","items_purchased":[],"campfire_rested":2,"item_purchase_floors":[],"current_hp_per_floor":[72,72,72,72,72,12,48,60,60,42,48,48,35,36,72,8,56,25,25,0],"gold":289,"neow_bonus":"ONE_RARE_RELIC","is_prod":false,"is_daily":false,"chose_seed":false,"campfire_upgraded":0,"win_rate":0,"timestamp":1537905245,"path_taken":["M","?","M","?","$","E","R","M","T","E","M","R","M","M","R","BOSS","M","M","?"],"build_version":"2018-09-20","purchased_purges":0,"victory":false,"max_hp_per_floor":[72,72,72,72,72,72,72,72,72,72,72,72,72,72,72,72,72,72,72,72],"card_choices":[{"not_picked":["Sword Boomerang","Wild Strike","Uppercut"],"picked":"SKIP","floor":1},{"not_picked":["Clothesline","Perfected Strike","Sword Boomerang"],"picked":"SKIP","floor":3},{"not_picked":["Barricade","Armaments"],"picked":"Flex","floor":6},{"not_picked":["Headbutt","Body Slam","Anger"],"picked":"SKIP","floor":8},{"not_picked":["Anger","Exhume"],"picked":"Disarm","floor":10},{"not_picked":["Twin Strike","Perfected Strike","Sever Soul"],"picked":"SKIP","floor":11},{"not_picked":["Uppercut","Body Slam","Reckless Charge"],"picked":"SKIP","floor":13},{"not_picked":["Clash","Second Wind","Heavy Blade"],"picked":"SKIP","floor":14},{"not_picked":["Barricade","Impervious"],"picked":"Offering","floor":16},{"not_picked":["Sword Boomerang","Havoc"],"picked":"Thunderclap","floor":17},{"not_picked":["Dark Embrace","Battle Trance"],"picked":"Pommel Strike","floor":17},{"not_picked":["Warcry","Entrench"],"picked":"Bloodletting","floor":17},{"not_picked":["Shockwave+1","Perfected Strike"],"picked":"Seeing Red","floor":18},{"not_picked":["Bloodletting+1","Armaments"],"picked":"Cleave+1","floor":19}],"player_experience":383130,"relics_obtained":[{"floor":6,"key":"Regal Pillow"},{"floor":9,"key":"Bag of Marbles"},{"floor":10,"key":"Shovel"},{"floor":12,"key":"Anchor"}],"event_choices":[{"event_name":"Living Wall","player_choice":"Forget","floor":2,"damage_taken":0},{"event_name":"WeMeetAgain","player_choice":"Gold","floor":4,"damage_taken":0},{"event_name":"Colosseum","player_choice":"Fight","floor":20,"damage_taken":0},{"event_name":"Colosseum","player_choice":"Fought Nobs","floor":20,"damage_taken":0}],"is_beta":false,"boss_relics":[{"not_picked":["Lizard Tail","Ectoplasm"],"picked":"Orrery"}],"items_purged_floors":[],"is_endless":false,"potions_floor_spawned":[6,8,11,14,16,18],"killed_by":"Colosseum Nobs","ascension_level":9}