{"gold_per_floor":[111,111,121,71,71,71,100,100,100,126,139,64,84,94,94,197,247,227,142,142,241,258,258,258],"floor_reached":24,"playtime":768,"items_purged":["Anger"],"score":366,"play_id":"e41a3335-1108-43c4-88ce-789a945c81d6","local_time":"20190125180156","is_ascension_mode":true,"campfire_choices":[{"data":"Limit Break","floor":6,"key":"SMITH"},{"data":"Iron Wave","floor":8,"key":"SMITH"},{"data":"Flame Barrier","floor":15,"key":"SMITH"},{"floor":23,"key":"REST"}],"neow_cost":"NONE","seed_source_timestamp":0,"circlet_count":0,"master_deck":["AscendersBane","Strike_R","Strike_R","Strike_R","Strike_R","Defend_R","Defend_R","Defend_R","Bash","Cleave","Iron Wave+1","Limit Break+1","Shrug It Off","Metallicize","Shockwave+1","Flame Barrier+1","Metallicize","Reaper","Necronomicurse"],"special_seed":0,"relics":["Burning Blood","NeowsBlessing","Red Skull","Singing Bowl","Gremlin Horn","Tiny House","Centennial Puzzle","Necronomicon"],"potions_floor_usage":[10,10,16,16,24],"damage_taken":[{"damage":0.0,"enemies":"Jaw Worm","floor":1.0,"turns":1.0},{"damage":0,"enemies":"Cultist","floor":3,"turns":1},{"damage":0,"enemies":"Gremlin Nob","floor":7,"turns":1},{"damage":21,"enemies":"3 Sentries","floor":10,"turns":5},{"damage":5,"enemies":"Small Slimes","floor":11,"turns":2},{"damage":8,"enemies":"Blue Slaver","floor":13,"turns":5},{"damage":3,"enemies":"Lots of Slimes","floor":14,"turns":4},{"damage":34,"enemies":"Hexaghost","floor":16,"turns":10},{"damage":30,"enemies":"2 Thieves","floor":18,"turns":4},{"damage":9,"enemies":"Shell Parasite","floor":22,"turns":4},{"damage":105,"enemies":"Gremlin Leader","floor":24,"turns":8}],"seed_played":"-2674673905119087063","potions_obtained":[{"floor":3,"key":"PowerPotion"},{"floor":7,"key":"PowerPotion"},{"floor":13,"key":"SteroidPotion"},{"floor":14,"key":"Strength Potion"},{"floor":17,"key":"GamblersBrew"}],"is_trial":false,"path_per_floor":["M","?","M","?","?","R","E","R","T","E","M","$","M","M","R","B",null,"M","?","?","?","M","R","E"],"character_chosen":"IRONCLAD","items_purchased":[],"campfire_rested":1,"item_purchase_floors":[],"current_hp_per_floor":[78,78,80,80,80,80,80,80,80,65,66,66,64,69,69,41,79,65,65,49,49,48,75,0],"gold":258,"neow_bonus":"THREE_ENEMY_KILL","is_prod":false,"is_daily":false,"chose_seed":false,"campfire_upgraded":3,"win_rate":0,"timestamp":1548432116,"path_taken":["M","?","?","?","?","R","E","R","T","E","?","$","?","M","R","BOSS","M","?","?","?","M","R","E"],"build_version":"2019-01-23","purchased_purges":1,"victory":false,"max_hp_per_floor":[80,80,80,80,80,80,80,80,80,80,80,80,80,82,82,82,89,91,91,91,91,93,93,93],"card_choices":[{"not_picked":["Flex","Sword Boomerang"],"picked":"Cleave","floor":1},{"not_picked":["Perfected Strike","Thunderclap"],"picked":"Shrug It Off","floor":3},{"not_picked":["Sword Boomerang","Perfected Strike"],"picked":"Metallicize","floor":7},{"not_picked":["Armaments","Intimidate"],"picked":"Shockwave","floor":10},{"not_picked":["Offering","Shockwave"],"picked":"Flame Barrier","floor":11},{"not_picked":["Clothesline","Heavy Blade"],"picked":"Metallicize","floor":13},{"not_picked":["Armaments","Headbutt","Bloodletting"],"picked":"Singing Bowl","floor":14},{"not_picked":["Immolate","Fiend Fire"],"picked":"Reaper","floor":16},{"not_picked":["Carnage","Rupture","Headbutt"],"picked":"Singing Bowl","floor":17},{"not_picked":["Rampage","Battle Trance","Thunderclap"],"picked":"Singing Bowl","floor":18},{"not_picked":["Wild Strike","Dual Wield","Iron Wave"],"picked":"Singing Bowl","floor":22}],"player_experience":485407,"relics_obtained":[{"floor":7,"key":"Red Skull"},{"floor":9,"key":"Singing Bowl"},{"floor":10,"key":"Gremlin Horn"},{"floor":20,"key":"Necronomicon"}],"event_choices":[{"damage_healed":0,"gold_gain":0,"player_choice":"2 cards matched","damage_taken":0,"max_hp_gain":0,"max_hp_loss":0,"event_name":"Match and Keep!","floor":2,"gold_loss":0,"cards_obtained":["Iron Wave","Limit Break"]},{"cards_removed":["Defend_R"],"damage_healed":0,"gold_gain":0,"player_choice":"Card Removal","damage_taken":0,"max_hp_gain":0,"max_hp_loss":0,"event_name":"The Cleric","floor":4,"gold_loss":50},{"damage_healed":0,"gold_gain":0,"cards_transformed":["Strike_R"],"player_choice":"Transformed","damage_taken":0,"max_hp_gain":0,"max_hp_loss":0,"event_name":"Transmorgrifier","floor":5,"gold_loss":0,"cards_obtained":["Anger"]},{"damage_healed":0,"gold_gain":0,"player_choice":"Obtained Relic","damage_taken":0,"relics_obtained":["Centennial Puzzle"],"max_hp_gain":0,"max_hp_loss":0,"event_name":"Addict","floor":19,"gold_loss":85},{"damage_healed":0,"gold_gain":0,"player_choice":"Obtained Book","damage_taken":16,"max_hp_gain":0,"max_hp_loss":0,"event_name":"Cursed Tome","floor":20,"gold_loss":0},{"damage_healed":0,"gold_gain":99,"player_choice":"Stole From Cult","damage_taken":0,"max_hp_gain":0,"max_hp_loss":0,"event_name":"Nest","floor":21,"gold_loss":0}],"is_beta":false,"boss_relics":[{"not_picked":["Pandora\u0027s Box","Runic Pyramid"],"picked":"Tiny House"}],"items_purged_floors":[12],"is_endless":false,"potions_floor_spawned":[3,7,13,14],"killed_by":"Gremlin Leader","ascension_level":12}