{"gold_per_floor":[216,233,233,245,259,259,16,16,39,58,58],"floor_reached":11,"playtime":606,"items_purged":["Strike_B"],"score":127,"play_id":"e7b7708a-9480-4961-8318-6eb7c234c97c","local_time":"20190718135906","is_ascension_mode":true,"campfire_choices":[{"data":"Darkness","floor":6,"key":"SMITH"},{"data":"Zap","floor":8,"key":"SMITH"}],"neow_cost":"NONE","seed_source_timestamp":650466115867853,"circlet_count":0,"master_deck":["AscendersBane","Strike_B","Strike_B","Defend_B","Defend_B","Defend_B","Defend_B","Zap+1","Dualcast","Conserve Battery","Glacier","Darkness+1","Cold Snap","Self Repair","Auto Shields","Cold Snap"],"relics":["Cracked Core","Potion Belt"],"potions_floor_usage":[10],"damage_taken":[{"damage":1,"enemies":"Cultist","floor":1,"turns":3},{"damage":7,"enemies":"2 Louse","floor":2,"turns":3},{"damage":0,"enemies":"Small Slimes","floor":4,"turns":3},{"damage":5,"enemies":"2 Fungi Beasts","floor":5,"turns":3},{"damage":8,"enemies":"Exordium Wildlife","floor":10,"turns":5},{"damage":45,"enemies":"Gremlin Gang","floor":11,"turns":4}],"seed_played":"-631197378779217476","potions_obtained":[{"floor":1,"key":"GamblersBrew"},{"floor":2,"key":"FearPotion"},{"floor":5,"key":"SpeedPotion"}],"is_trial":false,"path_per_floor":["M","M","?","M","M","R","$","R","T","M","M"],"character_chosen":"DEFECT","items_purchased":["Self Repair","Auto Shields"],"campfire_rested":0,"item_purchase_floors":[7,7],"current_hp_per_floor":[63,56,49,49,44,44,44,44,44,43,0],"gold":58,"neow_bonus":"HUNDRED_GOLD","is_prod":false,"is_daily":false,"chose_seed":false,"campfire_upgraded":2,"win_rate":0,"timestamp":1563472746,"path_taken":["M","?","?","M","M","R","$","R","T","M","M"],"build_version":"2019-07-17","purchased_purges":1,"victory":false,"max_hp_per_floor":[71,71,71,71,71,71,71,71,71,71,71],"card_choices":[{"not_picked":["Storm","Reprogram"],"picked":"Conserve Battery","floor":1},{"not_picked":["Capacitor","Gash"],"picked":"Glacier","floor":2},{"not_picked":["Steam","Beam Cell"],"picked":"Darkness","floor":4},{"not_picked":["Steam","Coolheaded"],"picked":"Cold Snap","floor":5},{"not_picked":["Ball Lightning","Glacier"],"picked":"Cold Snap","floor":10}],"player_experience":2492588,"relics_obtained":[{"floor":9,"key":"Potion Belt"}],"event_choices":[{"cards_removed":["Strike_B"],"damage_healed":0,"gold_gain":0,"player_choice":"Card Removal","damage_taken":7,"max_hp_gain":0,"max_hp_loss":0,"event_name":"Golden Wing","floor":3,"gold_loss":0}],"is_beta":false,"boss_relics":[],"items_purged_floors":[7],"is_endless":false,"potions_floor_spawned":[1,2,5],"killed_by":"Gremlin Gang","ascension_level":19}