{"gold_per_floor":[117,128,128,128,29,63,63,63],"floor_reached":8,"playtime":247,"items_purged":["Defend_G"],"score":79,"play_id":"bf8b5ed2-663c-4d82-8f01-369df842a83f","local_time":"20190711190348","is_ascension_mode":false,"campfire_choices":[],"neow_cost":"NONE","seed_source_timestamp":18675664362887,"circlet_count":0,"master_deck":["Strike_G","Strike_G","Strike_G","Strike_G","Defend_G","Defend_G","Defend_G","Survivor","Neutralize","Backflip+1","Outmaneuver+1"],"relics":["Ring of the Snake","NeowsBlessing","Toxic Egg 2","Mercury Hourglass"],"potions_floor_usage":[],"damage_taken":[{"damage":0,"enemies":"Small Slimes","floor":1,"turns":1},{"damage":0,"enemies":"2 Louse","floor":2,"turns":1},{"damage":0,"enemies":"Lagavulin","floor":6,"turns":1},{"damage":38,"enemies":"3 Sentries","floor":8,"turns":13}],"seed_played":"7846267591746224232","potions_obtained":[],"is_trial":false,"path_per_floor":["M","M","?","?","$","E","?","E"],"character_chosen":"THE_SILENT","items_purchased":["Backflip+1"],"campfire_rested":0,"item_purchase_floors":[5],"current_hp_per_floor":[70,70,45,45,45,45,38,0],"gold":63,"neow_bonus":"THREE_ENEMY_KILL","is_prod":false,"is_daily":false,"chose_seed":false,"campfire_upgraded":0,"win_rate":0,"timestamp":1562864628,"path_taken":["M","M","?","?","?","E","?","E"],"build_version":"2019-07-05","purchased_purges":1,"victory":false,"max_hp_per_floor":[70,70,70,70,70,70,70,70],"card_choices":[{"not_picked":["Cloak And Dagger","Distraction","Expertise"],"picked":"SKIP","floor":1},{"not_picked":["Deflect","Quick Slash","Sucker Punch"],"picked":"SKIP","floor":2},{"not_picked":["Dagger Spray","Footwork"],"picked":"Outmaneuver+1","floor":6}],"player_experience":84650,"relics_obtained":[{"floor":6,"key":"Mercury Hourglass"}],"event_choices":[{"damage_healed":0,"gold_gain":0,"player_choice":"Success","damage_taken":25,"relics_obtained":["Toxic Egg 2"],"max_hp_gain":0,"max_hp_loss":0,"event_name":"Scrap Ooze","floor":3,"gold_loss":0},{"cards_removed":["Strike_G"],"damage_healed":0,"gold_gain":0,"player_choice":"Forget","damage_taken":0,"max_hp_gain":0,"max_hp_loss":0,"event_name":"Living Wall","floor":4,"gold_loss":0},{"cards_removed":["Defend_G"],"damage_healed":0,"gold_gain":0,"player_choice":"Card Removal","damage_taken":7,"max_hp_gain":0,"max_hp_loss":0,"event_name":"Golden Wing","floor":7,"gold_loss":0}],"is_beta":false,"boss_relics":[],"items_purged_floors":[5],"is_endless":false,"potions_floor_spawned":[],"killed_by":"3 Sentries","ascension_level":0}