{"path_per_floor":["M","?","M","$","?","E","$","M","T","R","M","?","M","E","R"],"character_chosen":"IRONCLAD","items_purchased":["Shrug It Off"],"gold_per_floor":[17,17,27,27,27,58,12,35,59,59,80,80,99,138,138,138],"floor_reached":16,"campfire_rested":2,"playtime":502,"current_hp_per_floor":[72,72,66,66,46,26,26,39,39,63,65,58,57,29,68,0],"items_purged":[],"gold":138,"score":143,"play_id":"3da01bdf-7d51-4efa-87d4-2581d99ee24f","local_time":"20180505205721","is_prod":false,"is_daily":false,"chose_seed":false,"is_ascension_mode":true,"campfire_upgraded":0,"timestamp":1525543041,"path_taken":["M","?","M","$","?","E","?","M","T","R","?","?","M","E","R","BOSS"],"build_version":"2018-05-03","seed_source_timestamp":113738188441264,"purchased_purges":0,"victory":false,"master_deck":["Strike_R+1","Strike_R","Strike_R","Strike_R","Defend_R","Defend_R","Bash","Pommel Strike+1","Metallicize","Shrug It Off","Ghostly Armor","Shrug It Off","Flex","Cleave"],"max_hp_per_floor":[80,80,80,80,80,80,80,80,80,80,80,80,80,80,80,80],"relics":["Burning Blood","Golden Idol","Art of War","Whetstone","Dream Catcher","Regal Pillow"],"card_choices":[{"not_picked":["Pummel","Clash"],"picked":"Pommel Strike","floor":1},{"not_picked":["Body Slam","Perfected Strike"],"picked":"Metallicize","floor":3},{"not_picked":["Rage","Warcry"],"picked":"Ghostly Armor","floor":11},{"not_picked":["Wild Strike","Twin Strike"],"picked":"Shrug It Off","floor":13},{"not_picked":["Headbutt","Clash"],"picked":"Flex","floor":14},{"not_picked":["Fire Breathing","Sentinel"],"picked":"Cleave","floor":15}],"player_experience":237304,"potions_floor_usage":[8,13,14],"damage_taken":[{"damage":6,"enemies":"Cultist","floor":1,"turns":3},{"damage":12,"enemies":"Jaw Worm","floor":3,"turns":2},{"damage":26,"enemies":"Gremlin Nob","floor":6,"turns":4},{"damage":5,"enemies":"2 Louse","floor":8,"turns":5},{"damage":4,"enemies":"Large Slime","floor":11,"turns":5},{"damage":7,"enemies":"Exordium Thugs","floor":13,"turns":5},{"damage":34,"enemies":"Lagavulin","floor":14,"turns":6},{"damage":75,"enemies":"Slime Boss","floor":16,"turns":9}],"event_choices":[{"event_name":"Purifier","player_choice":"One Purge","floor":2,"damage_taken":0},{"event_name":"Golden Idol","player_choice":"Take Damage","floor":5,"damage_taken":0},{"event_name":"Scrap Ooze","player_choice":"success","floor":12,"damage_taken":7}],"boss_relics":[],"potions_floor_spawned":[1,6,11],"seed_played":"5363479054697639401","killed_by":"Slime Boss","ascension_level":6,"is_trial":false}