{"gold_per_floor":[115,135,135,25,25,25,60,11,34,34,34,53,53,63,63,164,164,176,176,196,213,213,213,213,213,213,213,224,224,49,60,60,60],"floor_reached":33,"playtime":2199,"items_purged":["Strike_G","Strike_G"],"score":276,"play_id":"cf7e5f2a-716d-49c0-8bfe-bcd922e43712","local_time":"20190629223548","is_ascension_mode":true,"campfire_choices":[{"data":"Footwork","floor":6.0,"key":"SMITH"},{"floor":11.0,"key":"REST"},{"floor":15.0,"key":"REST"},{"floor":23.0,"key":"REST"},{"data":"Caltrops","floor":25.0,"key":"SMITH"},{"floor":32.0,"key":"REST"}],"neow_cost":"NONE","seed_source_timestamp":0,"circlet_count":0,"master_deck":["Defend_G","Defend_G","Defend_G","Defend_G","Defend_G","Strike_G","Survivor","Neutralize+1","Riddle With Holes+1","Footwork+1","Caltrops+1","Blur","Dodge and Roll","Infinite Blades","PiercingWail","Night Terror","Backflip","Endless Agony+1","Dodge and Roll","Riddle With Holes"],"special_seed":0,"relics":["Ring of the Snake","Juzu Bracelet","Nunchaku","Pen Nib","WristBlade","Lantern","Frozen Egg 2"],"potions_floor_usage":[33],"damage_taken":[{"damage":3.0,"enemies":"Jaw Worm","floor":1.0,"turns":5.0},{"damage":5.0,"enemies":"Small Slimes","floor":2.0,"turns":3.0},{"damage":23.0,"enemies":"Gremlin Nob","floor":7.0,"turns":6.0},{"damage":0.0,"enemies":"Cultist","floor":12.0,"turns":4.0},{"damage":3.0,"enemies":"Red Slaver","floor":14.0,"turns":4.0},{"damage":12.0,"enemies":"Hexaghost","floor":16.0,"turns":12.0},{"damage":3.0,"enemies":"3 Byrds","floor":18.0,"turns":4.0},{"damage":12.0,"enemies":"Spheric Guardian","floor":20.0,"turns":4.0},{"damage":5.0,"enemies":"Snecko","floor":21.0,"turns":6.0},{"damage":43.0,"enemies":"Shelled Parasite and Fungi","floor":28.0,"turns":4.0},{"damage":0.0,"enemies":"Slavers","floor":29.0,"turns":1.0},{"damage":10.0,"enemies":"Centurion and Healer","floor":31.0,"turns":8.0},{"damage":44,"enemies":"Automaton","floor":33,"turns":6}],"seed_played":"5935193834944375248","potions_obtained":[{"floor":7.0,"key":"Weak Potion"},{"floor":14.0,"key":"Poison Potion"},{"floor":20.0,"key":"AttackPotion"},{"floor":21.0,"key":"SmokeBomb"},{"floor":28.0,"key":"SteroidPotion"}],"is_trial":false,"path_per_floor":["M","M","?","$","?","R","E","$","T","$","R","M","?","M","R","B",null,"M","?","M","M","?","R","?","R","T","?","M","E","$","M","R","B"],"character_chosen":"THE_SILENT","items_purchased":["Caltrops","Dodge and Roll","Ancient Potion"],"campfire_rested":4,"item_purchase_floors":[4,8,30],"current_hp_per_floor":[67,62,62,62,62,62,39,39,39,39,60,60,60,57,70,58,70,67,67,55,50,50,70,70,70,70,70,27,27,27,17,38,0],"gold":60,"neow_bonus":"RANDOM_COMMON_RELIC","is_prod":false,"is_daily":false,"chose_seed":false,"campfire_upgraded":2,"win_rate":0,"timestamp":1561865748,"path_taken":["M","M","?","$","?","R","E","$","T","?","R","M","?","M","R","BOSS","M","?","M","M","?","R","?","R","T","?","M","E","$","M","R","BOSS"],"build_version":"2019-01-23","purchased_purges":2,"victory":false,"max_hp_per_floor":[70,70,70,70,70,70,70,70,70,70,70,70,70,70,70,70,70,70,70,70,70,70,70,70,70,70,70,70,70,70,70,70,70],"card_choices":[{"not_picked":["Poisoned Stab","Backflip"],"picked":"Riddle With Holes","floor":1.0},{"not_picked":["PiercingWail","Slice"],"picked":"Footwork","floor":2.0},{"not_picked":["Footwork","Expertise"],"picked":"Blur","floor":7.0},{"not_picked":["Bane","Sucker Punch"],"picked":"Infinite Blades","floor":12.0},{"not_picked":["Outmaneuver","Prepared"],"picked":"PiercingWail","floor":14.0},{"not_picked":["Storm of Steel","A Thousand Cuts"],"picked":"Night Terror","floor":16.0},{"not_picked":["Terror","Flying Knee"],"picked":"Backflip","floor":18.0},{"not_picked":["Heel Hook","Riddle With Holes"],"picked":"Endless Agony+1","floor":20.0},{"not_picked":["Dagger Throw","Slice"],"picked":"Dodge and Roll","floor":21.0},{"not_picked":["Dagger Spray","Bane","Tactician"],"picked":"SKIP","floor":28.0},{"not_picked":["Reflex","Masterful Stab"],"picked":"Riddle With Holes","floor":31.0}],"player_experience":294124,"relics_obtained":[{"floor":7.0,"key":"Nunchaku"},{"floor":9.0,"key":"Pen Nib"},{"floor":19.0,"key":"Lantern"},{"floor":26.0,"key":"Frozen Egg 2"}],"event_choices":[{"damage_healed":0.0,"max_hp_gain":0.0,"max_hp_loss":0.0,"gold_gain":0.0,"event_name":"Living Wall","player_choice":"Grow","floor":3.0,"gold_loss":0.0,"damage_taken":0.0,"cards_upgraded":["Neutralize"]},{"damage_healed":0.0,"max_hp_gain":0.0,"max_hp_loss":0.0,"gold_gain":0.0,"event_name":"Scrap Ooze","player_choice":"Fled","floor":5.0,"gold_loss":0.0,"damage_taken":0.0},{"damage_healed":0.0,"max_hp_gain":0.0,"max_hp_loss":0.0,"gold_gain":0.0,"event_name":"Upgrade Shrine","player_choice":"Upgraded","floor":13.0,"gold_loss":0.0,"damage_taken":0.0,"cards_upgraded":["Riddle With Holes"]},{"damage_healed":0.0,"max_hp_gain":0.0,"max_hp_loss":0.0,"gold_gain":0.0,"event_name":"Wheel of Change","player_choice":"Relic","floor":19.0,"gold_loss":0.0,"damage_taken":0.0},{"cards_removed":["Strike_G"],"damage_healed":0.0,"max_hp_gain":0.0,"max_hp_loss":0.0,"gold_gain":0.0,"event_name":"Bonfire Elementals","player_choice":"Offered Basic","floor":22.0,"gold_loss":0.0,"damage_taken":0.0},{"cards_removed":["Strike_G"],"damage_healed":0.0,"max_hp_gain":0.0,"max_hp_loss":0.0,"gold_gain":0.0,"event_name":"Back to Basics","player_choice":"Elegance","floor":24.0,"gold_loss":0.0,"damage_taken":0.0},{"damage_healed":0.0,"max_hp_gain":0.0,"max_hp_loss":0.0,"gold_gain":0.0,"event_name":"Ghosts","player_choice":"Ignored","floor":27.0,"gold_loss":0.0,"damage_taken":0.0}],"is_beta":false,"boss_relics":[{"not_picked":["Runic Dome","Coffee Dripper"],"picked":"WristBlade"}],"items_purged_floors":[4,30],"is_endless":false,"potions_floor_spawned":[7,14,20,21,28],"killed_by":"Automaton","ascension_level":1}