{"gold_per_floor":[367,542,542,6,21,55,55,55,79,79,94,104,104,104,104,207,207,227,240,17,29,29,29,29,29,77,77],"floor_reached":27,"playtime":2112,"items_purged":["Regret","Strike_R+1"],"score":334,"play_id":"3d6da008-277e-49bf-8e1e-b6c2571e341b","local_time":"20181125211508","is_ascension_mode":false,"campfire_choices":[{"data":"Flex","floor":8,"key":"SMITH"},{"data":"Chrysalis","floor":10,"key":"SMITH"},{"data":"Infernal Blade","floor":13,"key":"SMITH"},{"floor":15,"key":"REST"},{"data":"Limit Break","floor":23,"key":"SMITH"},{"floor":25,"key":"REST"}],"neow_cost":"PERCENT_DAMAGE","seed_source_timestamp":430994129253004,"circlet_count":0,"master_deck":["Strike_R+1","Strike_R","Strike_R+1","Strike_R+1","Defend_R","Defend_R","Defend_R+1","Defend_R+1","Bash","Flex+1","Doubt","Rupture","Seeing Red","Chrysalis+1","Carnage","Rage","True Grit","Infernal Blade+1","Limit Break+1","Writhe","Writhe","Pain","Dual Wield","Flex","Infernal Blade","Enlightenment","Rage","Ghostly","Ghostly","Ghostly","Ghostly","Ghostly","Necronomicurse"],"relics":["Burning Blood","War Paint","Tiny Chest","Whetstone","Sundial","Anchor","Calling Bell","Lantern","Question Card","Du-Vu Doll","Necronomicon","Orichalcum"],"potions_floor_usage":[6,16,16,21],"damage_taken":[{"damage":3,"enemies":"Small Slimes","floor":1,"turns":4},{"damage":12,"enemies":"Jaw Worm","floor":5,"turns":6},{"damage":23,"enemies":"Lagavulin","floor":6,"turns":8},{"damage":6,"enemies":"2 Louse","floor":11,"turns":3},{"damage":0,"enemies":"2 Fungi Beasts","floor":12,"turns":2},{"damage":20,"enemies":"Slime Boss","floor":16,"turns":9},{"damage":3,"enemies":"Spheric Guardian","floor":18,"turns":2},{"damage":17,"enemies":"3 Byrds","floor":19,"turns":4},{"damage":51,"enemies":"3 Cultists","floor":21,"turns":6},{"damage":28,"enemies":"Gremlin Leader","floor":27,"turns":4}],"seed_played":"9195017980608385847","potions_obtained":[{"floor":5,"key":"EssenceOfSteel"},{"floor":6,"key":"SteroidPotion"},{"floor":12,"key":"Ancient Potion"},{"floor":18,"key":"Block Potion"},{"floor":21,"key":"Energy Potion"}],"is_trial":false,"path_per_floor":["M","?","?","$","M","E","T","R","T","R","M","M","R","?","R","B",null,"M","M","$","M","?","R","?","R","T","E"],"character_chosen":"IRONCLAD","items_purchased":["Tiny Chest","Rupture","Seeing Red","Chrysalis","Infernal Blade","Enlightenment"],"campfire_rested":2,"item_purchase_floors":[4,4,4,4,20,20],"current_hp_per_floor":[59,59,59,59,53,36,36,36,36,36,36,42,42,26,50,36,80,80,69,69,24,24,24,8,20,20,0],"gold":77,"neow_bonus":"TWO_FIFTY_GOLD","is_prod":false,"is_daily":false,"chose_seed":false,"campfire_upgraded":4,"win_rate":0.0,"timestamp":1543202108,"path_taken":["M","?","?","$","M","E","?","R","T","R","M","M","R","?","R","BOSS","M","M","$","M","?","R","?","R","T","E"],"build_version":"2018-11-15","purchased_purges":2,"victory":false,"max_hp_per_floor":[80,80,80,80,80,80,80,80,80,80,80,80,80,80,80,80,80,80,80,80,80,40,40,40,40,40,40],"card_choices":[{"not_picked":["Shrug It Off","Cleave"],"picked":"Flex","floor":1},{"not_picked":["Sword Boomerang","Wild Strike"],"picked":"Carnage","floor":5},{"not_picked":["Iron Wave","Uppercut"],"picked":"Rage","floor":6},{"not_picked":["Clothesline","Shrug It Off"],"picked":"True Grit","floor":11},{"not_picked":["Thunderclap","Twin Strike"],"picked":"Infernal Blade","floor":12},{"not_picked":["Barricade","Dark Embrace"],"picked":"Limit Break","floor":16},{"not_picked":["Warcry","True Grit+1","Whirlwind"],"picked":"Dual Wield","floor":18},{"not_picked":["Combust+1","Iron Wave","Twin Strike"],"picked":"Flex","floor":19},{"not_picked":["Headbutt","Thunderclap","Searing Blow"],"picked":"Rage","floor":21}],"player_experience":152094,"relics_obtained":[{"floor":6,"key":"Whetstone"},{"floor":7,"key":"Sundial"},{"floor":9,"key":"Anchor"},{"floor":17,"key":"Lantern"},{"floor":17,"key":"Question Card"},{"floor":17,"key":"Du-Vu Doll"},{"floor":24,"key":"Necronomicon"},{"floor":26,"key":"Orichalcum"}],"event_choices":[{"damage_healed":0,"gold_gain":175,"player_choice":"AGREE","damage_taken":0,"max_hp_gain":0,"max_hp_loss":0,"event_name":"Liars Game","floor":2,"gold_loss":0,"cards_obtained":["Doubt"]},{"damage_healed":0,"gold_gain":0,"player_choice":"Box","damage_taken":0,"relics_obtained":["War Paint"],"max_hp_gain":0,"max_hp_loss":0,"event_name":"Big Fish","floor":3,"gold_loss":0,"cards_obtained":["Regret"]},{"damage_healed":0,"gold_gain":0,"player_choice":"Entered Light","damage_taken":16,"max_hp_gain":0,"max_hp_loss":0,"event_name":"Shining Light","floor":14,"gold_loss":0,"cards_upgraded":["Strike_R","Strike_R"]},{"damage_healed":0,"gold_gain":0,"player_choice":"Became a Ghost","damage_taken":0,"max_hp_gain":0,"max_hp_loss":40,"event_name":"Ghosts","floor":22,"gold_loss":0,"cards_obtained":["Ghostly","Ghostly","Ghostly","Ghostly","Ghostly"]},{"damage_healed":0,"gold_gain":0,"player_choice":"Obtained Book","damage_taken":16,"max_hp_gain":0,"max_hp_loss":0,"event_name":"Cursed Tome","floor":24,"gold_loss":0}],"is_beta":false,"boss_relics":[{"not_picked":["Fusion Hammer","Eternal Feather"],"picked":"Calling Bell"}],"items_purged_floors":[4,20],"is_endless":false,"potions_floor_spawned":[5,6,12,18,21],"killed_by":"Gremlin Leader","ascension_level":0}