{"gold_per_floor":[115,115,17,37,49,49,62,87,112,125,125,125,190,209,209,305,305,315,315,315,330,13,13,25,25],"floor_reached":25,"playtime":1630,"items_purged":["Strike_B"],"score":213,"play_id":"9068860c-efe3-4b86-bcfc-0b8a7aa355af","local_time":"20190131215245","is_ascension_mode":false,"campfire_choices":[{"data":"Redo","floor":6,"key":"SMITH"},{"floor":12,"key":"REST"},{"floor":15,"key":"REST"},{"floor":23,"key":"REST"}],"neow_cost":"NONE","seed_source_timestamp":181226605639059,"circlet_count":0,"master_deck":["Strike_B","Strike_B","Defend_B","Defend_B","Defend_B","Defend_B","Zap","Dualcast","Machine Learning","Ball Lightning","Rebound","Redo+1","Ball Lightning","Capacitor","Conserve Battery","Lockon","Seek","Conserve Battery","Multi-Cast","Beam Cell","Static Discharge","Necronomicurse","Tempest","Redo"],"relics":["Cracked Core","Boot","Juzu Bracelet","Tiny Chest","Inserter","Necronomicon","Letter Opener"],"potions_floor_usage":[13,13,18,21,25],"damage_taken":[{"damage":2,"enemies":"2 Louse","floor":1,"turns":2},{"damage":6,"enemies":"Cultist","floor":4,"turns":3},{"damage":11,"enemies":"Jaw Worm","floor":5,"turns":2},{"damage":6,"enemies":"3 Louse","floor":7,"turns":2},{"damage":18,"enemies":"Gremlin Nob","floor":8,"turns":3},{"damage":10,"enemies":"Looter","floor":10,"turns":2},{"damage":2,"enemies":"3 Sentries","floor":13,"turns":5},{"damage":26,"enemies":"Gremlin Gang","floor":14,"turns":3},{"damage":25,"enemies":"The Guardian","floor":16,"turns":8},{"damage":23,"enemies":"2 Thieves","floor":18,"turns":3},{"damage":12,"enemies":"Shell Parasite","floor":21,"turns":5},{"damage":41,"enemies":"3 Cultists","floor":24,"turns":5},{"damage":15,"enemies":"Colosseum Slavers","floor":25,"turns":1}],"seed_played":"-7512080638851166448","potions_obtained":[{"floor":1,"key":"SpeedPotion"},{"floor":7,"key":"Energy Potion"},{"floor":8,"key":"Block Potion"},{"floor":10,"key":"FocusPotion"},{"floor":18,"key":"Block Potion"},{"floor":24,"key":"SpeedPotion"}],"is_trial":false,"path_per_floor":["M","?","$","M","M","R","M","E","T","M","?","R","E","M","R","B",null,"M","?","?","M","$","R","M","?"],"character_chosen":"DEFECT","items_purchased":["Rebound","Letter Opener","Tempest"],"campfire_rested":3,"item_purchase_floors":[3,22,22],"current_hp_per_floor":[73,73,73,67,56,56,50,32,32,22,22,44,42,16,38,13,75,52,52,36,24,24,46,5,0],"gold":25,"neow_bonus":"ONE_RANDOM_RARE_CARD","is_prod":false,"is_daily":false,"chose_seed":false,"campfire_upgraded":1,"win_rate":0,"timestamp":1548993165,"path_taken":["M","?","?","?","M","R","M","E","T","M","?","R","E","M","R","BOSS","M","?","?","M","$","R","M","?"],"build_version":"2019-01-23","purchased_purges":1,"victory":false,"max_hp_per_floor":[75,75,75,75,75,75,75,75,75,75,75,75,75,75,75,75,75,75,75,75,75,75,75,75,75],"card_choices":[{"not_picked":["Streamline","Gash"],"picked":"Ball Lightning","floor":1},{"not_picked":["Compile Driver","Gash"],"picked":"Redo","floor":4},{"not_picked":["Streamline","Auto Shields"],"picked":"Ball Lightning","floor":5},{"not_picked":["Chill","Beam Cell"],"picked":"Capacitor","floor":7},{"not_picked":["White Noise","Genetic Algorithm"],"picked":"Conserve Battery","floor":8},{"not_picked":["Go for the Eyes","Gash"],"picked":"Lockon","floor":10},{"not_picked":["White Noise","Biased Cognition"],"picked":"Seek","floor":13},{"not_picked":["Beam Cell","Sweeping Beam"],"picked":"Conserve Battery","floor":14},{"not_picked":["All For One","Rainbow"],"picked":"Multi-Cast","floor":16},{"not_picked":["Melter","Hologram"],"picked":"Beam Cell","floor":18},{"not_picked":["Steam Power","Leap","Sweeping Beam"],"picked":"SKIP","floor":21},{"not_picked":["Steam Power","Gash+1"],"picked":"Redo","floor":24}],"player_experience":219547,"relics_obtained":[{"floor":8,"key":"Boot"},{"floor":9,"key":"Juzu Bracelet"},{"floor":13,"key":"Tiny Chest"},{"floor":20,"key":"Necronomicon"}],"event_choices":[{"damage_healed":0,"gold_gain":0,"player_choice":"Bought 0 Potions","damage_taken":0,"max_hp_gain":0,"max_hp_loss":0,"event_name":"The Woman in Blue","floor":2,"gold_loss":0},{"cards_removed":["Strike_B"],"damage_healed":0,"gold_gain":0,"player_choice":"Forget","damage_taken":0,"max_hp_gain":0,"max_hp_loss":0,"event_name":"Living Wall","floor":11,"gold_loss":0},{"damage_healed":0,"gold_gain":0,"player_choice":"Read","damage_taken":0,"max_hp_gain":0,"max_hp_loss":0,"event_name":"The Library","floor":19,"gold_loss":0,"cards_obtained":["Static Discharge"]},{"damage_healed":0,"gold_gain":0,"player_choice":"Obtained Book","damage_taken":16,"max_hp_gain":0,"max_hp_loss":0,"event_name":"Cursed Tome","floor":20,"gold_loss":0},{"damage_healed":0,"gold_gain":0,"player_choice":"Fight","damage_taken":0,"max_hp_gain":0,"max_hp_loss":0,"event_name":"Colosseum","floor":25,"gold_loss":0}],"is_beta":false,"boss_relics":[{"not_picked":["Nuclear Battery","Snecko Eye"],"picked":"Inserter"}],"items_purged_floors":[3],"is_endless":false,"potions_floor_spawned":[1,7,8,10,18,24],"killed_by":"Colosseum Slavers","ascension_level":0}