{"path_per_floor":["M","M","?","?","?","E","R","M","T","R","M","M","M","$","R","B",null],"character_chosen":"THE_SILENT","items_purchased":["Snake Skull","Regen Potion"],"gold_per_floor":[118,130,130,130,130,164,164,174,174,174,187,200,216,12,12,114,114],"floor_reached":18,"campfire_rested":1,"playtime":2178,"current_hp_per_floor":[69,69,69,55,48,4,46,45,45,51,50,50,47,47,53,2,70],"items_purged":[],"gold":114,"score":162,"play_id":"a6462db4-3de8-481a-a10b-6d17237637a7","local_time":"20180307130809","is_prod":false,"is_daily":false,"is_ascension_mode":false,"campfire_upgraded":2,"timestamp":1520420889,"path_taken":["M","M","?","?","?","E","R","M","T","R","?","?","M","$","R","BOSS","M"],"build_version":"2018-03-01-PROD1","purchased_purges":0,"victory":false,"master_deck":["Defend_G+1","Defend_G","Defend_G","Defend_G","Defend_G","Strike_G+1","Strike_G","Strike_G","Strike_G","Strike_G","Survivor","Neutralize","Flying Knee","Catalyst","Flying Knee","Backstab+1","Deadly Poison","Catalyst","Burst+1","After Image","Regret","Pain","Parasite"],"max_hp_per_floor":[70,70,70,70,70,70,70,70,70,70,70,70,70,70,70,70,70],"relics":["Eternal Feather","Mummified Hand","Regal Pillow","Bird Faced Urn","Snake Skull","Calling Bell","Toolbox","Oddly Smooth Stone","Juzu Bracelet"],"card_choices":[{"not_picked":["Sucker Punch","Quick Slash"],"picked":"Flying Knee"},{"not_picked":["Slice","Reflex"],"picked":"Catalyst"},{"not_picked":["Dagger Spray","Acrobatics"],"picked":"Flying Knee"},{"not_picked":["Finisher","Slice"],"picked":"Backstab"},{"not_picked":["Die Die Die","PiercingWail"],"picked":"Deadly Poison"},{"not_picked":["Backflip","Dagger Throw"],"picked":"Catalyst"},{"not_picked":["Deflect","Backflip"],"picked":"Burst"},{"not_picked":["Wraith Form","Bullet Time"],"picked":"After Image"}],"player_experience":23503,"potions_floor_usage":[12,16,16,16],"damage_taken":[{"damage":1,"enemies":"2 Louse","floor":1,"turns":4},{"damage":0,"enemies":"Small Slimes","floor":2,"turns":5},{"damage":44,"enemies":"Gremlin Nob","floor":6,"turns":6},{"damage":1,"enemies":"Jaw Worm","floor":8,"turns":4},{"damage":1,"enemies":"Exordium Thugs","floor":11,"turns":5},{"damage":0,"enemies":"Gremlin Gang","floor":12,"turns":3},{"damage":3,"enemies":"3 Louse","floor":13,"turns":2},{"damage":66,"enemies":"Hexaghost","floor":16,"turns":12},{"damage":72,"enemies":"Spheric Guardian","floor":18,"turns":12}],"event_choices":[{"event_name":"The Cleric","player_choice":"Leave","floor":3,"damage_taken":0},{"event_name":"Shining Light","player_choice":"Entered Light","floor":4,"damage_taken":0},{"event_name":"Scrap Ooze","player_choice":"success","floor":5,"damage_taken":7}],"boss_relics":[{"not_picked":["Runic Pyramid","Black Star"],"picked":"Calling Bell"}],"potions_floor_spawned":[8,12,13,16],"seed_played":"-7052975040037738296","killed_by":"Spheric Guardian","ascension_level":0,"is_trial":false}