{"gold_per_floor":[114,129,144,159,174,174,189,204,229,244,244,259,259,274,274,374,374,389,404,254,254,254,269,284,299,299,299,314,314,329,344,344,444,444,459,459,474,489,489,489,504,504,504,519,534,549,99,114,114,114],"floor_reached":51,"playtime":2720,"items_purged":[],"score":807,"play_id":"9bc36454-350f-45e2-9d0a-208884671354","local_time":"20180715153411","daily_mods":["Insanity","Terminal","Vintage"],"is_ascension_mode":false,"campfire_choices":[{"floor":6,"key":"REST"},{"floor":13,"key":"REST"},{"data":"Buffer","floor":15,"key":"SMITH"},{"data":"Turbo","floor":29,"key":"SMITH"},{"data":"Defragment","floor":32,"key":"SMITH"},{"data":"Leap+1","floor":40,"key":"PURGE"},{"floor":42,"key":"DIG"},{"floor":49,"key":"DIG"}],"neow_cost":"","seed_source_timestamp":0,"circlet_count":0,"master_deck":["Force Field+1","Defragment+1","All For One+1","Turbo+1","Core Surge+1","Rainbow+1","Storm+1","Heatsinks+1","All For One+1","Coolheaded+1","Blizzard+1","Storm+1","Echo Form+1","Defend_B+1","Coolheaded+1","Chill+1","Strike_B+1","Defend_B+1","Dualcast+1","Aggregate+1","Fusion+1","Rip and Tear+1","Cold Snap+1","Steam Power+1","Redo+1","Sweeping Beam+1","Darkness+1","Steam+1","Buffer+1","Static Discharge+1","Recycle+1","Scrape+1","Turbo+1","Meteor Strike+1","Thunder Strike+1","Multi-Cast+1","Force Field+1","Dualcast+1","Streamline+1","Glacier+1","Fusion+1","Reboot+1","All For One+1","Multi-Cast+1","Sunder+1","Rip and Tear+1","Conserve Battery+1","Rainbow+1"],"special_seed":17727,"relics":["Cracked Core","Bottled Tornado","Sundial","Happy Flower","Shuriken","Ancient Tea Set","Whetstone","Peace Pipe","War Paint","Torii","Bag of Preparation","Smiling Mask","Omamori","Calipers","Velvet Choker","Bottled Lightning","Bird Faced Urn","Art of War","Pear","DataDisk","Oddly Smooth Stone","Lantern","Blood Vial","Cables","Ginger","Kunai","Nuclear Battery","Anchor","Question Card","Strawberry","Mark of the Bloom","Shovel","Gremlin Horn","Symbiotic Virus","Darkstone Periapt","Singing Bowl","Bag of Marbles","Medical Kit","Regal Pillow","Du-Vu Doll","Frozen Egg 2"],"potions_floor_usage":[3,8,10,16,16,16,16,16,24,33,33,35,44,50,50,50],"damage_taken":[{"damage":3,"enemies":"Small Slimes","floor":1,"turns":3},{"damage":6,"enemies":"Jaw Worm","floor":2,"turns":2},{"damage":0,"enemies":"2 Louse","floor":3,"turns":3},{"damage":11,"enemies":"Large Slime","floor":4,"turns":3},{"damage":7,"enemies":"2 Fungi Beasts","floor":5,"turns":4},{"damage":8,"enemies":"Gremlin Gang","floor":7,"turns":4},{"damage":0,"enemies":"Exordium Thugs","floor":8,"turns":5},{"damage":0,"enemies":"Lots of Slimes","floor":10,"turns":2},{"damage":2,"enemies":"Gremlin Gang","floor":12,"turns":4},{"damage":0,"enemies":"2 Fungi Beasts","floor":14,"turns":2},{"damage":0,"enemies":"Hexaghost","floor":16,"turns":6},{"damage":0,"enemies":"Shell Parasite","floor":18,"turns":5},{"damage":0,"enemies":"Chosen","floor":19,"turns":3},{"damage":0,"enemies":"Snecko","floor":23,"turns":3},{"damage":1,"enemies":"3 Cultists","floor":24,"turns":4},{"damage":0,"enemies":"Centurion and Healer","floor":25,"turns":3},{"damage":7,"enemies":"Snake Plant","floor":28,"turns":3},{"damage":0,"enemies":"3 Cultists","floor":30,"turns":4},{"damage":2,"enemies":"Chosen and Byrds","floor":31,"turns":3},{"damage":0,"enemies":"Collector","floor":33,"turns":7},{"damage":1,"enemies":"Orb Walker","floor":35,"turns":2},{"damage":0,"enemies":"Flame Bruiser 1 Orb","floor":37,"turns":5},{"damage":0,"enemies":"4 Shapes","floor":38,"turns":4},{"damage":0,"enemies":"Flame Bruiser 2 Orb","floor":41,"turns":4},{"damage":1,"enemies":"Spire Growth","floor":44,"turns":4},{"damage":0,"enemies":"3 Darklings","floor":45,"turns":3},{"damage":0,"enemies":"4 Shapes","floor":46,"turns":3},{"damage":0,"enemies":"Sphere and 2 Shapes","floor":48,"turns":3},{"damage":24,"enemies":"Time Eater","floor":50,"turns":4}],"seed_played":"-3267651053854438972","potions_obtained":[{"floor":1,"key":"Swift Potion"},{"floor":7,"key":"Fire Potion"},{"floor":8,"key":"FocusPotion"},{"floor":10,"key":"FearPotion"},{"floor":12,"key":"EntropicBrew"},{"floor":14,"key":"LiquidBronze"},{"floor":23,"key":"GamblersBrew"},{"floor":25,"key":"Poison Potion"},{"floor":30,"key":"SteroidPotion"},{"floor":33,"key":"Strength Potion"},{"floor":41,"key":"Fire Potion"},{"floor":44,"key":"SpeedPotion"},{"floor":45,"key":"GamblersBrew"}],"is_trial":false,"path_per_floor":["M","M","M","M","M","R","M","M","T","M","?","M","R","M","R","B",null,"M","M","$","?","?","M","M","M","T","?","M","R","M","M","R","B",null,"M","?","M","M","?","R","M","R","T","M","M","M","$","M","R","B"],"character_chosen":"DEFECT","items_purchased":["Art of War","Medical Kit","Weak Potion","SkillPotion","Regal Pillow"],"campfire_rested":2,"item_purchase_floors":[20,47,47,47,47],"current_hp_per_floor":[71,65,65,54,47,67,59,59,59,59,47,45,61,60,59,58,57,56,55,54,53,52,61,60,59,58,57,54,54,54,53,52,51,50,49,48,47,53,52,51,50,49,48,47,46,45,44,43,42,18],"gold":114,"neow_bonus":"","is_prod":false,"is_daily":true,"chose_seed":false,"campfire_upgraded":3,"win_rate":0,"timestamp":1531658051,"path_taken":["M","M","M","M","M","R","M","M","T","M","?","M","R","M","R","BOSS","M","M","$","?","?","M","M","M","T","?","?","R","?","M","R","BOSS","M","?","M","M","?","R","M","R","T","M","M","M","$","M","R","BOSS"],"build_version":"2018-07-12","purchased_purges":0,"victory":true,"max_hp_per_floor":[73,72,71,70,69,68,67,66,65,64,63,62,61,60,59,58,57,56,55,54,53,52,61,60,59,58,57,56,55,54,53,52,51,50,49,48,47,53,52,51,50,49,48,47,46,45,44,43,42,41],"card_choices":[{"not_picked":["Seek","Buffer"],"picked":"Rainbow","floor":16}],"player_experience":305617,"relics_obtained":[{"floor":1,"key":"Bottled Tornado"},{"floor":2,"key":"Sundial"},{"floor":3,"key":"Happy Flower"},{"floor":4,"key":"Shuriken"},{"floor":5,"key":"Ancient Tea Set"},{"floor":7,"key":"Whetstone"},{"floor":8,"key":"Peace Pipe"},{"floor":9,"key":"War Paint"},{"floor":10,"key":"Torii"},{"floor":12,"key":"Smiling Mask"},{"floor":14,"key":"Omamori"},{"floor":16,"key":"Calipers"},{"floor":18,"key":"Bottled Lightning"},{"floor":19,"key":"Bird Faced Urn"},{"floor":23,"key":"Pear"},{"floor":24,"key":"DataDisk"},{"floor":25,"key":"Oddly Smooth Stone"},{"floor":26,"key":"Lantern"},{"floor":28,"key":"Blood Vial"},{"floor":30,"key":"Cables"},{"floor":31,"key":"Ginger"},{"floor":33,"key":"Kunai"},{"floor":35,"key":"Anchor"},{"floor":37,"key":"Question Card"},{"floor":38,"key":"Strawberry"},{"floor":41,"key":"Shovel"},{"floor":42,"key":"Gremlin Horn"},{"floor":43,"key":"Symbiotic Virus"},{"floor":44,"key":"Darkstone Periapt"},{"floor":45,"key":"Singing Bowl"},{"floor":46,"key":"Bag of Marbles"},{"floor":48,"key":"Du-Vu Doll"},{"floor":49,"key":"Frozen Egg 2"}],"event_choices":[{"event_name":"Scrap Ooze","player_choice":"success","floor":11,"damage_taken":12},{"event_name":"Drug Dealer","player_choice":"Ignored","floor":21,"damage_taken":0},{"event_name":"Back to Basics","player_choice":"Elegance","floor":22,"damage_taken":0},{"event_name":"Accursed Blacksmith","player_choice":"Ignore","floor":27,"damage_taken":0},{"event_name":"Falling","player_choice":"Removed Attack","floor":36,"damage_taken":0},{"event_name":"MindBloom","player_choice":"Upgrade","floor":39,"damage_taken":0}],"boss_relics":[{"not_picked":["Orrery","Runic Pyramid"],"picked":"Velvet Choker"},{"not_picked":["Cursed Key","Tiny House"],"picked":"Nuclear Battery"}],"items_purged_floors":[],"is_endless":false,"potions_floor_spawned":[1,7,8,10,12,14,23,25,30,33,41,44,45],"ascension_level":0}