{"gold_per_floor":[117,192,192,211,176,211,228,228,228,228,228,74,98,48,48,167,167,183,183,183,26,42,82,100,141,166,166,166,89,89,89,89,194,194,212,266,266,266,279,279,279,27,27,27,41,41,41,75,75,75],"floor_reached":51,"playtime":1347,"items_purged":["Strike_R","Pain"],"score":1014,"play_id":"63a26b43-ac58-4ba6-9d6d-94653f5bd97b","local_time":"20180914141246","is_ascension_mode":true,"campfire_choices":[{"data":"Combust","floor":8,"key":"SMITH"},{"data":"Juggernaut","floor":11,"key":"SMITH"},{"data":"Inflame","floor":15,"key":"SMITH"},{"floor":28,"key":"REST"},{"floor":30,"key":"REST"},{"data":"Barricade","floor":32,"key":"SMITH"},{"floor":40,"key":"REST"},{"data":"Combust","floor":44,"key":"SMITH"},{"data":"Disarm","floor":46,"key":"SMITH"},{"data":"Flex","floor":49,"key":"SMITH"}],"neow_cost":"","seed_source_timestamp":268099981810429,"circlet_count":0,"master_deck":["Strike_R+1","Strike_R+1","Strike_R+1","Strike_R+1","Defend_R+1","Defend_R+1","Defend_R+1","Defend_R+1","Bash","Iron Wave","Combust+1","Inflame+1","Juggernaut+1","Barricade+1","Combust+1","Shockwave+1","Flex+1","Parasite","Writhe","Disarm+1","True Grit+1","Writhe","Juggernaut+1"],"relics":["Burning Blood","Mercury Hourglass","Strawberry","Self Forming Clay","Bloody Idol","Whetstone","Smiling Mask","Busted Crown","MutagenicStrength","Lantern","Orichalcum","Meat on the Bone","Potion Belt","WarpedTongs","Calling Bell","Art of War","Pantograph","Torii","StoneCalendar","Mummified Hand","Pear","Molten Egg 2"],"potions_floor_usage":[6,6,22,35,50],"damage_taken":[{"damage":14,"enemies":"2 Louse","floor":1,"turns":3},{"damage":0,"enemies":"Cultist","floor":4,"turns":4},{"damage":13,"enemies":"Gremlin Nob","floor":6,"turns":3},{"damage":0,"enemies":"Small Slimes","floor":7,"turns":3},{"damage":37,"enemies":"Hexaghost","floor":16,"turns":8},{"damage":16,"enemies":"Spheric Guardian","floor":18,"turns":4},{"damage":4,"enemies":"Shell Parasite","floor":22,"turns":4},{"damage":29,"enemies":"Book of Stabbing","floor":23,"turns":5},{"damage":18,"enemies":"3 Cultists","floor":24,"turns":4},{"damage":27,"enemies":"Slavers","floor":25,"turns":4},{"damage":14,"enemies":"Collector","floor":33,"turns":7},{"damage":13,"enemies":"Orb Walker","floor":35,"turns":4},{"damage":37,"enemies":"Mysterious Sphere","floor":36,"turns":6},{"damage":23,"enemies":"3 Darklings","floor":39,"turns":4},{"damage":3,"enemies":"Maw","floor":45,"turns":7},{"damage":37,"enemies":"2 Orb Walkers","floor":48,"turns":5},{"damage":102,"enemies":"Donu and Deca","floor":50,"turns":9}],"seed_played":"7524968846098544718","potions_obtained":[{"floor":1,"key":"AttackPotion"},{"floor":4,"key":"Poison Potion"},{"floor":18,"key":"Regen Potion"},{"floor":24,"key":"FairyPotion"},{"floor":33,"key":"SkillPotion"},{"floor":48,"key":"Dexterity Potion"}],"is_trial":false,"path_per_floor":["M","?","?","M","?","E","M","R","T","?","R","$","T","$","R","B",null,"M","?","?","$","M","E","M","E","T","?","R","$","R","?","R","B",null,"M","?","?","?","M","R","?","$","T","R","M","R","$","E","R","B"],"character_chosen":"IRONCLAD","items_purchased":["Whetstone","Lantern","Flex","Mummified Hand"],"campfire_rested":3,"item_purchase_floors":[12,21,29,42],"current_hp_per_floor":[64,53,50,56,76,76,82,82,82,61,61,61,61,61,61,30,73,63,63,63,63,77,54,42,21,21,21,47,47,73,73,73,70,83,81,55,55,77,65,87,87,87,97,97,97,97,97,71,71,23],"gold":75,"neow_bonus":"","is_prod":false,"is_daily":false,"chose_seed":false,"campfire_upgraded":7,"win_rate":0,"timestamp":1536923566,"path_taken":["M","?","?","M","?","E","?","R","T","?","R","$","?","$","R","BOSS","M","?","?","$","M","E","M","E","T","?","R","$","R","?","R","BOSS","M","?","?","?","M","R","?","$","T","R","?","R","?","E","R","BOSS"],"build_version":"2018-09-06","purchased_purges":2,"victory":true,"max_hp_per_floor":[80,80,80,80,80,87,87,87,87,87,87,87,87,87,87,87,87,87,87,87,87,87,87,87,87,87,87,87,87,87,87,87,87,87,87,87,87,87,87,87,87,87,97,97,97,97,97,97,97,97],"card_choices":[{"not_picked":["Hemokinesis","Perfected Strike"],"picked":"Iron Wave","floor":1},{"not_picked":["Twin Strike","Power Through"],"picked":"Combust","floor":4},{"not_picked":["Wild Strike","Spot Weakness"],"picked":"Inflame","floor":6},{"not_picked":["Searing Blow","Uppercut"],"picked":"Juggernaut","floor":7},{"not_picked":["Immolate","Feed"],"picked":"Barricade","floor":16},{"not_picked":["Body Slam"],"picked":"SKIP","floor":18},{"not_picked":["True Grit"],"picked":"SKIP","floor":22},{"not_picked":[],"picked":"Combust","floor":23},{"not_picked":["Hemokinesis"],"picked":"SKIP","floor":24},{"not_picked":[],"picked":"Shockwave+1","floor":25},{"not_picked":[],"picked":"Disarm","floor":35},{"not_picked":[],"picked":"True Grit+1","floor":36},{"not_picked":["Rupture"],"picked":"SKIP","floor":39},{"not_picked":["Perfected Strike"],"picked":"SKIP","floor":45},{"not_picked":["Battle Trance+1"],"picked":"SKIP","floor":48}],"player_experience":363747,"relics_obtained":[{"floor":6,"key":"Strawberry"},{"floor":9,"key":"Self Forming Clay"},{"floor":13,"key":"Smiling Mask"},{"floor":23,"key":"Orichalcum"},{"floor":25,"key":"Meat on the Bone"},{"floor":26,"key":"Potion Belt"},{"floor":34,"key":"Art of War"},{"floor":34,"key":"Pantograph"},{"floor":34,"key":"Torii"},{"floor":36,"key":"StoneCalendar"},{"floor":43,"key":"Pear"},{"floor":48,"key":"Molten Egg 2"}],"event_choices":[{"event_name":"World of Goop","player_choice":"Gather Gold","floor":2,"damage_taken":0},{"event_name":"Scrap Ooze","player_choice":"success","floor":3,"damage_taken":3},{"event_name":"The Cleric","player_choice":"Healed","floor":5,"damage_taken":0},{"event_name":"Golden Idol","player_choice":"Take Damage","floor":10,"damage_taken":0},{"event_name":"Drug Dealer","player_choice":"Inject Mutagens","floor":19,"damage_taken":0},{"event_name":"Back to Basics","player_choice":"Simplicity","floor":20,"damage_taken":0},{"event_name":"Accursed Blacksmith","player_choice":"Rummage","floor":27,"damage_taken":0},{"event_name":"Forgotten Altar","player_choice":"Gave Idol","floor":31,"damage_taken":0},{"event_name":"Mysterious Sphere","player_choice":"Fight","floor":36,"damage_taken":0},{"event_name":"Purifier","player_choice":"One Purge","floor":37,"damage_taken":0},{"event_name":"Winding Halls","player_choice":"Writhe","floor":38,"damage_taken":0},{"event_name":"Duplicator","player_choice":"One dupe","floor":41,"damage_taken":0}],"is_beta":false,"boss_relics":[{"not_picked":["Sozu","Runic Cube"],"picked":"Busted Crown"},{"not_picked":["Lizard Tail","Empty Cage"],"picked":"Calling Bell"}],"items_purged_floors":[14,29],"is_endless":false,"potions_floor_spawned":[1,4,18,24,33,48],"ascension_level":8}