{"gold_per_floor":[118,137,137,312,37,68,68,103,157,157,175,100,100,114,114,209,209,221,221,221,241,261,261,272,372,445,138,138,88,88,121,121,121],"floor_reached":33,"playtime":974,"items_purged":["Strike_R"],"score":474,"play_id":"73ce4207-b398-418e-8d23-292457e7ad0a","local_time":"20190116134230","is_ascension_mode":true,"campfire_choices":[{"data":"Whirlwind","floor":10,"key":"SMITH"},{"data":"Infernal Blade","floor":13,"key":"SMITH"},{"data":"Infernal Blade","floor":15,"key":"SMITH"},{"data":"Flex","floor":23,"key":"SMITH"},{"floor":28,"key":"REST"},{"data":"Clothesline","floor":30,"key":"SMITH"},{"floor":32,"key":"REST"}],"neow_cost":"NONE","seed_source_timestamp":80942578277200,"circlet_count":0,"master_deck":["AscendersBane","Strike_R","Strike_R","Defend_R","Defend_R","Defend_R","Defend_R","Bash","Thunderclap","Flex+1","Whirlwind+1","Shrug It Off","Infernal Blade+1","Dropkick","Infernal Blade+1","Impervious","Clothesline+1","Dropkick","Armaments+1"],"relics":["Burning Blood","NeowsBlessing","Shuriken","Regal Pillow","Potion Belt","Ancient Tea Set","Busted Crown","Pocketwatch","Blue Candle","Gremlin Horn","Thread and Needle","Omamori"],"potions_floor_usage":[8,8,16,22,31],"damage_taken":[{"damage":0,"enemies":"2 Louse","floor":1,"turns":1},{"damage":0,"enemies":"Small Slimes","floor":2,"turns":1},{"damage":0,"enemies":"Gremlin Nob","floor":6,"turns":1},{"damage":32,"enemies":"3 Sentries","floor":8,"turns":4},{"damage":0,"enemies":"Cultist","floor":11,"turns":1},{"damage":4,"enemies":"Red Slaver","floor":14,"turns":2},{"damage":56,"enemies":"The Guardian","floor":16,"turns":9},{"damage":1,"enemies":"3 Byrds","floor":18,"turns":3},{"damage":6,"enemies":"2 Thieves","floor":21,"turns":2},{"damage":12,"enemies":"Cultist and Chosen","floor":22,"turns":4},{"damage":0,"enemies":"Snecko","floor":24,"turns":3},{"damage":23,"enemies":"Colosseum Slavers","floor":25,"turns":5},{"damage":39,"enemies":"Colosseum Nobs","floor":25,"turns":5},{"damage":13,"enemies":"Book of Stabbing","floor":31,"turns":4},{"damage":84,"enemies":"Automaton","floor":33,"turns":6}],"seed_played":"3735070182318828538","potions_obtained":[{"floor":1,"key":"Regen Potion"},{"floor":6,"key":"LiquidBronze"},{"floor":11,"key":"Weak Potion"},{"floor":21,"key":"Swift Potion"},{"floor":25,"key":"SteroidPotion"}],"is_trial":false,"path_per_floor":["M","M","?","?","$","E","?","E","T","R","M","$","R","M","R","B",null,"M","?","?","M","M","R","M","?","T","$","R","?","R","E","R","B"],"character_chosen":"IRONCLAD","items_purchased":["Shuriken","Whirlwind","Thread and Needle"],"campfire_rested":2,"item_purchase_floors":[5,5,27],"current_hp_per_floor":[78,80,73,73,73,79,79,65,65,65,71,71,71,73,73,23,66,71,71,71,71,65,65,71,21,21,21,60,60,60,53,80,0],"gold":121,"neow_bonus":"THREE_ENEMY_KILL","is_prod":false,"is_daily":false,"chose_seed":false,"campfire_upgraded":5,"win_rate":0,"timestamp":1547638950,"path_taken":["M","M","?","?","$","E","?","E","T","R","?","?","R","M","R","BOSS","M","?","?","?","M","R","M","?","T","$","R","?","R","E","R","BOSS"],"build_version":"2019-01-10","purchased_purges":1,"victory":false,"max_hp_per_floor":[80,80,80,80,80,80,80,80,80,80,80,80,80,80,80,80,80,80,80,80,80,80,80,80,80,80,80,80,80,80,80,80,80],"card_choices":[{"not_picked":["Ghostly Armor","Fire Breathing"],"picked":"Thunderclap","floor":1},{"not_picked":["Bloodletting","Heavy Blade"],"picked":"Flex","floor":2},{"not_picked":["Headbutt","Sword Boomerang"],"picked":"Shrug It Off","floor":6},{"not_picked":["Iron Wave","Sword Boomerang"],"picked":"Infernal Blade","floor":8},{"not_picked":["Rage","Bludgeon"],"picked":"Dropkick","floor":11},{"not_picked":["Fire Breathing","Body Slam"],"picked":"Infernal Blade","floor":14},{"not_picked":["Fiend Fire","Immolate"],"picked":"Impervious","floor":16},{"not_picked":[],"picked":"Clothesline","floor":18},{"not_picked":["Bloodletting"],"picked":"SKIP","floor":21},{"not_picked":["Cleave+1"],"picked":"SKIP","floor":22},{"not_picked":[],"picked":"Armaments+1","floor":24},{"not_picked":["Rage"],"picked":"SKIP","floor":31}],"player_experience":483430,"relics_obtained":[{"floor":6,"key":"Regal Pillow"},{"floor":8,"key":"Potion Belt"},{"floor":9,"key":"Ancient Tea Set"},{"floor":25,"key":"Pocketwatch"},{"floor":25,"key":"Blue Candle"},{"floor":26,"key":"Gremlin Horn"},{"floor":31,"key":"Omamori"}],"event_choices":[{"cards_removed":["Strike_R"],"damage_healed":0,"gold_gain":0,"player_choice":"Card Removal","damage_taken":7,"max_hp_gain":0,"max_hp_loss":0,"event_name":"Golden Wing","floor":3,"gold_loss":0},{"damage_healed":0,"gold_gain":175,"player_choice":"AGREE","damage_taken":0,"max_hp_gain":0,"max_hp_loss":0,"event_name":"Liars Game","floor":4,"gold_loss":0,"cards_obtained":["Doubt"]},{"cards_removed":["Doubt"],"damage_healed":0,"gold_gain":0,"player_choice":"Purged","damage_taken":0,"max_hp_gain":0,"max_hp_loss":0,"event_name":"Purifier","floor":7,"gold_loss":0},{"damage_healed":0,"gold_gain":0,"player_choice":"Read","damage_taken":0,"max_hp_gain":0,"max_hp_loss":0,"event_name":"The Library","floor":19,"gold_loss":0,"cards_obtained":["Dropkick"]},{"cards_removed":["Strike_R"],"damage_healed":0,"gold_gain":0,"player_choice":"Offered Basic","damage_taken":0,"max_hp_gain":0,"max_hp_loss":0,"event_name":"Bonfire Elementals","floor":20,"gold_loss":0},{"damage_healed":0,"gold_gain":0,"player_choice":"Fight","damage_taken":0,"max_hp_gain":0,"max_hp_loss":0,"event_name":"Colosseum","floor":25,"gold_loss":0},{"damage_healed":0,"gold_gain":0,"player_choice":"Fought Nobs","damage_taken":0,"max_hp_gain":0,"max_hp_loss":0,"event_name":"Colosseum","floor":25,"gold_loss":0},{"damage_healed":0,"gold_gain":0,"player_choice":"Bet on Murderer","damage_taken":0,"max_hp_gain":0,"max_hp_loss":0,"event_name":"The Joust","floor":29,"gold_loss":50}],"is_beta":false,"boss_relics":[{"not_picked":["Sozu","Coffee Dripper"],"picked":"Busted Crown"}],"items_purged_floors":[12],"is_endless":false,"potions_floor_spawned":[1,6,11,21,25,25],"killed_by":"Automaton","ascension_level":12}