{"gold_per_floor":[118,47,63,74,91,91,118,118,167,1,29,29,40,60,60,60],"floor_reached":16,"playtime":1649,"items_purged":["Strike_G"],"score":112,"play_id":"7b078b20-a218-485c-ae17-4e6ec3f1c8a3","local_time":"20181120225544","is_ascension_mode":false,"campfire_choices":[{"data":"Sucker Punch","floor":6,"key":"SMITH"},{"data":"Neutralize","floor":8,"key":"SMITH"},{"floor":15,"key":"REST"}],"neow_cost":"NONE","seed_source_timestamp":5490557881484,"circlet_count":0,"master_deck":["Defend_G","Defend_G","Defend_G","Defend_G","Defend_G","Strike_G","Strike_G","Strike_G+1","Strike_G","Survivor+1","Neutralize+1","Sucker Punch+1","Heel Hook","Heel Hook+1","Crippling Poison","Footwork","Calculated Gamble","Blind+1","Night Terror","Flying Knee"],"relics":["Ring of the Snake","Sundial","Whetstone","War Paint"],"potions_floor_usage":[7,11,14],"damage_taken":[{"damage":3,"enemies":"Jaw Worm","floor":1,"turns":7},{"damage":0,"enemies":"2 Louse","floor":3,"turns":3},{"damage":0,"enemies":"Small Slimes","floor":4,"turns":2},{"damage":17,"enemies":"Exordium Thugs","floor":5,"turns":5},{"damage":24,"enemies":"Gremlin Nob","floor":7,"turns":4},{"damage":7,"enemies":"Lagavulin","floor":11,"turns":8},{"damage":9,"enemies":"Looter","floor":13,"turns":3},{"damage":0,"enemies":"Exordium Wildlife","floor":14,"turns":3},{"damage":42,"enemies":"Hexaghost","floor":16,"turns":9}],"seed_played":"-6438278590407878106","potions_obtained":[{"floor":3,"key":"LiquidBronze"},{"floor":7,"key":"Swift Potion"},{"floor":11,"key":"Weak Potion"},{"floor":13,"key":"Explosive Potion"}],"is_trial":false,"path_per_floor":["M","$","M","M","M","R","E","R","T","$","E","?","M","M","R","B"],"character_chosen":"THE_SILENT","items_purchased":["Heel Hook","Blind"],"campfire_rested":1,"item_purchase_floors":[2,10],"current_hp_per_floor":[74,74,74,74,57,57,33,33,33,33,26,26,17,17,40,0],"gold":60,"neow_bonus":"TEN_PERCENT_HP_BONUS","is_prod":false,"is_daily":false,"chose_seed":false,"campfire_upgraded":2,"win_rate":0,"timestamp":1542776144,"path_taken":["M","$","M","M","M","R","E","R","T","$","E","?","M","M","R","BOSS"],"build_version":"2018-11-15","purchased_purges":1,"victory":false,"max_hp_per_floor":[77,77,77,77,77,77,77,77,77,77,77,77,77,77,77,77],"card_choices":[{"not_picked":["Poisoned Stab","Blade Dance"],"picked":"Sucker Punch","floor":1},{"not_picked":["Distraction","Flying Knee"],"picked":"Heel Hook","floor":3},{"not_picked":["Flying Knee","Backflip"],"picked":"Crippling Poison","floor":4},{"not_picked":["Dagger Throw","All Out Attack"],"picked":"Footwork","floor":5},{"not_picked":["Predator","Poisoned Stab"],"picked":"Calculated Gamble","floor":7},{"not_picked":["Dagger Spray","Blade Dance"],"picked":"Night Terror","floor":11},{"not_picked":["Quick Slash","Deflect","Wraith Form v2"],"picked":"SKIP","floor":13},{"not_picked":["Poisoned Stab","Quick Slash"],"picked":"Flying Knee","floor":14}],"player_experience":147110,"relics_obtained":[{"floor":7,"key":"Sundial"},{"floor":9,"key":"Whetstone"},{"floor":11,"key":"War Paint"}],"event_choices":[{"damage_healed":0,"gold_gain":0,"player_choice":"Leave","damage_taken":0,"max_hp_gain":0,"max_hp_loss":0,"event_name":"The Cleric","floor":12,"gold_loss":0}],"is_beta":false,"boss_relics":[],"items_purged_floors":[10],"is_endless":false,"potions_floor_spawned":[3,7,11,13],"killed_by":"Hexaghost","ascension_level":0}