{"gold_per_floor":[114,126,4,4,17,17,17,49,99,115,115,140,155,76,76,178,178,188,38,38,38,38,38,65,82,132,57,67,79,79,98,98,98],"floor_reached":33,"playtime":1128,"items_purged":["Strike_G"],"score":385,"play_id":"0c378c38-785f-49fe-80e5-4045a1516608","local_time":"20181009212747","is_ascension_mode":true,"campfire_choices":[{"data":"Bouncing Flask","floor":6,"key":"SMITH"},{"floor":11,"key":"REST"},{"floor":15,"key":"REST"},{"data":"Catalyst","floor":23,"key":"SMITH"},{"data":"Noxious Fumes","floor":30,"key":"SMITH"},{"data":"Catalyst","floor":32,"key":"SMITH"}],"neow_cost":"NONE","seed_source_timestamp":389539687088200,"circlet_count":0,"master_deck":["Defend_G","Defend_G+1","Defend_G","Strike_G+1","Strike_G+1","Strike_G","Strike_G","Survivor","Neutralize","Bouncing Flask+1","Blur","Poisoned Stab","All Out Attack","Storm of Steel+1","Terror","Noxious Fumes+1","Corpse Explosion","Catalyst+1","Ghostly","Ghostly","Ghostly","Ghostly","Ghostly","Catalyst+1"],"relics":["Black Star","Snake Skull","Bronze Scales","Whetstone","Pen Nib","War Paint","Busted Crown","Juzu Bracelet","MutagenicStrength","Smiling Mask","Vajra","Bag of Marbles"],"potions_floor_usage":[8,16,33,33],"damage_taken":[{"damage":1,"enemies":"Small Slimes","floor":1,"turns":3},{"damage":1,"enemies":"Cultist","floor":2,"turns":4},{"damage":5,"enemies":"Jaw Worm","floor":5,"turns":4},{"damage":16,"enemies":"Gremlin Nob","floor":8,"turns":3},{"damage":8,"enemies":"Looter","floor":10,"turns":2},{"damage":32,"enemies":"3 Sentries","floor":12,"turns":6},{"damage":0,"enemies":"Blue Slaver","floor":13,"turns":3},{"damage":19,"enemies":"The Guardian","floor":16,"turns":7},{"damage":6,"enemies":"Shell Parasite","floor":18,"turns":4},{"damage":9,"enemies":"Book of Stabbing","floor":24,"turns":3},{"damage":4,"enemies":"2 Thieves","floor":25,"turns":3},{"damage":3,"enemies":"3 Cultists","floor":28,"turns":3},{"damage":8,"enemies":"Chosen and Byrds","floor":29,"turns":4},{"damage":3,"enemies":"Shelled Parasite and Fungi","floor":31,"turns":4},{"damage":40,"enemies":"Champ","floor":33,"turns":7}],"seed_played":"9214362028027326190","potions_obtained":[{"floor":1,"key":"FairyPotion"},{"floor":2,"key":"Poison Potion"},{"floor":13,"key":"Fruit Juice"},{"floor":24,"key":"FearPotion"},{"floor":25,"key":"SpeedPotion"}],"is_trial":false,"path_per_floor":["M","M","$","?","M","R","?","E","T","M","R","E","M","$","R","B",null,"M","$","?","$","?","R","E","M","T","?","M","M","R","M","R"],"character_chosen":"THE_SILENT","items_purchased":["Poisoned Stab","Noxious Fumes","Juzu Bracelet"],"campfire_rested":2,"item_purchase_floors":[3,14,19],"current_hp_per_floor":[69,68,68,68,63,63,63,47,47,39,60,28,28,28,49,35,75,69,69,69,69,37,37,28,24,24,24,21,13,13,10,10,0],"gold":98,"neow_bonus":"BOSS_RELIC","is_prod":false,"is_daily":false,"chose_seed":false,"campfire_upgraded":4,"win_rate":0,"timestamp":1539109667,"path_taken":["M","M","$","?","?","R","?","E","T","M","R","E","?","?","R","BOSS","M","$","?","$","?","R","E","M","T","?","M","M","R","M","R","BOSS"],"build_version":"2018-10-04v2","purchased_purges":1,"victory":false,"max_hp_per_floor":[70,70,70,70,70,70,70,70,70,70,70,70,70,70,70,75,75,75,75,75,75,37,37,37,37,37,37,37,37,37,37,37,37],"card_choices":[{"not_picked":["Blur","Deflect"],"picked":"Bouncing Flask","floor":1},{"not_picked":["Skewer","Deflect"],"picked":"Blur","floor":2},{"not_picked":["Deadly Poison","Caltrops"],"picked":"All Out Attack","floor":5},{"not_picked":["Dash","Concentrate","Eviscerate"],"picked":"SKIP","floor":8},{"not_picked":["Predator","Bane","Blade Dance"],"picked":"SKIP","floor":10},{"not_picked":["Infinite Blades","Dagger Throw"],"picked":"Storm of Steel","floor":12},{"not_picked":["Dodge and Roll","Flying Knee"],"picked":"Terror","floor":13},{"not_picked":["Bullet Time","Adrenaline"],"picked":"Corpse Explosion","floor":16},{"not_picked":[],"picked":"Catalyst","floor":18},{"not_picked":["Dagger Throw"],"picked":"SKIP","floor":24},{"not_picked":["Deadly Poison"],"picked":"SKIP","floor":25},{"not_picked":["Dagger Throw"],"picked":"SKIP","floor":28},{"not_picked":["Cloak And Dagger"],"picked":"SKIP","floor":29},{"not_picked":[],"picked":"Catalyst","floor":31}],"player_experience":427942,"relics_obtained":[{"floor":8,"key":"Snake Skull"},{"floor":8,"key":"Bronze Scales"},{"floor":9,"key":"Whetstone"},{"floor":12,"key":"Pen Nib"},{"floor":12,"key":"War Paint"},{"floor":24,"key":"Smiling Mask"},{"floor":24,"key":"Vajra"},{"floor":26,"key":"Bag of Marbles"}],"event_choices":[{"event_name":"Purifier","player_choice":"One Purge","floor":4,"damage_taken":0},{"event_name":"The Cleric","player_choice":"Leave","floor":7,"damage_taken":0},{"event_name":"Drug Dealer","player_choice":"Inject Mutagens","floor":20,"damage_taken":0},{"event_name":"Ghosts","player_choice":"Became a Ghost","floor":22,"damage_taken":0},{"event_name":"Beggar","player_choice":"Gave Gold","floor":27,"damage_taken":0}],"is_beta":false,"boss_relics":[{"not_picked":["Astrolabe","Fusion Hammer"],"picked":"Busted Crown"}],"items_purged_floors":[3],"is_endless":false,"potions_floor_spawned":[1,2,13,24,25],"killed_by":"Champ","ascension_level":4}