{"gold_per_floor":[111,130,144,160,160,160,335,335,360,310,360,360,360,385,385,488,488,502,518,551,76,76,76,76,99,151,178,178,196,196,215,215,310,310,326,326,342,342,642,670,670,688,740,491,491,59,71,89,89,89],"floor_reached":51,"playtime":1998,"items_purged":["Strike_R","Strike_R","Strike_R"],"score":741,"play_id":"970960e3-9923-43f7-8e25-6e72f22e57f6","local_time":"20190628100616","is_ascension_mode":false,"campfire_choices":[{"data":"Bash","floor":6,"key":"SMITH"},{"data":"Seeing Red","floor":8,"key":"SMITH"},{"data":"Ghostly Armor","floor":15,"key":"SMITH"},{"data":"Carnage","floor":23,"key":"SMITH"},{"data":"Defend_R","floor":28,"key":"SMITH"},{"data":"Shrug It Off","floor":32,"key":"SMITH"},{"floor":41,"key":"REST"},{"data":"True Grit","floor":45,"key":"SMITH"},{"data":"Impervious","floor":49,"key":"SMITH"}],"neow_cost":"NONE","seed_source_timestamp":3303638322949,"circlet_count":0,"master_deck":["Defend_R+1","Defend_R+1","Defend_R+1","Defend_R","Bash+1","Carnage+1","Ghostly Armor+1","Seeing Red+1","Bludgeon+1","Reaper+1","Shrug It Off+1","Intimidate+1","Armaments+1","Dramatic Entrance+1","Impervious+1","Sword Boomerang+1","Inflame","Shrug It Off+1","Offering","True Grit+1","Reaper+1","Dramatic Entrance+1","Swift Strike+1","Thinking Ahead","Anger+1","Ghostly Armor+1","Iron Wave+1","Pummel+1"],"relics":["Burning Blood","Juzu Bracelet","Pen Nib","Lantern","Regal Pillow","Pantograph","Molten Egg 2","Runic Pyramid","Red Mask","Charon\u0027s Ashes","Ancient Tea Set","Bag of Preparation","War Paint","Dodecahedron","Sozu","Letter Opener","Strawberry","Bag of Marbles","Bottled Flame"],"potions_floor_usage":[18,19,20,20,33,50],"damage_taken":[{"damage":0,"enemies":"2 Louse","floor":1,"turns":3},{"damage":1,"enemies":"Cultist","floor":2,"turns":4},{"damage":2,"enemies":"Small Slimes","floor":3,"turns":5},{"damage":0,"enemies":"Exordium Wildlife","floor":4,"turns":3},{"damage":41,"enemies":"Gremlin Nob","floor":14,"turns":5},{"damage":41,"enemies":"Hexaghost","floor":16,"turns":8},{"damage":16,"enemies":"Shell Parasite","floor":18,"turns":6},{"damage":20,"enemies":"3 Byrds","floor":19,"turns":6},{"damage":5,"enemies":"Masked Bandits","floor":20,"turns":5},{"damage":4,"enemies":"Slavers","floor":27,"turns":3},{"damage":0,"enemies":"Snake Plant","floor":29,"turns":1},{"damage":0,"enemies":"Centurion and Healer","floor":31,"turns":3},{"damage":41,"enemies":"Automaton","floor":33,"turns":12},{"damage":3,"enemies":"3 Shapes","floor":35,"turns":4},{"damage":6,"enemies":"3 Darklings","floor":37,"turns":3},{"damage":66,"enemies":"Giant Head","floor":40,"turns":9},{"damage":9,"enemies":"4 Shapes","floor":42,"turns":2},{"damage":6,"enemies":"Maw","floor":47,"turns":6},{"damage":0,"enemies":"Jaw Worm Horde","floor":48,"turns":1},{"damage":50,"enemies":"Awakened One","floor":50,"turns":13}],"seed_played":"-4772686124524090240","potions_obtained":[{"floor":1,"key":"Explosive Potion"},{"floor":2,"key":"Dexterity Potion"},{"floor":16,"key":"EssenceOfSteel"},{"floor":18,"key":"Energy Potion"},{"floor":27,"key":"Regen Potion"},{"floor":33,"key":"Fruit Juice"}],"is_trial":false,"path_per_floor":["M","M","M","M","?","R","?","R","T","?","T","?","?","E","R","B",null,"M","M","?","$","?","R","?","T","T","E","R","M","?","M","R","B",null,"M","?","M","?","?","E","R","M","T","$","R","$","M","M","R","B",null],"character_chosen":"IRONCLAD","items_purchased":["Dramatic Entrance+1","Charon\u0027s Ashes","Bag of Marbles","Bottled Flame","Iron Wave+1"],"campfire_rested":1,"item_purchase_floors":[21,21,44,46,46],"current_hp_per_floor":[80,80,80,80,80,80,80,80,80,80,80,85,85,50,50,40,85,75,67,83,83,83,83,83,83,83,85,85,85,85,85,85,62,90,90,90,90,80,80,30,72,86,93,93,93,93,97,97,97,80],"gold":89,"neow_bonus":"RANDOM_COMMON_RELIC","is_prod":false,"is_daily":false,"chose_seed":false,"campfire_upgraded":8,"win_rate":0.0,"timestamp":1561709176,"path_taken":["M","M","M","M","?","R","?","R","T","?","?","?","?","E","R","BOSS","M","M","?","$","?","R","?","?","T","E","R","M","?","M","R","BOSS","M","?","M","?","?","E","R","M","T","$","R","$","M","M","R","BOSS"],"build_version":"2019-01-23","purchased_purges":3,"victory":true,"max_hp_per_floor":[80,80,80,80,80,80,80,80,80,80,80,85,85,85,85,85,85,85,85,85,85,85,85,85,85,85,85,85,85,85,85,85,90,90,90,90,90,90,90,90,90,90,97,97,97,97,97,97,97,97],"card_choices":[{"not_picked":["Pummel","Bloodletting"],"picked":"Carnage","floor":1},{"not_picked":["Pommel Strike","Intimidate"],"picked":"Seeing Red","floor":2},{"not_picked":["Clash","Flex"],"picked":"Ghostly Armor","floor":3},{"not_picked":["Twin Strike","Hemokinesis"],"picked":"Seeing Red","floor":4},{"not_picked":["Rage","Thunderclap"],"picked":"Bludgeon","floor":14},{"not_picked":["Juggernaut","Berserk"],"picked":"Reaper+1","floor":16},{"not_picked":["Disarm+1","Perfected Strike+1"],"picked":"Shrug It Off+1","floor":18},{"not_picked":["Second Wind","Flex"],"picked":"Intimidate+1","floor":19},{"not_picked":["Anger+1","Corruption"],"picked":"Armaments+1","floor":20},{"not_picked":["Clash+1","Sword Boomerang+1","Body Slam+1"],"picked":"SKIP","floor":27},{"not_picked":["Shrug It Off","Inflame"],"picked":"Impervious","floor":29},{"not_picked":["Uppercut+1","Body Slam+1"],"picked":"Shrug It Off","floor":31},{"not_picked":["Berserk","Impervious"],"picked":"Offering","floor":33},{"not_picked":["Disarm","Armaments+1"],"picked":"True Grit","floor":35},{"not_picked":["Hemokinesis+1","Pommel Strike+1","Warcry"],"picked":"SKIP","floor":37},{"not_picked":["Impatience","Purity"],"picked":"Dramatic Entrance+1","floor":38},{"not_picked":["Secret Technique","Forethought"],"picked":"Swift Strike+1","floor":38},{"not_picked":["Forethought","PanicButton"],"picked":"Thinking Ahead","floor":38},{"not_picked":["Clash+1","Carnage+1"],"picked":"Anger+1","floor":40},{"not_picked":["Disarm+1","Twin Strike+1"],"picked":"Ghostly Armor+1","floor":42},{"not_picked":["Reckless Charge+1","Battle Trance+1"],"picked":"Pummel+1","floor":47},{"not_picked":["Armaments+1","Headbutt+1","Clothesline+1"],"picked":"SKIP","floor":48}],"player_experience":1456,"relics_obtained":[{"floor":9,"key":"Lantern"},{"floor":11,"key":"Regal Pillow"},{"floor":14,"key":"Molten Egg 2"},{"floor":20,"key":"Red Mask"},{"floor":25,"key":"Bag of Preparation"},{"floor":26,"key":"War Paint"},{"floor":27,"key":"Dodecahedron"},{"floor":40,"key":"Letter Opener"},{"floor":43,"key":"Strawberry"}],"event_choices":[{"cards_removed":["Seeing Red"],"damage_healed":0,"gold_gain":0,"player_choice":"Gave Card","damage_taken":0,"relics_obtained":["Pen Nib"],"max_hp_gain":0,"max_hp_loss":0,"event_name":"WeMeetAgain","floor":5,"gold_loss":0},{"damage_healed":0,"gold_gain":175,"player_choice":"AGREE","damage_taken":0,"max_hp_gain":0,"max_hp_loss":0,"event_name":"Liars Game","floor":7,"gold_loss":0,"cards_obtained":["Doubt"]},{"cards_removed":["Doubt"],"damage_healed":0,"gold_gain":0,"player_choice":"Card Removal","damage_taken":0,"max_hp_gain":0,"max_hp_loss":0,"event_name":"The Cleric","floor":10,"gold_loss":50},{"damage_healed":0,"gold_gain":0,"player_choice":"Donut","damage_taken":0,"max_hp_gain":5,"max_hp_loss":0,"event_name":"Big Fish","floor":12,"gold_loss":0},{"damage_healed":0,"gold_gain":0,"player_choice":"Searched \u00272\u0027 times","damage_taken":0,"relics_obtained":["Pantograph"],"max_hp_gain":0,"max_hp_loss":0,"event_name":"Dead Adventurer","floor":13,"gold_loss":0},{"damage_healed":0,"gold_gain":0,"player_choice":"Fought Bandits","damage_taken":0,"max_hp_gain":0,"max_hp_loss":0,"event_name":"Masked Bandits","floor":20,"gold_loss":0},{"damage_healed":0,"gold_gain":0,"player_choice":"Stole Relic","damage_taken":0,"relics_obtained":["Ancient Tea Set"],"max_hp_gain":0,"max_hp_loss":0,"event_name":"Addict","floor":22,"gold_loss":0,"cards_obtained":["Shame"]},{"cards_removed":["Shame"],"damage_healed":0,"gold_gain":0,"player_choice":"Elegance","damage_taken":0,"max_hp_gain":0,"max_hp_loss":0,"event_name":"Back to Basics","floor":24,"gold_loss":0},{"damage_healed":0,"gold_gain":0,"cards_transformed":["Strike_R","Strike_R"],"player_choice":"Became Test Subject","damage_taken":0,"max_hp_gain":0,"max_hp_loss":0,"event_name":"Drug Dealer","floor":30,"gold_loss":0,"cards_obtained":["Sword Boomerang","Inflame"]},{"damage_healed":0,"gold_gain":0,"player_choice":"1 cards matched","damage_taken":0,"max_hp_gain":0,"max_hp_loss":0,"event_name":"Match and Keep!","floor":36,"gold_loss":0,"cards_obtained":["Reaper"]},{"damage_healed":0,"gold_gain":0,"player_choice":"Memory 3","damage_taken":10,"max_hp_gain":0,"max_hp_loss":0,"event_name":"SensoryStone","floor":38,"gold_loss":0},{"damage_healed":0,"gold_gain":300,"player_choice":"Gold","damage_taken":0,"max_hp_gain":0,"max_hp_loss":0,"event_name":"Wheel of Change","floor":39,"gold_loss":0}],"is_beta":false,"boss_relics":[{"not_picked":["Calling Bell","Runic Cube"],"picked":"Runic Pyramid"},{"not_picked":["Black Blood","Eternal Feather"],"picked":"Sozu"}],"items_purged_floors":[21,44,46],"is_endless":false,"potions_floor_spawned":[1,2,16,18,27,33,42],"ascension_level":0}