{"gold_per_floor":[110,110,130,130,55,94,94,129,129,129,153,153,153,176,176,270,270,291,304,219,219],"floor_reached":21,"playtime":630,"items_purged":["Strike_R"],"score":350,"play_id":"68ac4810-da04-4de1-a538-de02317f4348","local_time":"20190414181922","is_ascension_mode":true,"campfire_choices":[{"floor":7,"key":"RECALL"},{"data":"Enlightenment","floor":10,"key":"SMITH"},{"data":"Juggernaut","floor":15,"key":"SMITH"}],"neow_cost":"NONE","seed_source_timestamp":36931438640100,"circlet_count":0,"master_deck":["AscendersBane","Strike_R","Strike_R","Strike_R","Strike_R","Defend_R","Defend_R","Defend_R","Defend_R","Bash","Spot Weakness","Inflame","Enlightenment+1","Juggernaut+1","Shrug It Off","Feed","Clothesline","Juggernaut","Iron Wave","Iron Wave+1"],"relics":["Burning Blood","NeowsBlessing","Golden Idol","Mercury Hourglass","Pen Nib","Darkstone Periapt","Bag of Marbles","White Beast Statue","Thread and Needle"],"potions_floor_usage":[16,16,19,21],"damage_taken":[{"damage":0,"enemies":"Jaw Worm","floor":1,"turns":1},{"damage":0,"enemies":"Small Slimes","floor":3,"turns":1},{"damage":0,"enemies":"3 Sentries","floor":6,"turns":2},{"damage":25,"enemies":"Lagavulin","floor":8,"turns":7},{"damage":1,"enemies":"Cultist","floor":11,"turns":4},{"damage":1,"enemies":"Exordium Thugs","floor":14,"turns":3},{"damage":59,"enemies":"Slime Boss","floor":16,"turns":12},{"damage":33,"enemies":"3 Byrds","floor":18,"turns":5},{"damage":13,"enemies":"Shell Parasite","floor":19,"turns":5},{"damage":41,"enemies":"Masked Bandits","floor":21,"turns":4}],"seed_played":"6903703096714552291","potions_obtained":[{"floor":6,"key":"GamblersBrew"},{"floor":14,"key":"SkillPotion"},{"floor":18,"key":"Dexterity Potion"},{"floor":19,"key":"SteroidPotion"}],"is_trial":false,"path_per_floor":["M","?","M","?","$","E","R","E","T","R","M","T","?","M","R","B",null,"M","M","?","?"],"character_chosen":"IRONCLAD","items_purchased":[],"campfire_rested":0,"item_purchase_floors":[],"current_hp_per_floor":[78,58,64,64,64,70,70,51,51,51,56,56,56,64,64,14,68,44,40,40,0],"gold":219,"neow_bonus":"THREE_ENEMY_KILL","is_prod":false,"is_daily":false,"chose_seed":false,"campfire_upgraded":2,"win_rate":0,"timestamp":1555255162,"path_taken":["M","?","M","?","$","E","R","E","T","R","?","?","?","M","R","BOSS","M","M","?","?"],"build_version":"2019-01-23","purchased_purges":1,"victory":false,"max_hp_per_floor":[80,80,80,80,80,80,80,80,80,80,80,80,80,83,83,86,86,89,92,92,92],"card_choices":[{"not_picked":["Twin Strike","Pommel Strike"],"picked":"Spot Weakness","floor":1},{"not_picked":["Burning Pact","Reckless Charge"],"picked":"Inflame","floor":3},{"not_picked":["Carnage","Iron Wave"],"picked":"Juggernaut","floor":6},{"not_picked":["Wild Strike","Pommel Strike"],"picked":"Shrug It Off","floor":8},{"not_picked":["Body Slam","Evolve"],"picked":"Feed","floor":11},{"not_picked":["Clash","Entrench"],"picked":"Clothesline","floor":14},{"not_picked":["Offering","Bludgeon"],"picked":"Juggernaut","floor":16},{"not_picked":["Warcry","Twin Strike+1"],"picked":"Iron Wave","floor":18},{"not_picked":["Rage+1","Uppercut"],"picked":"Iron Wave+1","floor":19}],"player_experience":546067,"relics_obtained":[{"floor":6,"key":"Mercury Hourglass"},{"floor":8,"key":"Pen Nib"},{"floor":12,"key":"Darkstone Periapt"}],"event_choices":[{"damage_healed":0,"gold_gain":0,"player_choice":"Take Damage","damage_taken":20,"relics_obtained":["Golden Idol"],"max_hp_gain":0,"max_hp_loss":0,"event_name":"Golden Idol","floor":2,"gold_loss":0},{"damage_healed":0,"gold_gain":0,"player_choice":"1 cards matched","damage_taken":0,"max_hp_gain":0,"max_hp_loss":0,"event_name":"Match and Keep!","floor":4,"gold_loss":0,"cards_obtained":["Enlightenment"]},{"damage_healed":0,"gold_gain":0,"player_choice":"Searched \u00272\u0027 times","damage_taken":0,"relics_obtained":["Bag of Marbles"],"max_hp_gain":0,"max_hp_loss":0,"event_name":"Dead Adventurer","floor":13,"gold_loss":0},{"damage_healed":0,"gold_gain":0,"player_choice":"Obtained Relic","damage_taken":0,"relics_obtained":["Thread and Needle"],"max_hp_gain":0,"max_hp_loss":0,"event_name":"Addict","floor":20,"gold_loss":85},{"damage_healed":0,"gold_gain":0,"player_choice":"Fought Bandits","damage_taken":0,"max_hp_gain":0,"max_hp_loss":0,"event_name":"Masked Bandits","floor":21,"gold_loss":0}],"is_beta":false,"boss_relics":[{"not_picked":["Coffee Dripper","Black Star"],"picked":"White Beast Statue"}],"items_purged_floors":[5],"is_endless":false,"potions_floor_spawned":[6,14,18,19],"killed_by":"Masked Bandits","ascension_level":13}