{"path_per_floor":["M","M","M","?","?","R","E","R","T","$","R","$","M","T","R"],"character_chosen":"DEFECT","items_purchased":["Self Repair","Conserve Battery+1"],"gold_per_floor":[111,131,142,142,92,92,135,135,135,25,25,0,24,49,49,49],"floor_reached":16,"campfire_rested":3,"playtime":486,"item_purchase_floors":[10,12],"current_hp_per_floor":[37,22,18,18,18,40,18,40,40,40,40,40,8,8,30,0],"items_purged":["Defend_B"],"gold":49,"score":108,"play_id":"111dfb6b-8a97-41b2-84fe-73d4f49aba2c","local_time":"20180614105459","is_prod":false,"is_daily":false,"chose_seed":false,"is_ascension_mode":true,"campfire_upgraded":1,"win_rate":0,"timestamp":1528962899,"campfire_choices":[{"floor":6,"key":"REST"},{"floor":8,"key":"REST"},{"data":"Fusion","floor":11,"key":"SMITH"},{"floor":15,"key":"REST"}],"path_taken":["M","?","?","?","?","R","E","R","T","$","R","?","M","?","R","BOSS"],"build_version":"2018-06-07v3","seed_source_timestamp":10821404422920,"purchased_purges":1,"victory":false,"master_deck":["Strike_B","Strike_B","Strike_B","Defend_B","Zap","Dualcast","Gash","Gash","Fusion+1","Injury","Melter","Self Repair","Conserve Battery+1","Fission+1"],"max_hp_per_floor":[75,75,75,75,75,75,75,75,75,75,75,75,75,75,75,75],"relics":["Cracked Core","Golden Idol","Toxic Egg 2","Darkstone Periapt","Bag of Marbles"],"card_choices":[{"not_picked":["Rebound","Auto Shields"],"picked":"Gash","floor":1},{"not_picked":["Leap","Ball Lightning"],"picked":"Gash","floor":2},{"not_picked":["Scrape","Sweeping Beam"],"picked":"Fusion","floor":3},{"not_picked":["Compile Driver","Barrage"],"picked":"Melter","floor":7},{"not_picked":["Sunder","Sweeping Beam"],"picked":"Fission+1","floor":13}],"player_experience":258549,"potions_floor_usage":[7,7,7,16,16],"damage_taken":[{"damage":1,"enemies":"Cultist","floor":1,"turns":3},{"damage":15,"enemies":"Small Slimes","floor":2,"turns":3},{"damage":4,"enemies":"Jaw Worm","floor":3,"turns":3},{"damage":22,"enemies":"3 Sentries","floor":7,"turns":6},{"damage":39,"enemies":"Exordium Thugs","floor":13,"turns":4},{"damage":32,"enemies":"Hexaghost","floor":16,"turns":8}],"relics_obtained":[{"floor":7,"key":"Toxic Egg 2"},{"floor":9,"key":"Darkstone Periapt"},{"floor":14,"key":"Bag of Marbles"}],"event_choices":[{"event_name":"Golden Idol","player_choice":"Take Wound","floor":4,"damage_taken":0},{"event_name":"The Cleric","player_choice":"Card Removal","floor":5,"damage_taken":0}],"boss_relics":[],"items_purged_floors":[10],"potions_floor_spawned":[3,13],"seed_played":"-7409413063804794828","killed_by":"Hexaghost","ascension_level":2,"potions_obtained":[{"floor":3,"key":"EntropicBrew"},{"floor":13,"key":"FearPotion"}],"is_trial":false}