{"path_per_floor":["M","?","T","?","M","E","?","R","T","M","?","M","M","M","R","B",null,"M","M","M","M","M"],"character_chosen":"IRONCLAD","items_purchased":[],"gold_per_floor":[115,115,115,115,140,184,184,184,184,203,203,221,246,261,261,392,392,417,435,453,476,489],"floor_reached":23,"campfire_rested":0,"playtime":1162,"current_hp_per_floor":[80,80,80,60,66,72,72,72,72,78,78,84,88,92,92,96,96,91,89,51,43,46],"items_purged":[],"gold":489,"score":246,"play_id":"3864fe26-9d33-4355-b40b-127deb2e504f","local_time":"20180319204844","is_prod":false,"is_daily":false,"is_ascension_mode":false,"campfire_upgraded":2,"timestamp":1521485324,"path_taken":["M","?","?","?","?","E","?","R","T","M","?","?","M","M","R","BOSS","M","?","M","M","?","E"],"build_version":"2018-03-15v3","purchased_purges":0,"victory":false,"master_deck":["Strike_R","Strike_R","Strike_R","Strike_R","Strike_R","Defend_R","Defend_R","Defend_R","Defend_R","Bash","Rampage","Heavy Blade","Feed+1","Pummel+1","Feel No Pain+1","Sword Boomerang","Flex","Juggernaut+1","Pain","Writhe","Decay","Flex","Battle Trance+1","Flex","Exhume","Pommel Strike"],"max_hp_per_floor":[80,80,80,80,80,80,80,80,80,80,80,84,88,92,92,96,96,96,96,96,96,100],"relics":["Burning Blood","NeowsBlessing","Bird Faced Urn","Golden Idol","Ancient Tea Set","Frozen Egg 2","Vajra","Spirit Poop","Calling Bell","Du-Vu Doll","Prayer Wheel","Darkstone Periapt"],"card_choices":[{"not_picked":["Second Wind","Corruption"],"picked":"Rampage"},{"not_picked":["Anger","Twin Strike"],"picked":"Heavy Blade"},{"not_picked":["Wild Strike","Perfected Strike"],"picked":"Feed"},{"not_picked":["Dropkick","Anger"],"picked":"Pummel"},{"not_picked":["Perfected Strike","True Grit"],"picked":"Feel No Pain"},{"not_picked":["Iron Wave","Clash"],"picked":"Sword Boomerang"},{"not_picked":["Evolve","True Grit"],"picked":"Flex"},{"not_picked":["Barricade","Offering"],"picked":"Juggernaut"},{"not_picked":["Evolve","Pommel Strike"],"picked":"Flex"},{"not_picked":["Shrug It Off","Clash"],"picked":"Battle Trance"},{"not_picked":["Battle Trance","Twin Strike"],"picked":"Flex"},{"not_picked":["Flex","Wild Strike"],"picked":"Exhume"},{"not_picked":["Flex","Wild Strike"],"picked":"Pommel Strike"}],"player_experience":102466,"potions_floor_usage":[16,19,21,22],"damage_taken":[{"damage":0,"enemies":"Jaw Worm","floor":1,"turns":1},{"damage":0,"enemies":"Cultist","floor":5,"turns":1},{"damage":0,"enemies":"Gremlin Nob","floor":6,"turns":1},{"damage":0,"enemies":"Small Slimes","floor":10,"turns":2},{"damage":1,"enemies":"Exordium Wildlife","floor":12,"turns":3},{"damage":0,"enemies":"Large Slime","floor":13,"turns":5},{"damage":4,"enemies":"Gremlin Gang","floor":14,"turns":3},{"damage":5,"enemies":"Slime Boss","floor":16,"turns":7},{"damage":13,"enemies":"Chosen","floor":18,"turns":5},{"damage":12,"enemies":"Spheric Guardian","floor":19,"turns":3},{"damage":48,"enemies":"Centurion and Healer","floor":20,"turns":5},{"damage":23,"enemies":"Sentry and Sphere","floor":21,"turns":4},{"damage":9,"enemies":"3 Cultists","floor":22,"turns":4},{"damage":47,"enemies":"Gremlin Leader","floor":23,"turns":2}],"event_choices":[{"event_name":"Purifier","player_choice":"Skipped","floor":2,"damage_taken":0},{"event_name":"Golden Idol","player_choice":"Take Damage","floor":4,"damage_taken":0},{"event_name":"Big Fish","player_choice":"Box","floor":7,"damage_taken":0},{"event_name":"Bonfire Elementals","player_choice":"CURSE","floor":11,"damage_taken":0}],"boss_relics":[{"not_picked":["Velvet Choker","Astrolabe"],"picked":"Calling Bell"}],"potions_floor_spawned":[1,5,6,16,20,21,22],"seed_played":"-8938977920132404793","killed_by":"Gremlin Leader","ascension_level":0,"is_trial":false}