{"gold_per_floor":[111,1,1,14,38,67,97,129,193,205],"floor_reached":10,"playtime":237,"items_purged":["Strike_B"],"score":82,"play_id":"2121cc79-b697-4871-b50a-93eb985ccdfb","local_time":"20181022112156","is_ascension_mode":true,"campfire_choices":[],"neow_cost":"NONE","seed_source_timestamp":11526238117600,"circlet_count":0,"master_deck":["Strike_B+1","Strike_B","Strike_B","Defend_B","Defend_B","Defend_B","Defend_B","Zap","Dualcast","Core Surge","Doom and Gloom+1","Capacitor","Barrage","Defragment","Darkness"],"relics":["Cracked Core","Happy Flower","MawBank","Centennial Puzzle"],"potions_floor_usage":[6,8,10],"damage_taken":[{"damage":0,"enemies":"Cultist","floor":1,"turns":2},{"damage":10,"enemies":"Small Slimes","floor":4,"turns":2},{"damage":16,"enemies":"Gremlin Nob","floor":6,"turns":3},{"damage":4,"enemies":"Jaw Worm","floor":7,"turns":4},{"damage":26,"enemies":"Exordium Thugs","floor":8,"turns":3},{"damage":10,"enemies":"Red Slaver","floor":10,"turns":1}],"seed_played":"2268438127111687779","potions_obtained":[{"floor":4,"key":"Fire Potion"},{"floor":6,"key":"Weak Potion"},{"floor":8,"key":"Weak Potion"}],"is_trial":false,"path_per_floor":["M","$","?","M","T","E","M","M","T"],"character_chosen":"DEFECT","items_purchased":["Capacitor"],"campfire_rested":0,"item_purchase_floors":[2],"current_hp_per_floor":[75,75,60,50,50,34,30,4,4,0],"gold":205,"neow_bonus":"ONE_RANDOM_RARE_CARD","is_prod":false,"is_daily":false,"chose_seed":false,"campfire_upgraded":0,"win_rate":0,"timestamp":1540196516,"path_taken":["M","?","?","?","?","E","M","?","T","M"],"build_version":"2018-10-18","purchased_purges":1,"victory":false,"max_hp_per_floor":[75,75,75,75,75,75,75,75,75,75],"card_choices":[{"not_picked":["Steam","Coolheaded"],"picked":"Doom and Gloom","floor":1},{"not_picked":["Gash","Turbo"],"picked":"Barrage","floor":4},{"not_picked":["Genetic Algorithm","Loop"],"picked":"Defragment","floor":6},{"not_picked":["Storm","Turbo"],"picked":"Darkness","floor":7},{"not_picked":["Streamline","Static Discharge","Reprogram"],"picked":"SKIP","floor":8}],"player_experience":447773,"relics_obtained":[{"floor":5,"key":"Happy Flower"},{"floor":6,"key":"MawBank"},{"floor":9,"key":"Centennial Puzzle"}],"event_choices":[{"damage_healed":0,"gold_gain":0,"player_choice":"Entered Light","damage_taken":15,"max_hp_gain":0,"max_hp_loss":0,"event_name":"Shining Light","floor":3,"gold_loss":0,"cards_upgraded":["Doom and Gloom","Strike_B"]}],"is_beta":false,"boss_relics":[],"items_purged_floors":[2],"is_endless":false,"potions_floor_spawned":[4,6,8],"killed_by":"Red Slaver","ascension_level":4}