{"gold_per_floor":[111,43,43,58,75,109,109,127,127,158,158,128,128,146,146,243,243,257,172,206,54,0,28,28,43,43,43,43],"floor_reached":28,"playtime":1742,"items_purged":["Strike_G"],"score":256,"play_id":"8609bc66-41da-4118-aabc-70746260b7c6","local_time":"20190713105356","is_ascension_mode":true,"campfire_choices":[{"data":"Neutralize","floor":7,"key":"SMITH"},{"floor":13,"key":"REST"},{"floor":15,"key":"REST"},{"data":"Malaise","floor":24,"key":"SMITH"}],"neow_cost":"NONE","seed_source_timestamp":1359284369106952,"circlet_count":0,"master_deck":["Strike_G","Defend_G","Defend_G","Defend_G","Defend_G","Defend_G","Survivor","Neutralize+1","All Out Attack","Skewer","Poisoned Stab","Noxious Fumes","Catalyst","Riddle With Holes","Well Laid Plans","Parasite","Riddle With Holes","Malaise+1","Dodge and Roll","Dash","Footwork","Burst","Prepared","Decay"],"relics":["Ring of the Snake","NeowsBlessing","Torii","StoneCalendar","Paper Crane","Empty Cage","Pantograph","Red Mask","Molten Egg 2","Dodecahedron","Shuriken"],"potions_floor_usage":[5,6,16,20,25,28,28],"damage_taken":[{"damage":0,"enemies":"Jaw Worm","floor":1,"turns":1},{"damage":0,"enemies":"Cultist","floor":4,"turns":1},{"damage":0,"enemies":"2 Louse","floor":5,"turns":1},{"damage":18,"enemies":"Gremlin Nob","floor":6,"turns":5},{"damage":14,"enemies":"Large Slime","floor":8,"turns":6},{"damage":26,"enemies":"Lagavulin","floor":10,"turns":6},{"damage":10,"enemies":"Exordium Thugs","floor":14,"turns":5},{"damage":59,"enemies":"Hexaghost","floor":16,"turns":9},{"damage":24,"enemies":"Shell Parasite","floor":18,"turns":6},{"damage":8,"enemies":"Masked Bandits","floor":20,"turns":4},{"damage":9,"enemies":"Gremlin Leader","floor":23,"turns":7},{"damage":20,"enemies":"Spheric Guardian","floor":25,"turns":6},{"damage":18,"enemies":"3 Cultists","floor":28,"turns":6}],"seed_played":"-6787534066320984884","potions_obtained":[{"floor":1,"key":"SteroidPotion"},{"floor":4,"key":"Fruit Juice"},{"floor":8,"key":"Dexterity Potion"},{"floor":12,"key":"Regen Potion"},{"floor":12,"key":"Ancient Potion"},{"floor":18,"key":"Fire Potion"},{"floor":20,"key":"GhostInAJar"},{"floor":25,"key":"Block Potion"}],"is_trial":false,"path_per_floor":["M","$","?","M","M","E","R","M","T","E","?","?","R","M","R","B",null,"M","?","?","$","?","E","R","M","T","?","M"],"character_chosen":"THE_SILENT","items_purchased":["Skewer","Footwork"],"campfire_rested":2,"item_purchase_floors":[2,21],"current_hp_per_floor":[70,70,70,70,75,57,57,43,43,17,35,35,57,47,69,22,75,51,51,43,43,43,34,34,14,14,14,0],"gold":43,"neow_bonus":"THREE_ENEMY_KILL","is_prod":false,"is_daily":false,"chose_seed":false,"campfire_upgraded":2,"win_rate":0,"timestamp":1563033236,"path_taken":["M","$","?","M","?","E","R","M","T","E","?","?","R","M","R","BOSS","M","?","?","$","?","E","R","?","T","?","M"],"build_version":"2019-07-05","purchased_purges":1,"victory":false,"max_hp_per_floor":[70,70,70,70,75,75,75,75,75,75,75,75,75,75,75,75,75,75,75,75,75,75,75,75,75,75,75,75],"card_choices":[{"not_picked":["Terror","Predator"],"picked":"All Out Attack","floor":1},{"not_picked":["Blade Dance","Deadly Poison"],"picked":"Poisoned Stab","floor":4},{"not_picked":["Escape Plan","Bane"],"picked":"Noxious Fumes","floor":5},{"not_picked":["Heel Hook","Tools of the Trade"],"picked":"Catalyst","floor":6},{"not_picked":["Distraction","Blade Dance"],"picked":"Riddle With Holes","floor":8},{"not_picked":["Distraction","Flying Knee"],"picked":"Well Laid Plans","floor":10},{"not_picked":["Underhanded Strike","Accuracy"],"picked":"Riddle With Holes","floor":14},{"not_picked":["Doppelganger","Storm of Steel"],"picked":"Malaise","floor":16},{"not_picked":["Acrobatics","Quick Slash+1"],"picked":"Dodge and Roll","floor":18},{"not_picked":["Quick Slash","A Thousand Cuts"],"picked":"Dash","floor":20},{"not_picked":["Blade Dance","Underhanded Strike+1"],"picked":"Burst","floor":23},{"not_picked":["Deflect+1","Blade Dance"],"picked":"Prepared","floor":25}],"player_experience":330713,"relics_obtained":[{"floor":6,"key":"Torii"},{"floor":9,"key":"StoneCalendar"},{"floor":10,"key":"Paper Crane"},{"floor":20,"key":"Red Mask"},{"floor":23,"key":"Dodecahedron"},{"floor":26,"key":"Shuriken"}],"event_choices":[{"cards_removed":["Strike_G"],"damage_healed":0,"gold_gain":0,"player_choice":"Offered Basic","damage_taken":0,"max_hp_gain":0,"max_hp_loss":0,"event_name":"Bonfire Elementals","floor":3,"gold_loss":0},{"damage_healed":18,"gold_gain":0,"player_choice":"Healed and dodged fight","damage_taken":0,"max_hp_gain":0,"max_hp_loss":0,"event_name":"Mushrooms","floor":11,"gold_loss":0,"cards_obtained":["Parasite"]},{"damage_healed":0,"gold_gain":0,"player_choice":"Bought 2 Potions","damage_taken":0,"max_hp_gain":0,"max_hp_loss":0,"event_name":"The Woman in Blue","floor":12,"gold_loss":0},{"damage_healed":0,"gold_gain":0,"player_choice":"Obtained Relic","damage_taken":0,"relics_obtained":["Pantograph"],"max_hp_gain":0,"max_hp_loss":0,"event_name":"Addict","floor":19,"gold_loss":85},{"damage_healed":0,"gold_gain":0,"player_choice":"Fought Bandits","damage_taken":0,"max_hp_gain":0,"max_hp_loss":0,"event_name":"Masked Bandits","floor":20,"gold_loss":0},{"damage_healed":0,"gold_gain":0,"player_choice":"Paid Gold","damage_taken":0,"relics_obtained":["Molten Egg 2"],"max_hp_gain":0,"max_hp_loss":0,"event_name":"WeMeetAgain","floor":22,"gold_loss":54},{"damage_healed":0,"gold_gain":0,"player_choice":"Smashed Altar","damage_taken":0,"max_hp_gain":0,"max_hp_loss":0,"event_name":"Forgotten Altar","floor":27,"gold_loss":0,"cards_obtained":["Decay"]}],"is_beta":false,"boss_relics":[{"not_picked":["Orrery","Calling Bell"],"picked":"Empty Cage"}],"items_purged_floors":[21],"is_endless":false,"potions_floor_spawned":[1,4,8,18,20,25],"killed_by":"3 Cultists","ascension_level":1}