{"path_per_floor":["M","?","$","?","?","E","M","$","T","?","?","M","M","M","R","B",null,"M","M","?"],"character_chosen":"IRONCLAD","items_purchased":["Searing Blow","Ancient Tea Set","Self Forming Clay"],"gold_per_floor":[361,311,88,263,263,298,313,53,53,53,53,68,84,101,101,204,204,215,232,232],"floor_reached":21,"campfire_rested":0,"playtime":1462,"current_hp_per_floor":[78,78,78,78,71,42,56,56,56,56,56,61,67,73,73,7,80,49,34,19],"items_purged":[],"gold":232,"score":179,"play_id":"878f0745-9c40-4efe-b600-61b896db703a","local_time":"20180319211340","is_prod":false,"is_daily":false,"is_ascension_mode":false,"campfire_upgraded":1,"timestamp":1521486820,"path_taken":["M","?","$","?","?","E","?","?","T","?","?","M","M","M","R","BOSS","M","M","?","M"],"build_version":"2018-03-15v3","purchased_purges":0,"victory":false,"master_deck":["Strike_R","Strike_R","Strike_R","Strike_R","Strike_R","Defend_R","Defend_R","Defend_R","Defend_R","Bash+1","Shrug It Off","Searing Blow","Reaper","Iron Wave+1","Cleave","Cleave","Thunderclap","Demon Form","Dropkick","Headbutt","Flex","Uppercut","Feel No Pain","Sword Boomerang+1","Spot Weakness"],"max_hp_per_floor":[80,80,80,80,80,80,80,80,80,80,80,80,80,80,80,80,80,80,80,85],"relics":["Burning Blood","Ancient Tea Set","Gremlin Horn","Self Forming Clay","Ginger","Calipers","Orrery"],"card_choices":[{"not_picked":["Wild Strike","Dual Wield"],"picked":"Shrug It Off"},{"not_picked":["Armaments","Reckless Charge"],"picked":"Reaper"},{"not_picked":["True Grit","Wild Strike"],"picked":"Iron Wave"},{"not_picked":["Havoc","Juggernaut"],"picked":"Cleave"},{"not_picked":["Dual Wield","Rampage"],"picked":"Cleave"},{"not_picked":["Warcry","True Grit"],"picked":"Thunderclap"},{"not_picked":["Dark Embrace","Juggernaut"],"picked":"Demon Form"},{"not_picked":["Perfected Strike","Spot Weakness"],"picked":"Dropkick"},{"not_picked":["Reckless Charge","Dual Wield"],"picked":"Headbutt"},{"not_picked":["Corruption","Pommel Strike"],"picked":"Flex"},{"not_picked":["Clash","Body Slam"],"picked":"Uppercut"},{"not_picked":["Entrench","True Grit"],"picked":"Feel No Pain"},{"not_picked":["Carnage","Clash"],"picked":"Sword Boomerang"},{"not_picked":["Second Wind","Armaments"],"picked":"Spot Weakness"}],"player_experience":103628,"potions_floor_usage":[7,14,16,19],"damage_taken":[{"damage":8,"enemies":"2 Louse","floor":1,"turns":2},{"damage":35,"enemies":"3 Sentries","floor":6,"turns":10},{"damage":0,"enemies":"Small Slimes","floor":7,"turns":3},{"damage":1,"enemies":"Cultist","floor":12,"turns":4},{"damage":8,"enemies":"Large Slime","floor":13,"turns":4},{"damage":0,"enemies":"Blue Slaver","floor":14,"turns":3},{"damage":76,"enemies":"The Guardian","floor":16,"turns":16},{"damage":37,"enemies":"Shell Parasite","floor":18,"turns":8},{"damage":31,"enemies":"2 Thieves","floor":19,"turns":4},{"damage":22,"enemies":"Centurion and Healer","floor":21,"turns":2}],"event_choices":[{"event_name":"The Cleric","player_choice":"Card Removal","floor":2,"damage_taken":0},{"event_name":"Liars Game","player_choice":"agreed","floor":4,"damage_taken":0},{"event_name":"Golden Wing","player_choice":"Card Removal","floor":5,"damage_taken":0},{"event_name":"Accursed Blacksmith","player_choice":"Rummage","floor":10,"damage_taken":0},{"event_name":"Living Wall","player_choice":"Grow","floor":11,"damage_taken":0},{"event_name":"Forgotten Altar","player_choice":"Shed Blood","floor":20,"damage_taken":0}],"boss_relics":[{"not_picked":["Cursed Key","Philosopher\u0027s Stone"],"picked":"Orrery"}],"potions_floor_spawned":[6,12,13,18],"seed_played":"4623118313229714671","killed_by":"Centurion and Healer","ascension_level":0,"is_trial":false}