{"path_per_floor":["M","M","?","?","?","R","T","E","T","?","M","$","R","M","R","B",null,"M","?","?","M","M"],"character_chosen":"DEFECT","items_purchased":[],"gold_per_floor":[110,120,120,120,120,120,174,201,252,252,262,187,187,199,199,298,298,318,318,349,363,375,375],"floor_reached":23,"campfire_rested":3,"playtime":721,"item_purchase_floors":[],"current_hp_per_floor":[39,37,37,19,19,45,45,31,31,24,24,24,50,49,75,36,89,89,89,51,31,14,0],"items_purged":["Regret"],"gold":375,"score":208,"play_id":"5cda7ab7-ed2a-420d-9415-202cc4b3fd10","local_time":"20180622093603","is_prod":false,"is_daily":false,"chose_seed":false,"is_ascension_mode":true,"campfire_upgraded":0,"win_rate":0,"timestamp":1529649363,"campfire_choices":[{"floor":6,"key":"REST"},{"floor":13,"key":"REST"},{"floor":15,"key":"REST"}],"path_taken":["M","?","?","?","?","R","?","E","T","?","M","$","R","M","R","BOSS","M","?","?","?","?","E"],"build_version":"2018-06-21","seed_source_timestamp":1331170333638,"purchased_purges":1,"circlet_count":0,"victory":false,"master_deck":["Strike_B","Strike_B+1","Defend_B","Defend_B","Defend_B","Defend_B+1","Zap+1","Dualcast","Ball Lightning","Sweeping Beam+1","Undo+1","Conserve Battery+1","Echo Form","Leap+1"],"max_hp_per_floor":[89,89,89,89,89,89,89,89,89,89,89,89,89,89,89,89,89,89,89,89,89,89,89],"relics":["Cracked Core","Toxic Egg 2","Potion Belt","Dodecahedron","Whetstone","Busted Crown","Red Mask"],"card_choices":[{"not_picked":["Cold Snap","Barrage","White Noise"],"picked":"SKIP","floor":1},{"not_picked":["Darkness","Reprogram"],"picked":"Ball Lightning","floor":2},{"not_picked":["Reprogram+1","Rip and Tear"],"picked":"Sweeping Beam","floor":8},{"not_picked":["Glacier+1","Hologram+1"],"picked":"Undo+1","floor":11},{"not_picked":["Undo+1","Coolheaded+1"],"picked":"Conserve Battery+1","floor":14},{"not_picked":["Meteor Strike","Biased Cognition"],"picked":"Echo Form","floor":16},{"not_picked":["Turbo+1"],"picked":"SKIP","floor":18},{"not_picked":["Streamline"],"picked":"SKIP","floor":21},{"not_picked":[],"picked":"Leap+1","floor":22}],"player_experience":289531,"potions_floor_usage":[8,16,16,20,20,22,23],"damage_taken":[{"damage":6,"enemies":"Cultist","floor":1,"turns":3},{"damage":2,"enemies":"Jaw Worm","floor":2,"turns":3},{"damage":14,"enemies":"Gremlin Nob","floor":8,"turns":3},{"damage":0,"enemies":"Small Slimes","floor":11,"turns":2},{"damage":1,"enemies":"2 Fungi Beasts","floor":14,"turns":2},{"damage":39,"enemies":"Hexaghost","floor":16,"turns":10},{"damage":0,"enemies":"Chosen","floor":18,"turns":4},{"damage":38,"floor":20,"turns":4},{"damage":20,"enemies":"2 Thieves","floor":21,"turns":3},{"damage":17,"enemies":"Chosen and Byrds","floor":22,"turns":5},{"damage":18,"enemies":"Gremlin Leader","floor":23,"turns":6}],"relics_obtained":[{"floor":7,"key":"Potion Belt"},{"floor":8,"key":"Dodecahedron"},{"floor":9,"key":"Whetstone"},{"floor":20,"key":"Red Mask"}],"event_choices":[{"event_name":"Purifier","player_choice":"One Purge","floor":3,"damage_taken":0},{"event_name":"Shining Light","player_choice":"Entered Light","floor":4,"damage_taken":0},{"event_name":"Big Fish","player_choice":"Box","floor":5,"damage_taken":0},{"event_name":"Golden Wing","player_choice":"Card Removal","floor":10,"damage_taken":0},{"event_name":"Vampires","player_choice":"Ignored","floor":19,"damage_taken":0},{"event_name":"Masked Bandits","player_choice":"Fought over 318 gold","floor":20,"damage_taken":0}],"boss_relics":[{"not_picked":["Calling Bell","Black Star"],"picked":"Busted Crown"}],"items_purged_floors":[12],"is_endless":false,"potions_floor_spawned":[2,8,11,14,18,21,22],"seed_played":"-5100287342736876987","killed_by":"Gremlin Leader","ascension_level":2,"potions_obtained":[{"floor":2,"key":"SkillPotion"},{"floor":8,"key":"Dexterity Potion"},{"floor":11,"key":"Ancient Potion"},{"floor":14,"key":"SkillPotion"},{"floor":18,"key":"Poison Potion"},{"floor":21,"key":"Ancient Potion"},{"floor":22,"key":"SneckoOil"}],"is_trial":false}