{"gold_per_floor":[115,115,125,135,148,174,124,140,140,172,225,236,236,252,252,357,357,367,378,303,303,315,315,315,328,400,400,277,277,277,307,307,411,411,429,446,446,446,459,459,67,97,175,175,188,219,6,6,6,6],"floor_reached":50,"playtime":2318,"items_purged":["Decay","Strike_R","Defend_R"],"score":605,"play_id":"8a46a136-cca5-428c-a9e9-2c53bb45c598","local_time":"20190708004439","is_ascension_mode":false,"campfire_choices":[{"data":"Armaments","floor":13,"key":"SMITH"},{"data":"Double Tap","floor":15,"key":"SMITH"},{"data":"Pommel Strike","floor":23,"key":"SMITH"},{"data":"Body Slam","floor":27,"key":"SMITH"},{"data":"Shrug It Off","floor":30,"key":"SMITH"},{"data":"Offering","floor":32,"key":"SMITH"},{"data":"Seeing Red","floor":40,"key":"SMITH"},{"data":"Madness","floor":44,"key":"SMITH"},{"data":"Barricade","floor":49,"key":"SMITH"}],"neow_cost":"NONE","seed_source_timestamp":19353671383569,"circlet_count":0,"master_deck":["Strike_R","Strike_R+1","Defend_R","Defend_R","Defend_R","Bash+1","Body Slam+1","Pommel Strike+1","Thunderclap","Double Tap+1","Armaments+1","Impervious","Evolve","Offering+1","Finesse","Inflame+1","Shrug It Off+1","Anger+1","Juggernaut","Battle Trance+1","Seeing Red+1","Flex+1","Swift Strike+1","Madness+1","Flash of Steel","Anger+1","Flame Barrier","Barricade+1","Iron Wave+1","Iron Wave+1","Feel No Pain"],"relics":["Burning Blood","Meat on the Bone","Magic Flower","Ice Cream","Blood Vial","Coffee Dripper","Kunai","Prayer Wheel","Mark of Pain","Whetstone","Ornamental Fan","Pantograph","Bottled Lightning"],"potions_floor_usage":[6,6,6,16,31,33,46,50,50],"damage_taken":[{"damage":2,"enemies":"Small Slimes","floor":1,"turns":5},{"damage":1,"enemies":"Cultist","floor":3,"turns":3},{"damage":1,"enemies":"2 Louse","floor":4,"turns":2},{"damage":2,"enemies":"Exordium Wildlife","floor":5,"turns":5},{"damage":18,"enemies":"3 Sentries","floor":6,"turns":9},{"damage":10,"enemies":"Looter","floor":8,"turns":3},{"damage":39,"enemies":"Lagavulin","floor":10,"turns":7},{"damage":14,"enemies":"Blue Slaver","floor":12,"turns":4},{"damage":20,"enemies":"Exordium Thugs","floor":14,"turns":5},{"damage":47,"enemies":"Slime Boss","floor":16,"turns":15},{"damage":1,"enemies":"Chosen","floor":18,"turns":4},{"damage":17,"enemies":"Spheric Guardian","floor":19,"turns":4},{"damage":11,"enemies":"Centurion and Healer","floor":22,"turns":7},{"damage":20,"enemies":"Snecko","floor":25,"turns":5},{"damage":12,"enemies":"Slavers","floor":31,"turns":5},{"damage":43,"enemies":"Collector","floor":33,"turns":10},{"damage":6,"enemies":"3 Shapes","floor":35,"turns":3},{"damage":8,"enemies":"Orb Walker","floor":36,"turns":3},{"damage":6,"enemies":"Jaw Worm Horde","floor":39,"turns":5},{"damage":6,"enemies":"Giant Head","floor":42,"turns":5},{"damage":3,"enemies":"Maw","floor":45,"turns":6},{"damage":5,"enemies":"Reptomancer","floor":46,"turns":7},{"damage":80,"enemies":"Awakened One","floor":50,"turns":7}],"seed_played":"3325191935156745899","potions_obtained":[{"floor":0,"key":"EssenceOfSteel"},{"floor":0,"key":"LiquidBronze"},{"floor":0,"key":"Ancient Potion"},{"floor":3,"key":"Poison Potion"},{"floor":8,"key":"Fire Potion"},{"floor":10,"key":"LiquidBronze"},{"floor":12,"key":"SteroidPotion"},{"floor":14,"key":"Strength Potion"},{"floor":18,"key":"Dexterity Potion"},{"floor":36,"key":"Weak Potion"},{"floor":46,"key":"Poison Potion"}],"is_trial":false,"path_per_floor":["M","?","M","M","M","E","?","M","T","E","T","M","R","M","R","B",null,"M","M","?","?","M","R","?","M","T","R","$","?","R","E","R","B",null,"M","M","?","?","M","R","$","E","T","R","M","E","$","?","R","B"],"character_chosen":"IRONCLAD","items_purchased":["Shrug It Off","Barricade","Whetstone","Feel No Pain","Strength Potion"],"campfire_rested":0,"item_purchase_floors":[28,41,41,47,47],"current_hp_per_floor":[80,80,80,80,80,68,68,64,64,52,52,50,50,60,60,43,80,80,72,72,72,73,73,73,65,65,65,65,65,65,65,65,52,80,80,80,70,70,76,76,76,80,80,80,80,80,80,80,80,0],"gold":6,"neow_bonus":"THREE_SMALL_POTIONS","is_prod":false,"is_daily":false,"chose_seed":false,"campfire_upgraded":9,"win_rate":0,"timestamp":1562539479,"path_taken":["M","?","M","?","M","E","?","M","T","E","?","M","R","M","R","BOSS","M","M","?","?","?","R","?","?","T","R","$","?","R","E","R","BOSS","M","M","?","?","M","R","$","E","T","R","?","E","?","?","R","BOSS"],"build_version":"2019-07-05","purchased_purges":3,"victory":false,"max_hp_per_floor":[80,80,80,80,80,80,80,80,80,80,80,80,80,80,80,80,80,80,80,80,80,80,80,80,80,80,80,80,80,80,80,80,80,80,80,80,80,80,80,80,80,80,80,80,80,80,80,80,80,80],"card_choices":[{"not_picked":["Headbutt","Iron Wave"],"picked":"Body Slam","floor":1},{"not_picked":["Sword Boomerang","Heavy Blade"],"picked":"Pommel Strike","floor":3},{"not_picked":["Whirlwind","Body Slam"],"picked":"Thunderclap","floor":4},{"not_picked":["Sword Boomerang","Body Slam","Shockwave"],"picked":"SKIP","floor":5},{"not_picked":["Headbutt","Reckless Charge"],"picked":"Double Tap","floor":6},{"not_picked":["Reckless Charge","Headbutt","Heavy Blade"],"picked":"SKIP","floor":8},{"not_picked":["Inflame","Rage"],"picked":"Armaments","floor":10},{"not_picked":["Inflame","Thunderclap"],"picked":"Intimidate","floor":12},{"not_picked":["Dual Wield","Twin Strike","Clothesline"],"picked":"SKIP","floor":14},{"not_picked":["Immolate","Juggernaut"],"picked":"Impervious","floor":16},{"not_picked":["Burning Pact","Clash"],"picked":"Evolve","floor":18},{"not_picked":["Thunderclap","Armaments","Perfected Strike"],"picked":"SKIP","floor":19},{"not_picked":["Power Through","Armaments","Headbutt"],"picked":"SKIP","floor":22},{"not_picked":["Warcry","Bludgeon"],"picked":"Inflame+1","floor":25},{"not_picked":["Pommel Strike","Evolve"],"picked":"Anger+1","floor":31},{"not_picked":["Double Tap","Brutality"],"picked":"Juggernaut","floor":33},{"not_picked":["Dual Wield","Twin Strike+1"],"picked":"Battle Trance+1","floor":35},{"not_picked":["Battle Trance+1","Uppercut"],"picked":"Seeing Red","floor":35},{"not_picked":["Heavy Blade+1","Iron Wave"],"picked":"Flex+1","floor":36},{"not_picked":["Ghostly Armor","Thunderclap+1","Cleave+1"],"picked":"SKIP","floor":36},{"not_picked":["Enlightenment","Jack Of All Trades"],"picked":"Swift Strike","floor":37},{"not_picked":["Enlightenment","Master of Strategy"],"picked":"Madness","floor":37},{"not_picked":["Forethought","Discovery"],"picked":"Flash of Steel","floor":37},{"not_picked":["Wild Strike","Pommel Strike"],"picked":"Anger+1","floor":39},{"not_picked":["Corruption+1","Disarm"],"picked":"Flame Barrier","floor":39},{"not_picked":["Evolve+1","Power Through","Spot Weakness"],"picked":"SKIP","floor":42},{"not_picked":["Dual Wield+1","Burning Pact"],"picked":"Iron Wave+1","floor":45},{"not_picked":["Power Through","Sword Boomerang","Thunderclap"],"picked":"SKIP","floor":45},{"not_picked":["Armaments","Dual Wield+1"],"picked":"Iron Wave+1","floor":46}],"player_experience":43295,"relics_obtained":[{"floor":6,"key":"Meat on the Bone"},{"floor":9,"key":"Magic Flower"},{"floor":10,"key":"Ice Cream"},{"floor":11,"key":"Blood Vial"},{"floor":26,"key":"Kunai"},{"floor":31,"key":"Prayer Wheel"},{"floor":42,"key":"Ornamental Fan"},{"floor":43,"key":"Pantograph"},{"floor":46,"key":"Bottled Lightning"}],"event_choices":[{"damage_healed":0,"gold_gain":0,"player_choice":"Upgraded","damage_taken":0,"max_hp_gain":0,"max_hp_loss":0,"event_name":"Upgrade Shrine","floor":2,"gold_loss":0,"cards_upgraded":["Bash"]},{"cards_removed":["Strike_R"],"damage_healed":0,"gold_gain":0,"player_choice":"Card Removal","damage_taken":0,"max_hp_gain":0,"max_hp_loss":0,"event_name":"The Cleric","floor":7,"gold_loss":50},{"cards_removed":["Strike_R"],"damage_healed":0,"gold_gain":0,"player_choice":"Gave Gold","damage_taken":0,"max_hp_gain":0,"max_hp_loss":0,"event_name":"Beggar","floor":20,"gold_loss":75},{"damage_healed":0,"gold_gain":0,"player_choice":"2 cards matched","damage_taken":0,"max_hp_gain":0,"max_hp_loss":0,"event_name":"Match and Keep!","floor":21,"gold_loss":0,"cards_obtained":["Offering","Finesse"]},{"damage_healed":0,"gold_gain":0,"player_choice":"Cursed","damage_taken":0,"max_hp_gain":0,"max_hp_loss":0,"event_name":"Wheel of Change","floor":24,"gold_loss":0,"cards_obtained":["Decay"]},{"damage_healed":0,"gold_gain":0,"player_choice":"Ignored","damage_taken":0,"max_hp_gain":0,"max_hp_loss":0,"event_name":"Ghosts","floor":29,"gold_loss":0},{"damage_healed":0,"gold_gain":0,"player_choice":"Memory 3","damage_taken":10,"max_hp_gain":0,"max_hp_loss":0,"event_name":"SensoryStone","floor":37,"gold_loss":0},{"damage_healed":0,"gold_gain":0,"player_choice":"Ignored","damage_taken":0,"max_hp_gain":0,"max_hp_loss":0,"event_name":"SecretPortal","floor":38,"gold_loss":0},{"cards_removed":["Intimidate"],"damage_healed":0,"gold_gain":0,"player_choice":"Removed Skill","damage_taken":0,"max_hp_gain":0,"max_hp_loss":0,"event_name":"Falling","floor":48,"gold_loss":0}],"is_beta":false,"boss_relics":[{"not_picked":["Orrery","Fusion Hammer"],"picked":"Coffee Dripper"},{"not_picked":["Cursed Key","Runic Dome"],"picked":"Mark of Pain"}],"items_purged_floors":[28,41,47],"is_endless":false,"potions_floor_spawned":[3,8,10,12,14,18,22,25,36,46],"killed_by":"Awakened One","ascension_level":0}