{"gold_per_floor":[218,164,164,339,353,353,366,58,85,85,111,140,186,198,210,318,330,357,404,430,35,46,81,81,91,114,128,128,128,128,43,43,139,139,157,171,171,181,200,200,225,225,251,276,292,303,320,330,330,330],"floor_reached":50,"playtime":1784,"items_purged":["Doubt","Strike_R"],"score":969,"play_id":"1272a219-be95-4cc9-81ce-add023e6ad02","local_time":"20181030122618","is_ascension_mode":true,"campfire_choices":[{"data":"Inflame","floor":6,"key":"SMITH"},{"data":"Inflame","floor":10,"key":"SMITH"},{"data":"Sword Boomerang","floor":15,"key":"SMITH"},{"data":"Infernal Blade","floor":24,"key":"SMITH"},{"floor":30,"key":"REST"},{"floor":32,"key":"REST"},{"floor":40,"key":"REST"},{"floor":42,"key":"REST"},{"floor":49,"key":"REST"}],"neow_cost":"NONE","seed_source_timestamp":67261056124099,"circlet_count":0,"master_deck":["Defend_R","Defend_R+1","Bash","AscendersBane","Thunderclap","Pommel Strike","Inflame+1","Twin Strike","Inflame+1","Infernal Blade+1","Twin Strike","Sword Boomerang+1","Offering+1","Battle Trance+1","Pummel+1","Berserk+1","Heavy Blade","Cleave","Blood for Blood+1","Thunderclap+1","Berserk","Impervious"],"relics":["Burning Blood","Meat on the Bone","Brimstone","Strawberry","MawBank","Pear","Astrolabe","Red Mask","Vajra","War Paint","Bottled Flame","Blood Vial","Shuriken","Gambling Chip","Black Star","Omamori","Juzu Bracelet","PreservedInsect","Nunchaku","Mango"],"potions_floor_usage":[12,13,16,23,33,33,38,41,45],"damage_taken":[{"damage":11,"enemies":"Cultist","floor":1,"turns":4},{"damage":12,"enemies":"Jaw Worm","floor":5,"turns":3},{"damage":0,"enemies":"Small Slimes","floor":7,"turns":3},{"damage":0,"enemies":"Lagavulin","floor":11,"turns":4},{"damage":4,"enemies":"2 Fungi Beasts","floor":12,"turns":2},{"damage":23,"enemies":"3 Sentries","floor":13,"turns":4},{"damage":19,"enemies":"Slime Boss","floor":16,"turns":4},{"damage":16,"enemies":"Shell Parasite","floor":18,"turns":2},{"damage":6,"enemies":"Masked Bandits","floor":19,"turns":2},{"damage":36,"enemies":"3 Byrds","floor":20,"turns":3},{"damage":0,"enemies":"Centurion and Healer","floor":22,"turns":4},{"damage":16,"enemies":"Book of Stabbing","floor":23,"turns":2},{"damage":6,"enemies":"Sentry and Sphere","floor":25,"turns":2},{"damage":16,"enemies":"Chosen and Byrds","floor":27,"turns":3},{"damage":26,"enemies":"Automaton","floor":33,"turns":4},{"damage":6,"enemies":"3 Darklings","floor":35,"turns":2},{"damage":9,"enemies":"Orb Walker","floor":36,"turns":2},{"damage":54,"enemies":"4 Shapes","floor":38,"turns":2},{"damage":33,"enemies":"3 Darklings","floor":39,"turns":3},{"damage":72,"enemies":"Nemesis","floor":41,"turns":3},{"damage":21,"enemies":"Giant Head","floor":44,"turns":3},{"damage":6,"enemies":"Spire Growth","floor":45,"turns":2},{"damage":54,"enemies":"Maw","floor":46,"turns":4},{"damage":33,"enemies":"Sphere and 2 Shapes","floor":47,"turns":3},{"damage":6,"enemies":"Writhing Mass","floor":48,"turns":3},{"damage":99,"enemies":"Awakened One","floor":50,"turns":3}],"seed_played":"-2678391890324357861","potions_obtained":[{"floor":7,"key":"Energy Potion"},{"floor":12,"key":"Explosive Potion"},{"floor":13,"key":"Fire Potion"},{"floor":18,"key":"Dexterity Potion"},{"floor":22,"key":"Strength Potion"},{"floor":25,"key":"Explosive Potion"},{"floor":36,"key":"Strength Potion"},{"floor":39,"key":"BloodPotion"},{"floor":41,"key":"SpeedPotion"},{"floor":44,"key":"Regen Potion"}],"is_trial":false,"path_per_floor":["M","?","?","?","M","R","M","$","T","R","E","M","E","?","R","B",null,"M","?","M","$","M","E","R","M","T","M","?","T","R","?","R","B",null,"M","M","?","M","M","R","E","R","T","E","M","M","M","M","R"],"character_chosen":"IRONCLAD","items_purchased":["Brimstone","Inflame","Vajra","War Paint"],"campfire_rested":5,"item_purchase_floors":[8,8,21,21],"current_hp_per_floor":[67,67,67,67,61,61,67,67,74,74,80,82,75,75,75,62,88,78,78,60,60,66,56,56,56,56,60,41,41,71,71,101,82,97,99,98,98,64,51,81,39,69,69,82,89,55,42,56,90,0],"gold":330,"neow_bonus":"HUNDRED_GOLD","is_prod":false,"is_daily":false,"chose_seed":false,"campfire_upgraded":4,"win_rate":0,"timestamp":1540895178,"path_taken":["M","?","?","?","M","R","M","$","T","R","E","M","E","?","R","BOSS","M","?","?","?","M","E","R","M","T","M","?","?","R","?","R","BOSS","M","M","?","?","?","R","E","R","T","E","M","M","M","M","R","BOSS"],"build_version":"2018-10-25v2","purchased_purges":2,"victory":false,"max_hp_per_floor":[80,80,80,80,80,80,80,80,87,87,87,87,97,97,97,97,97,97,97,97,97,97,97,97,97,97,97,102,102,102,102,102,102,102,102,102,102,102,102,102,102,102,102,116,116,116,116,116,116,116],"card_choices":[{"not_picked":["Uppercut","Wild Strike"],"picked":"Thunderclap","floor":1},{"not_picked":["Armaments","Twin Strike"],"picked":"Inflame","floor":5},{"not_picked":["True Grit","Reckless Charge"],"picked":"Twin Strike","floor":7},{"not_picked":["Entrench","Carnage"],"picked":"Infernal Blade","floor":11},{"not_picked":["Sever Soul","Iron Wave"],"picked":"Twin Strike","floor":12},{"not_picked":["Fire Breathing","Disarm"],"picked":"Sword Boomerang","floor":13},{"not_picked":["Feed","Dark Embrace"],"picked":"Offering","floor":16},{"not_picked":["Corruption","Warcry"],"picked":"Heavy Blade","floor":18},{"not_picked":["Clothesline","Havoc"],"picked":"Cleave","floor":19},{"not_picked":["Wild Strike","Anger","Pommel Strike"],"picked":"SKIP","floor":20},{"not_picked":["Anger","Sentinel","Fiend Fire"],"picked":"SKIP","floor":22},{"not_picked":["Battle Trance","Clothesline"],"picked":"Blood for Blood+1","floor":23},{"not_picked":["Rampage","Heavy Blade","True Grit"],"picked":"SKIP","floor":25},{"not_picked":["Body Slam","Demon Form"],"picked":"Thunderclap+1","floor":27},{"not_picked":["Barricade","Bludgeon"],"picked":"Berserk","floor":33},{"not_picked":["Havoc+1","Clash","Rage"],"picked":"SKIP","floor":35},{"not_picked":["Heavy Blade","Sever Soul","Corruption"],"picked":"SKIP","floor":36},{"not_picked":["Cleave","Warcry","Bloodletting"],"picked":"SKIP","floor":38},{"not_picked":["Battle Trance+1","Wild Strike+1","Dropkick"],"picked":"SKIP","floor":39},{"not_picked":["Rage","Rampage+1","Rupture"],"picked":"SKIP","floor":41},{"not_picked":["Clash","Warcry","Rampage"],"picked":"SKIP","floor":44},{"not_picked":["Cleave","Body Slam+1"],"picked":"Impervious","floor":45},{"not_picked":["Sword Boomerang","Armaments","Rupture"],"picked":"SKIP","floor":46},{"not_picked":["Twin Strike","Carnage","Sever Soul"],"picked":"SKIP","floor":47},{"not_picked":["Clash+1","Pommel Strike","Uppercut"],"picked":"SKIP","floor":48}],"player_experience":452813,"relics_obtained":[{"floor":9,"key":"Strawberry"},{"floor":11,"key":"MawBank"},{"floor":13,"key":"Pear"},{"floor":19,"key":"Red Mask"},{"floor":23,"key":"Bottled Flame"},{"floor":26,"key":"Blood Vial"},{"floor":29,"key":"Shuriken"},{"floor":41,"key":"Omamori"},{"floor":41,"key":"Juzu Bracelet"},{"floor":43,"key":"PreservedInsect"},{"floor":44,"key":"Nunchaku"},{"floor":44,"key":"Mango"}],"event_choices":[{"damage_healed":0,"gold_gain":0,"player_choice":"Paid Gold","damage_taken":0,"relics_obtained":["Meat on the Bone"],"max_hp_gain":0,"max_hp_loss":0,"event_name":"WeMeetAgain","floor":2,"gold_loss":54},{"damage_healed":0,"gold_gain":0,"cards_transformed":["Strike_R"],"player_choice":"Transformed","damage_taken":0,"max_hp_gain":0,"max_hp_loss":0,"event_name":"Transmorgrifier","floor":3,"gold_loss":0,"cards_obtained":["Pommel Strike"]},{"damage_healed":0,"gold_gain":175,"player_choice":"AGREE","damage_taken":0,"max_hp_gain":0,"max_hp_loss":0,"event_name":"Liars Game","floor":4,"gold_loss":0,"cards_obtained":["Doubt"]},{"cards_removed":["Strike_R"],"damage_healed":0,"gold_gain":0,"player_choice":"Purged","damage_taken":0,"max_hp_gain":0,"max_hp_loss":0,"event_name":"Purifier","floor":14,"gold_loss":0},{"damage_healed":0,"gold_gain":0,"player_choice":"Fought Bandits","damage_taken":0,"max_hp_gain":0,"max_hp_loss":0,"event_name":"Masked Bandits","floor":19,"gold_loss":0},{"damage_healed":0,"gold_gain":0,"player_choice":"Shed Blood","damage_taken":24,"max_hp_gain":5,"max_hp_loss":0,"event_name":"Forgotten Altar","floor":28,"gold_loss":0},{"damage_healed":0,"gold_gain":0,"player_choice":"Obtained Relic","damage_taken":0,"relics_obtained":["Gambling Chip"],"max_hp_gain":0,"max_hp_loss":0,"event_name":"Addict","floor":31,"gold_loss":85},{"cards_removed":["Defend_R"],"damage_healed":0,"gold_gain":0,"player_choice":"Purged","damage_taken":0,"max_hp_gain":0,"max_hp_loss":0,"event_name":"Purifier","floor":37,"gold_loss":0}],"is_beta":false,"boss_relics":[{"not_picked":["Snecko Eye","Velvet Choker"],"picked":"Astrolabe"},{"not_picked":["Runic Pyramid","Pandora\u0027s Box"],"picked":"Black Star"}],"items_purged_floors":[8,21],"is_endless":false,"potions_floor_spawned":[7,12,13,18,22,25,36,39,41,44],"killed_by":"Awakened One","ascension_level":12}