{"gold_per_floor":[117,131,131,131,131,131,145,159,159,159,175,20,20,40,40,137,137,152,152,171,89,364,364,379,59,105,105,139,139,139,139],"floor_reached":31,"playtime":984,"items_purged":["Regret"],"score":316,"play_id":"31580624-92f7-4825-b624-bbfb0d46f533","local_time":"20190703140653","is_ascension_mode":true,"campfire_choices":[{"floor":6,"key":"REST"},{"floor":13,"key":"RECALL"},{"floor":15,"key":"REST"},{"floor":23,"key":"REST"},{"floor":30,"key":"REST"}],"neow_cost":"NONE","seed_source_timestamp":22846569331500,"circlet_count":0,"master_deck":["Zap+1","Dualcast","Sweeping Beam+1","Darkness","Conserve Battery","Undo+1","Fusion+1","Loop","Multi-Cast+1","Stack+1","Core Surge+1","All For One","Redo+1","Lockon","Loop","Auto Shields+1","Storm","BootSequence+1","Necronomicurse","Loop","Reboot+1","Regret","Jack Of All Trades+1","Capacitor","Decay"],"relics":["Fusion Hammer","Letter Opener","Question Card","Toxic Egg 2","Pandora\u0027s Box","Necronomicon","Membership Card","Whetstone","Bag of Marbles","Symbiotic Virus"],"potions_floor_usage":[16,16,16],"damage_taken":[{"damage":9,"enemies":"2 Louse","floor":1,"turns":2},{"damage":4,"enemies":"Small Slimes","floor":2,"turns":3},{"damage":2,"enemies":"Cultist","floor":7,"turns":3},{"damage":8,"enemies":"3 Louse","floor":8,"turns":3},{"damage":4,"enemies":"Large Slime","floor":11,"turns":5},{"damage":4,"enemies":"Red Slaver","floor":14,"turns":3},{"damage":11,"enemies":"Hexaghost","floor":16,"turns":9},{"damage":5,"enemies":"Chosen","floor":18,"turns":2},{"damage":0,"enemies":"3 Byrds","floor":20,"turns":2},{"damage":11,"enemies":"Snake Plant","floor":24,"turns":4},{"damage":41,"enemies":"Book of Stabbing","floor":28,"turns":4},{"damage":43,"enemies":"Slavers","floor":31,"turns":4}],"seed_played":"6108436076700541393","potions_obtained":[{"floor":8,"key":"Swift Potion"},{"floor":11,"key":"Energy Potion"},{"floor":14,"key":"SpeedPotion"},{"floor":16,"key":"FearPotion"},{"floor":20,"key":"SteroidPotion"}],"is_trial":false,"path_per_floor":["M","M","?","?","?","R","M","M","T","T","M","$","R","M","R","B",null,"M","?","M","$","?","R","M","$","T","?","E","?","R","E"],"character_chosen":"DEFECT","items_purchased":["Fusion+1","Reboot+1","Membership Card","Whetstone","Jack Of All Trades+1"],"campfire_rested":4,"item_purchase_floors":[12,21,25,25,25],"current_hp_per_floor":[59,55,55,37,37,59,57,49,49,49,45,45,45,41,63,52,69,64,48,48,48,48,70,59,59,59,59,18,18,40,0],"gold":139,"neow_bonus":"BOSS_RELIC","is_prod":false,"is_daily":false,"chose_seed":false,"campfire_upgraded":0,"win_rate":0,"timestamp":1562152013,"path_taken":["M","M","?","?","?","R","M","M","T","?","M","$","R","?","R","BOSS","M","?","M","$","?","R","?","?","T","?","E","?","R","E"],"build_version":"2019-07-01","purchased_purges":1,"victory":false,"max_hp_per_floor":[75,75,75,75,75,75,75,75,75,75,75,75,75,75,75,75,75,75,75,75,75,75,75,75,75,75,75,75,75,75,75],"card_choices":[{"not_picked":["Beam Cell","Conserve Battery"],"picked":"Sweeping Beam","floor":1},{"not_picked":["Steam Power","Aggregate"],"picked":"Darkness","floor":2},{"not_picked":["Compile Driver","Streamline","Barrage"],"picked":"Conserve Battery","floor":7},{"not_picked":["Stack","Streamline","Turbo","Recycle"],"picked":"SKIP","floor":8},{"not_picked":["Blizzard","Genetic Algorithm+1","Steam+1"],"picked":"Undo+1","floor":11},{"not_picked":["Biased Cognition","Double Energy+1","Fusion+1"],"picked":"Loop","floor":14},{"not_picked":["Creative AI","Buffer","Seek+1"],"picked":"Multi-Cast+1","floor":16},{"not_picked":["Rip and Tear","Redo+1","Hologram+1"],"picked":"BootSequence+1","floor":18},{"not_picked":["Lockon","Cold Snap","Steam Power+1"],"picked":"Loop","floor":20},{"not_picked":["Steam+1","Ball Lightning","Gash","Hello World"],"picked":"SKIP","floor":24},{"not_picked":["Rebound","Undo+1","Hologram+1"],"picked":"Capacitor","floor":28}],"player_experience":640898,"relics_obtained":[{"floor":10,"key":"Toxic Egg 2"},{"floor":19,"key":"Necronomicon"},{"floor":26,"key":"Bag of Marbles"},{"floor":28,"key":"Symbiotic Virus"}],"event_choices":[{"damage_healed":0,"gold_gain":0,"player_choice":"Box","damage_taken":0,"relics_obtained":["Letter Opener"],"max_hp_gain":0,"max_hp_loss":0,"event_name":"Big Fish","floor":3,"gold_loss":0,"cards_obtained":["Regret"]},{"damage_healed":0,"gold_gain":0,"player_choice":"Success","damage_taken":18,"relics_obtained":["Question Card"],"max_hp_gain":0,"max_hp_loss":0,"event_name":"Scrap Ooze","floor":4,"gold_loss":0},{"damage_healed":0,"gold_gain":0,"player_choice":"Grow","damage_taken":0,"max_hp_gain":0,"max_hp_loss":0,"event_name":"Living Wall","floor":5,"gold_loss":0,"cards_upgraded":["Zap"]},{"damage_healed":0,"gold_gain":0,"player_choice":"Obtained Book","damage_taken":16,"max_hp_gain":0,"max_hp_loss":0,"event_name":"Cursed Tome","floor":19,"gold_loss":0},{"damage_healed":0,"gold_gain":275,"player_choice":"Desecrate","damage_taken":0,"max_hp_gain":0,"max_hp_loss":0,"event_name":"Golden Shrine","floor":22,"gold_loss":0,"cards_obtained":["Regret"]},{"damage_healed":0,"gold_gain":0,"player_choice":"Ignored","damage_taken":0,"max_hp_gain":0,"max_hp_loss":0,"event_name":"Vampires","floor":27,"gold_loss":0},{"damage_healed":0,"gold_gain":0,"player_choice":"Smashed Altar","damage_taken":0,"max_hp_gain":0,"max_hp_loss":0,"event_name":"Forgotten Altar","floor":29,"gold_loss":0,"cards_obtained":["Decay"]}],"is_beta":false,"boss_relics":[{"not_picked":["Eternal Feather","Black Star"],"picked":"Pandora\u0027s Box"}],"items_purged_floors":[12],"is_endless":false,"potions_floor_spawned":[8,11,14,16,20],"killed_by":"Slavers","ascension_level":6}