{"gold_per_floor":[116,191,191,191,156,156,168,168,191,191,202,219,234,249,249,348,348,362,362,362,376,475,475,182,197,224,224],"floor_reached":27,"playtime":616,"items_purged":["Regret"],"score":244,"play_id":"967079dc-0619-49b8-a7b5-b6085e63c9e2","local_time":"20181002171941","is_ascension_mode":true,"campfire_choices":[{"data":"Redo","floor":6,"key":"SMITH"},{"data":"Turbo","floor":8,"key":"SMITH"},{"data":"Redo","floor":10,"key":"SMITH"},{"floor":15,"key":"REST"},{"floor":23,"key":"REST"}],"neow_cost":"TEN_PERCENT_HP_LOSS","seed_source_timestamp":206099860095085,"circlet_count":0,"master_deck":["Strike_B","Strike_B","Defend_B","Defend_B","Defend_B","Defend_B","Zap","Dualcast","Redo+1","Redo+1","Storm","Echo Form","Turbo+1","BootSequence","Capacitor","Consume","Thunder Strike","Capacitor+1"],"relics":["Cracked Core","Smiling Mask","Anchor","Inserter","Emotion Chip","Cables","Juzu Bracelet"],"potions_floor_usage":[16,16,18],"damage_taken":[{"damage":12,"enemies":"Jaw Worm","floor":1,"turns":2},{"damage":6,"enemies":"2 Louse","floor":7,"turns":2},{"damage":1,"enemies":"Cultist","floor":11,"turns":3},{"damage":12,"enemies":"3 Louse","floor":12,"turns":3},{"damage":1,"enemies":"2 Fungi Beasts","floor":13,"turns":3},{"damage":8,"enemies":"Blue Slaver","floor":14,"turns":3},{"damage":41,"enemies":"Hexaghost","floor":16,"turns":8},{"damage":8,"enemies":"Spheric Guardian","floor":18,"turns":3},{"damage":22,"enemies":"Chosen","floor":21,"turns":5},{"damage":52,"enemies":"3 Cultists","floor":25,"turns":5},{"damage":7,"enemies":"Snake Plant","floor":27,"turns":2}],"seed_played":"-3620465856437615902","potions_obtained":[{"floor":7,"key":"SteroidPotion"},{"floor":12,"key":"EssenceOfSteel"},{"floor":14,"key":"Regen Potion"},{"floor":16,"key":"PowerPotion"}],"is_trial":false,"path_per_floor":["M","?","?","?","?","R","M","R","T","R","M","M","M","M","R","B",null,"M","?","?","M","?","R","$","M","T"],"character_chosen":"DEFECT","items_purchased":["Cables"],"campfire_rested":2,"item_purchase_floors":[24],"current_hp_per_floor":[56,45,45,45,62,62,56,56,56,56,55,43,42,34,54,28,68,60,60,60,38,38,58,58,6,6,0],"gold":224,"neow_bonus":"TRANSFORM_TWO_CARDS","is_prod":false,"is_daily":false,"chose_seed":false,"campfire_upgraded":3,"win_rate":0,"timestamp":1538489981,"path_taken":["M","?","?","?","?","R","M","R","T","R","?","M","M","M","R","BOSS","M","?","?","?","?","R","?","M","T","M"],"build_version":"2018-09-27","purchased_purges":1,"victory":false,"max_hp_per_floor":[68,68,68,68,68,68,68,68,68,68,68,68,68,68,68,68,68,68,68,68,68,68,68,68,68,68,68],"card_choices":[{"not_picked":["Streamline","Go for the Eyes"],"picked":"Storm","floor":1},{"not_picked":["Stack","Redo","Streamline"],"picked":"SKIP","floor":7},{"not_picked":["Go for the Eyes","Hologram","Steam"],"picked":"SKIP","floor":11},{"not_picked":["Gash","Coolheaded"],"picked":"BootSequence","floor":12},{"not_picked":["Go for the Eyes","Hologram"],"picked":"Capacitor","floor":13},{"not_picked":["All For One","Undo"],"picked":"Consume","floor":14},{"not_picked":["Machine Learning","Amplify"],"picked":"Thunder Strike","floor":16},{"not_picked":["Ball Lightning","Steam"],"picked":"Capacitor+1","floor":18},{"not_picked":["Reinforced Body","Cold Snap","Coolheaded"],"picked":"SKIP","floor":21},{"not_picked":["Streamline","Coolheaded","Scrape+1"],"picked":"SKIP","floor":25}],"player_experience":414243,"relics_obtained":[{"floor":9,"key":"Anchor"},{"floor":26,"key":"Juzu Bracelet"}],"event_choices":[{"event_name":"World of Goop","player_choice":"Gather Gold","floor":2,"damage_taken":0},{"event_name":"Match and Keep!","player_choice":"2 cards matched","floor":3,"damage_taken":0},{"event_name":"Big Fish","player_choice":"Box","floor":4,"damage_taken":0},{"event_name":"The Cleric","player_choice":"Healed","floor":5,"damage_taken":0},{"event_name":"Ghosts","player_choice":"Ignored","floor":19,"damage_taken":0},{"event_name":"The Mausoleum","player_choice":"Yes","floor":20,"damage_taken":0},{"event_name":"Nest","player_choice":"Stole From Cult","floor":22,"damage_taken":0}],"is_beta":false,"boss_relics":[{"not_picked":["Astrolabe","Black Star"],"picked":"Inserter"}],"items_purged_floors":[24],"is_endless":false,"potions_floor_spawned":[7,12,14,16],"killed_by":"Snake Plant","ascension_level":4}