{"gold_per_floor":[119,135,150,75,4,4,39,54,81,81,100,117,151,168,168,263,263,276,78,66,341,341],"floor_reached":22,"playtime":978,"items_purged":["Strike_B"],"score":248,"play_id":"6feb4903-99df-4f70-99a9-55b72adc4ce5","local_time":"20190331185332","is_ascension_mode":true,"campfire_choices":[{"floor":6,"key":"RECALL"},{"data":"Zap","floor":10,"key":"SMITH"},{"floor":15,"key":"REST"}],"neow_cost":"NONE","seed_source_timestamp":29308351255200,"circlet_count":0,"master_deck":["Strike_B","Strike_B","Strike_B","Defend_B","Defend_B","Defend_B","Defend_B","Zap+1","Dualcast","Coolheaded","Sweeping Beam","Conserve Battery","Conserve Battery","FTL","Creative AI","Conserve Battery","Defragment","Ball Lightning","Echo Form","Ball Lightning","Rip and Tear+1","Regret"],"relics":["FrozenCore","NeowsBlessing","Lantern","Potion Belt","Dream Catcher","Toolbox"],"potions_floor_usage":[7,11,13,13,16,18],"damage_taken":[{"damage":0,"enemies":"Cultist","floor":1,"turns":1},{"damage":0,"enemies":"2 Louse","floor":2,"turns":1},{"damage":0,"enemies":"Small Slimes","floor":3,"turns":1},{"damage":30,"enemies":"Gremlin Nob","floor":7,"turns":4},{"damage":0,"enemies":"Exordium Thugs","floor":8,"turns":4},{"damage":0,"enemies":"Looter","floor":11,"turns":2},{"damage":0,"enemies":"Large Slime","floor":12,"turns":5},{"damage":10,"enemies":"3 Sentries","floor":13,"turns":7},{"damage":5,"enemies":"2 Fungi Beasts","floor":14,"turns":4},{"damage":34,"enemies":"The Guardian","floor":16,"turns":10},{"damage":13,"enemies":"Spheric Guardian","floor":18,"turns":5},{"damage":29,"enemies":"2 Thieves","floor":20,"turns":4},{"damage":19,"enemies":"Centurion and Healer","floor":22,"turns":6}],"seed_played":"622633342166777352","potions_obtained":[{"floor":3,"key":"AttackPotion"},{"floor":7,"key":"Poison Potion"},{"floor":8,"key":"GamblersBrew"},{"floor":12,"key":"PowerPotion"},{"floor":13,"key":"Strength Potion"},{"floor":16,"key":"PowerPotion"}],"is_trial":false,"path_per_floor":["M","M","M","$","?","R","E","M","T","R","M","M","E","M","R","B",null,"M","$","M","?","M"],"character_chosen":"DEFECT","items_purchased":["Toolbox"],"campfire_rested":1,"item_purchase_floors":[19],"current_hp_per_floor":[75,75,75,75,75,75,45,45,45,45,45,45,35,30,52,18,61,48,48,19,19,0],"gold":341,"neow_bonus":"THREE_ENEMY_KILL","is_prod":false,"is_daily":false,"chose_seed":false,"campfire_upgraded":1,"win_rate":0,"timestamp":1554047612,"path_taken":["M","M","?","?","?","R","E","M","T","R","M","M","E","M","R","BOSS","M","$","?","?","M"],"build_version":"2019-01-23","purchased_purges":1,"victory":false,"max_hp_per_floor":[75,75,75,75,75,75,75,75,75,75,75,75,75,75,75,75,75,75,75,75,75,75],"card_choices":[{"not_picked":["Leap","Compile Driver"],"picked":"Coolheaded","floor":1},{"not_picked":["Sunder","Beam Cell"],"picked":"Sweeping Beam","floor":2},{"not_picked":["Barrage","Aggregate"],"picked":"Conserve Battery","floor":3},{"not_picked":["Compile Driver","Cold Snap"],"picked":"Conserve Battery","floor":7},{"not_picked":["Steam Power","Beam Cell"],"picked":"FTL","floor":8},{"not_picked":["Go for the Eyes","Barrage"],"picked":"Creative AI","floor":11},{"not_picked":["Go for the Eyes","Stack","Hologram"],"picked":"SKIP","floor":12},{"not_picked":["Steam Power","Machine Learning"],"picked":"Conserve Battery","floor":13},{"not_picked":["Recycle","Redo"],"picked":"Defragment","floor":14},{"not_picked":["Scrape","Gash"],"picked":"Ball Lightning","floor":15},{"not_picked":["Creative AI","Machine Learning"],"picked":"Echo Form","floor":16},{"not_picked":["Recycle+1","Stack"],"picked":"Ball Lightning","floor":18},{"not_picked":["Barrage","Beam Cell+1"],"picked":"Rip and Tear+1","floor":20}],"player_experience":508147,"relics_obtained":[{"floor":7,"key":"Potion Belt"},{"floor":13,"key":"Dream Catcher"}],"event_choices":[{"damage_healed":0,"gold_gain":0,"player_choice":"Paid Gold","damage_taken":0,"relics_obtained":["Lantern"],"max_hp_gain":0,"max_hp_loss":0,"event_name":"WeMeetAgain","floor":5,"gold_loss":71},{"damage_healed":0,"gold_gain":275,"player_choice":"Desecrate","damage_taken":0,"max_hp_gain":0,"max_hp_loss":0,"event_name":"Golden Shrine","floor":21,"gold_loss":0,"cards_obtained":["Regret"]}],"is_beta":false,"boss_relics":[{"not_picked":["Philosopher\u0027s Stone","Nuclear Battery"],"picked":"FrozenCore"}],"items_purged_floors":[4],"is_endless":false,"potions_floor_spawned":[3,7,8,12,13,16],"killed_by":"Centurion and Healer","ascension_level":5}