{"gold_per_floor":[113,188,188,200,211,211,7,37,64,64,13,47,61,72,72,176,476,490,503,503,514,514,547,547,559,584,26,46,46,46,61,61,61],"floor_reached":33,"playtime":1185,"items_purged":["Clumsy"],"score":332,"play_id":"13250f27-3171-48aa-8d23-2b255ff9c959","local_time":"20181006135507","is_ascension_mode":true,"campfire_choices":[{"data":"Electrodynamics","floor":6,"key":"SMITH"},{"data":"Zap","floor":10,"key":"SMITH"},{"floor":15,"key":"REST"},{"floor":24,"key":"REST"},{"floor":30,"key":"REST"},{"floor":32,"key":"REST"}],"neow_cost":"TEN_PERCENT_HP_LOSS","seed_source_timestamp":103129836398800,"circlet_count":0,"master_deck":["Strike_B","Strike_B","Strike_B","Strike_B","Defend_B","Defend_B","Defend_B","Defend_B","Zap+1","Dualcast","Electrodynamics+1","Coolheaded","Hologram","Barrage","Core Surge","White Noise","Leap","Thunder Strike","Parasite","Turbo","Conserve Battery+1","Conserve Battery+1","Consume+1"],"relics":["Cracked Core","Matryoshka","Lee\u0027s Waffle","Gambling Chip","Strawberry","Bottled Lightning","Happy Flower","Calling Bell","Old Coin","Bag of Marbles","Ornamental Fan","Toxic Egg 2","Centennial Puzzle","Smiling Mask","Runic Capacitor","PreservedInsect"],"potions_floor_usage":[8,18,19,23,23,28,31,33],"damage_taken":[{"damage":3,"enemies":"2 Louse","floor":1,"turns":3},{"damage":12,"enemies":"Jaw Worm","floor":4,"turns":3},{"damage":1,"enemies":"Cultist","floor":5,"turns":3},{"damage":11,"enemies":"3 Sentries","floor":8,"turns":3},{"damage":28,"enemies":"Lagavulin","floor":12,"turns":4},{"damage":0,"enemies":"Exordium Wildlife","floor":13,"turns":2},{"damage":8,"enemies":"Lots of Slimes","floor":14,"turns":3},{"damage":6,"enemies":"Slime Boss","floor":16,"turns":7},{"damage":0,"enemies":"3 Byrds","floor":18,"turns":2},{"damage":3,"enemies":"Chosen","floor":19,"turns":4},{"damage":23,"enemies":"Snecko","floor":21,"turns":4},{"damage":80,"enemies":"Gremlin Leader","floor":23,"turns":9},{"damage":43,"enemies":"Centurion and Healer","floor":25,"turns":7},{"damage":3,"enemies":"Snake Plant","floor":28,"turns":4},{"damage":0,"enemies":"3 Cultists","floor":31,"turns":3},{"damage":68,"enemies":"Champ","floor":33,"turns":9}],"seed_played":"-5773853073776185290","potions_obtained":[{"floor":1,"key":"Explosive Potion"},{"floor":12,"key":"Ancient Potion"},{"floor":13,"key":"Regen Potion"},{"floor":16,"key":"EssenceOfSteel"},{"floor":21,"key":"Regen Potion"},{"floor":28,"key":"SkillPotion"},{"floor":31,"key":"FearPotion"}],"is_trial":false,"path_per_floor":["M","?","T","M","M","R","$","E","T","R","$","E","M","M","R","B",null,"M","M","?","M","?","E","R","M","T","$","M","$","R","M","R"],"character_chosen":"DEFECT","items_purchased":["Lee\u0027s Waffle","Fire Potion","Runic Capacitor","PreservedInsect","Conserve Battery+1","Fruit Juice"],"campfire_rested":4,"item_purchase_floors":[7,11,27,27,27,27],"current_hp_per_floor":[65,54,54,42,41,41,75,64,71,71,71,43,43,35,59,53,82,82,79,79,56,56,28,52,9,9,9,11,11,37,37,63,0],"gold":61,"neow_bonus":"THREE_RARE_CARDS","is_prod":false,"is_daily":false,"chose_seed":false,"campfire_upgraded":2,"win_rate":0,"timestamp":1538823307,"path_taken":["M","?","?","M","M","R","$","E","T","R","$","E","M","M","R","BOSS","M","?","?","M","?","E","R","M","T","$","M","$","R","M","R","BOSS"],"build_version":"2018-10-04v2","purchased_purges":1,"victory":false,"max_hp_per_floor":[68,68,68,68,68,68,75,75,82,82,82,82,82,82,82,82,82,82,82,82,82,82,82,82,82,82,82,87,87,87,87,87,87],"card_choices":[{"not_picked":["Core Surge","Echo Form"],"picked":"Electrodynamics","floor":0},{"not_picked":["Hello World","Cold Snap"],"picked":"Coolheaded","floor":1},{"not_picked":["Doom and Gloom","Coolheaded"],"picked":"Hologram","floor":4},{"not_picked":["Steam","FTL"],"picked":"Barrage","floor":5},{"not_picked":["Barrage","Sunder"],"picked":"Core Surge","floor":8},{"not_picked":["Ball Lightning","Stack"],"picked":"White Noise","floor":12},{"not_picked":["Streamline","Static Discharge"],"picked":"Leap","floor":13},{"not_picked":["Coolheaded","Self Repair","Hello World"],"picked":"SKIP","floor":14},{"not_picked":["Amplify","Buffer"],"picked":"Thunder Strike","floor":16},{"not_picked":["FTL+1","Undo"],"picked":"Turbo","floor":18},{"not_picked":["Force Field","Stack+1","Steam"],"picked":"SKIP","floor":19},{"not_picked":["Lockon","Steam","Hologram"],"picked":"SKIP","floor":21},{"not_picked":["Redo","Consume","FTL"],"picked":"SKIP","floor":23},{"not_picked":["Streamline+1","Redo+1","Compile Driver+1"],"picked":"SKIP","floor":25},{"not_picked":["Barrage","Redo+1"],"picked":"Conserve Battery+1","floor":28},{"not_picked":["Heatsinks","Genetic Algorithm+1"],"picked":"Consume+1","floor":31}],"player_experience":420308,"relics_obtained":[{"floor":3,"key":"Matryoshka"},{"floor":8,"key":"Gambling Chip"},{"floor":9,"key":"Strawberry"},{"floor":9,"key":"Bottled Lightning"},{"floor":12,"key":"Happy Flower"},{"floor":17,"key":"Old Coin"},{"floor":17,"key":"Bag of Marbles"},{"floor":17,"key":"Ornamental Fan"},{"floor":23,"key":"Toxic Egg 2"},{"floor":26,"key":"Centennial Puzzle"},{"floor":26,"key":"Smiling Mask"}],"event_choices":[{"event_name":"World of Goop","player_choice":"Gather Gold","floor":2,"damage_taken":0},{"event_name":"Back to Basics","player_choice":"Elegance","floor":20,"damage_taken":0},{"event_name":"Vampires","player_choice":"Ignored","floor":22,"damage_taken":0}],"is_beta":false,"boss_relics":[{"not_picked":["Fusion Hammer","Velvet Choker"],"picked":"Calling Bell"}],"items_purged_floors":[27],"is_endless":false,"potions_floor_spawned":[1,12,13,16,21,28,31],"killed_by":"Champ","ascension_level":4}