{"gold_per_floor":[17,32,32,32,32,66,66,91,170,197,272,272,18,18,18,18],"floor_reached":16,"playtime":504,"items_purged":["Defend_B"],"score":137,"play_id":"d2d4a442-6b3f-49cc-b2f2-45835f0e891c","local_time":"20180914134944","is_ascension_mode":true,"campfire_choices":[{"floor":7,"key":"REST"},{"floor":12,"key":"REST"},{"floor":15,"key":"REST"}],"neow_cost":"NO_GOLD","seed_source_timestamp":267575775356183,"circlet_count":0,"master_deck":["Strike_B+1","Strike_B","Strike_B+1","Strike_B+1","Defend_B","Defend_B","Defend_B","Zap","Dualcast+1","Conserve Battery","Beam Cell","Conserve Battery","Steam","Melter","Injury"],"relics":["Cracked Core","Turnip","Strawberry","Whetstone","WingedGreaves","Shuriken","Smiling Mask","Toolbox","Golden Idol"],"potions_floor_usage":[6,8,10],"damage_taken":[{"damage":0,"enemies":"Small Slimes","floor":1,"turns":3},{"damage":3,"enemies":"Jaw Worm","floor":2,"turns":5},{"damage":18,"enemies":"3 Sentries","floor":6,"turns":6},{"damage":18,"enemies":"Lagavulin","floor":8,"turns":7},{"damage":8,"enemies":"Gremlin Nob","floor":10,"turns":4},{"damage":74,"enemies":"Hexaghost","floor":16,"turns":9}],"seed_played":"1846160677655295179","potions_obtained":[{"floor":2,"key":"AttackPotion"},{"floor":6,"key":"SkillPotion"},{"floor":8,"key":"Ancient Potion"}],"is_trial":false,"path_per_floor":["M","M","$","?","?","E","R","E","T","E","?","R","$","?","R"],"character_chosen":"DEFECT","items_purchased":["Toolbox"],"campfire_rested":3,"item_purchase_floors":[13],"current_hp_per_floor":[75,72,72,57,57,39,63,45,45,37,26,50,50,50,74,0],"gold":18,"neow_bonus":"ONE_RARE_RELIC","is_prod":false,"is_daily":false,"chose_seed":false,"campfire_upgraded":0,"win_rate":0,"timestamp":1536922184,"path_taken":["M","M","$","?","?","E","R","E","T","E","?","R","$","?","R","BOSS"],"build_version":"2018-09-06","purchased_purges":1,"victory":false,"max_hp_per_floor":[75,75,75,75,82,82,82,82,82,82,82,82,82,82,82,82],"card_choices":[{"not_picked":["Genetic Algorithm","Barrage"],"picked":"Conserve Battery","floor":1},{"not_picked":["Capacitor","Gash"],"picked":"Beam Cell","floor":2},{"not_picked":["Machine Learning","Storm"],"picked":"Conserve Battery","floor":6},{"not_picked":["Streamline","BootSequence"],"picked":"Steam","floor":8},{"not_picked":["Barrage","Steam Power"],"picked":"Melter","floor":10}],"player_experience":363243,"relics_obtained":[{"floor":6,"key":"Whetstone"},{"floor":8,"key":"WingedGreaves"},{"floor":9,"key":"Shuriken"},{"floor":10,"key":"Smiling Mask"}],"event_choices":[{"event_name":"Shining Light","player_choice":"Entered Light","floor":4,"damage_taken":0},{"event_name":"Scrap Ooze","player_choice":"success","floor":5,"damage_taken":7},{"event_name":"World of Goop","player_choice":"Gather Gold","floor":11,"damage_taken":0},{"event_name":"Golden Idol","player_choice":"Take Wound","floor":14,"damage_taken":0}],"is_beta":false,"boss_relics":[],"items_purged_floors":[13],"is_endless":false,"potions_floor_spawned":[2,6,8],"killed_by":"Hexaghost","ascension_level":4}