{"gold_per_floor":[117,143,154,169,119,119,154,169,169,244,244,419,432,451,451,547,547,560,342,342,358,369,369,369],"floor_reached":24,"playtime":823,"items_purged":["Regret"],"score":228,"play_id":"1408aa57-fea7-48e5-ac3a-e818d85c774e","local_time":"20180727223949","is_ascension_mode":true,"campfire_choices":[{"data":"Tempest","floor":6,"key":"SMITH"},{"floor":11,"key":"REST"},{"floor":15,"key":"REST"},{"floor":23,"key":"REST"}],"neow_cost":"NONE","seed_source_timestamp":52195716865976,"circlet_count":0,"master_deck":["Strike_B","Strike_B","Strike_B","Strike_B","Defend_B","Defend_B","Defend_B","Zap+1","Dualcast","Tempest+1","Melter","Reprogram","Thunder Strike","Genetic Algorithm","Static Discharge","Reboot","Decay","Defragment","Conserve Battery"],"relics":["Cracked Core","Boot","Omamori","Potion Belt","Calling Bell","Dodecahedron","Dream Catcher","Du-Vu Doll","Bag of Preparation"],"potions_floor_usage":[7,13,13,16,24],"damage_taken":[{"damage":1,"enemies":"Cultist","floor":1,"turns":3},{"damage":0,"enemies":"2 Louse","floor":3,"turns":1},{"damage":5,"enemies":"Small Slimes","floor":4,"turns":3},{"damage":24,"enemies":"3 Sentries","floor":7,"turns":6},{"damage":11,"enemies":"Looter","floor":8,"turns":2},{"damage":0,"enemies":"Exordium Thugs","floor":13,"turns":2},{"damage":6,"enemies":"Exordium Wildlife","floor":14,"turns":2},{"damage":36,"enemies":"The Guardian","floor":16,"turns":8},{"damage":0,"enemies":"Spheric Guardian","floor":18,"turns":2},{"damage":28,"enemies":"Shell Parasite","floor":21,"turns":3},{"damage":37,"enemies":"Centurion and Healer","floor":22,"turns":3},{"damage":51,"enemies":"Book of Stabbing","floor":24,"turns":4}],"seed_played":"8501132831947682147","potions_obtained":[{"floor":1,"key":"Dexterity Potion"},{"floor":7,"key":"Explosive Potion"},{"floor":8,"key":"AttackPotion"},{"floor":14,"key":"AttackPotion"},{"floor":22,"key":"Energy Potion"}],"is_trial":false,"path_per_floor":["M","T","M","M","?","R","E","M","T","?","R","?","M","M","R","B",null,"M","$","?","M","M","R"],"character_chosen":"DEFECT","items_purchased":["Bag of Preparation"],"campfire_rested":3,"item_purchase_floors":[19],"current_hp_per_floor":[74,74,74,69,69,69,45,34,34,23,45,45,45,39,61,25,75,75,75,75,47,10,32,0],"gold":369,"neow_bonus":"UPGRADE_CARD","is_prod":false,"is_daily":false,"chose_seed":false,"campfire_upgraded":1,"win_rate":0,"timestamp":1532720389,"path_taken":["M","?","?","M","?","R","E","?","T","?","R","?","M","M","R","BOSS","M","$","?","?","M","R","E"],"build_version":"2018-07-26","purchased_purges":1,"victory":false,"max_hp_per_floor":[75,75,75,75,75,75,75,75,75,75,75,75,75,75,75,75,75,75,75,75,75,75,75,75],"card_choices":[{"not_picked":["Rip and Tear","Streamline"],"picked":"Tempest","floor":1},{"not_picked":["Gash","Consume"],"picked":"Melter","floor":3},{"not_picked":["Gash","Conserve Battery"],"picked":"Reprogram","floor":4},{"not_picked":["Hello World","Glacier"],"picked":"Thunder Strike","floor":7},{"not_picked":["Force Field","Turbo"],"picked":"Genetic Algorithm","floor":8},{"not_picked":["Reprogram","Fusion","Gash"],"picked":"SKIP","floor":13},{"not_picked":["Cold Snap","Compile Driver"],"picked":"Static Discharge","floor":14},{"not_picked":["Rainbow","Fission"],"picked":"Reboot","floor":16},{"not_picked":["Sweeping Beam","Ball Lightning"],"picked":"Defragment","floor":18},{"not_picked":["Melter","Turbo","Sweeping Beam+1"],"picked":"SKIP","floor":21},{"not_picked":["Beam Cell","Amplify"],"picked":"Conserve Battery","floor":22}],"player_experience":311958,"relics_obtained":[{"floor":2,"key":"Boot"},{"floor":7,"key":"Omamori"},{"floor":9,"key":"Potion Belt"},{"floor":17,"key":"Dodecahedron"},{"floor":17,"key":"Dream Catcher"},{"floor":17,"key":"Du-Vu Doll"}],"event_choices":[{"event_name":"The Cleric","player_choice":"Card Removal","floor":5,"damage_taken":0},{"event_name":"World of Goop","player_choice":"Gather Gold","floor":10,"damage_taken":0},{"event_name":"Liars Game","player_choice":"agreed","floor":12,"damage_taken":0},{"event_name":"Ghosts","player_choice":"Ignored","floor":20,"damage_taken":0}],"is_beta":false,"boss_relics":[{"not_picked":["Busted Crown","Eternal Feather"],"picked":"Calling Bell"}],"items_purged_floors":[19],"is_endless":false,"potions_floor_spawned":[1,7,8,14,22],"killed_by":"Book of Stabbing","ascension_level":3}