{"gold_per_floor":[113,38,38,58,69,69,69,98,150,164,14,27,27,55,55,134,134,146,161,161,175,191,191,223,223,223,235,278,290,302],"floor_reached":30,"playtime":5979,"items_purged":["Strike_G"],"score":528,"play_id":"dabac20d-3ab6-4aa6-920f-d30e91de11be","local_time":"20190702225853","is_ascension_mode":true,"campfire_choices":[{"data":"Sucker Punch","floor":6.0,"key":"SMITH"},{"floor":13,"key":"REST"},{"data":"Crippling Poison","floor":15,"key":"SMITH"},{"data":"Noxious Fumes","floor":23,"key":"SMITH"},{"floor":25,"key":"REST"},{"data":"Glass Knife","floor":27,"key":"SMITH"}],"neow_cost":"NONE","seed_source_timestamp":886461807810819,"circlet_count":0,"master_deck":["AscendersBane","Survivor","Neutralize+1","Sucker Punch+1","Flying Knee","Neutralize","Crippling Poison+1","Deadly Poison+1","Noxious Fumes+1","Poisoned Stab","Glass Knife","Dodge and Roll","PiercingWail","Noxious Fumes","Dodge and Roll","Skewer","Leg Sweep","After Image","Glass Knife+1","PiercingWail","Blur","Dash"],"special_seed":0,"relics":["Ring of the Snake","Potion Belt","Happy Flower","Vajra","Pantograph","Pandora\u0027s Box","Snake Skull","MawBank","Juzu Bracelet"],"potions_floor_usage":[14,22,24,28,30],"damage_taken":[{"damage":0.0,"enemies":"Cultist","floor":1.0,"turns":4.0},{"damage":1.0,"enemies":"2 Louse","floor":4.0,"turns":4.0},{"damage":0.0,"enemies":"Jaw Worm","floor":5.0,"turns":6.0},{"damage":47.0,"enemies":"3 Sentries","floor":8.0,"turns":12.0},{"damage":16.0,"enemies":"Gremlin Gang","floor":10.0,"turns":5.0},{"damage":1,"enemies":"Red Slaver","floor":12,"turns":3},{"damage":7,"enemies":"Gremlin Nob","floor":14,"turns":4},{"damage":39,"enemies":"Slime Boss","floor":16,"turns":9},{"damage":0,"enemies":"Chosen","floor":18,"turns":5},{"damage":13,"enemies":"Shell Parasite","floor":19,"turns":6},{"damage":2,"enemies":"Centurion and Healer","floor":21,"turns":5},{"damage":13,"enemies":"Snake Plant","floor":22,"turns":5},{"damage":23,"enemies":"Slavers","floor":24,"turns":5},{"damage":23,"enemies":"Book of Stabbing","floor":28,"turns":5},{"damage":9,"enemies":"Cultist and Chosen","floor":30,"turns":5}],"seed_played":"2579688834358779629","potions_obtained":[{"floor":8.0,"key":"Regen Potion"},{"floor":10.0,"key":"PowerPotion"},{"floor":12,"key":"GhostInAJar"},{"floor":14,"key":"SteroidPotion"},{"floor":18,"key":"Fruit Juice"},{"floor":19,"key":"Fire Potion"},{"floor":22,"key":"Energy Potion"},{"floor":28,"key":"LiquidBronze"}],"is_trial":false,"path_per_floor":["M","?","?","M","M","R","?","E","T","M","$","M","R","E","R","B",null,"M","M","?","M","M","R","E","R","T","R","E","?","M"],"character_chosen":"THE_SILENT","items_purchased":["Noxious Fumes"],"campfire_rested":2,"item_purchase_floors":[11],"current_hp_per_floor":[59,59,59,58,58,58,58,11,11,9,9,8,27,20,20,6,51,51,38,38,36,28,28,5,26,26,26,3,3,0],"gold":302,"neow_bonus":"RANDOM_COMMON_RELIC","is_prod":false,"is_daily":false,"chose_seed":false,"campfire_upgraded":4,"win_rate":0,"timestamp":1562122733,"path_taken":["M","?","?","?","M","R","?","E","T","?","?","M","R","E","R","BOSS","M","M","?","?","M","R","E","R","T","R","E","?","M"],"build_version":"2019-07-01","purchased_purges":1,"victory":false,"max_hp_per_floor":[66,66,66,66,66,66,66,66,66,66,66,66,66,66,66,66,66,66,66,66,66,71,71,71,71,71,71,71,71,71],"card_choices":[{"not_picked":["Outmaneuver","Underhanded Strike"],"picked":"Sucker Punch","floor":1.0},{"not_picked":["Deflect","Dodge and Roll"],"picked":"Flying Knee","floor":4.0},{"not_picked":["Bane","Prepared"],"picked":"Quick Slash","floor":5.0},{"not_picked":["Outmaneuver","Blade Dance"],"picked":"Crippling Poison","floor":8.0},{"not_picked":["PiercingWail","Envenom"],"picked":"Deadly Poison","floor":10.0},{"not_picked":["Choke","Deflect"],"picked":"Poisoned Stab","floor":12},{"not_picked":["Tactician","Outmaneuver","Deflect"],"picked":"SKIP","floor":14},{"not_picked":["Envenom","Grand Finale"],"picked":"Glass Knife","floor":16},{"not_picked":["Sucker Punch","Poisoned Stab"],"picked":"PiercingWail","floor":18},{"not_picked":["Bane","Acrobatics","Riddle With Holes"],"picked":"SKIP","floor":19},{"not_picked":["Outmaneuver","Quick Slash"],"picked":"Blur","floor":21},{"not_picked":["Backflip","Poisoned Stab","Cloak And Dagger"],"picked":"SKIP","floor":22},{"not_picked":["Dodge and Roll","Quick Slash"],"picked":"Dash","floor":24},{"not_picked":["Accuracy","Sucker Punch","Dagger Spray"],"picked":"SKIP","floor":28}],"player_experience":2375831,"relics_obtained":[{"floor":8.0,"key":"Happy Flower"},{"floor":9.0,"key":"Vajra"},{"floor":14,"key":"Pantograph"},{"floor":24,"key":"Snake Skull"},{"floor":26,"key":"MawBank"},{"floor":28,"key":"Juzu Bracelet"}],"event_choices":[{"cards_removed":["Strike_G"],"damage_healed":0.0,"max_hp_gain":0.0,"max_hp_loss":0.0,"gold_gain":0.0,"event_name":"The Cleric","player_choice":"Card Removal","floor":2.0,"gold_loss":75.0,"damage_taken":0.0},{"damage_healed":0.0,"max_hp_gain":0.0,"max_hp_loss":0.0,"gold_gain":0.0,"event_name":"Upgrade Shrine","player_choice":"Upgraded","floor":3.0,"gold_loss":0.0,"damage_taken":0.0,"cards_upgraded":["Neutralize"]},{"damage_healed":0.0,"max_hp_gain":0.0,"max_hp_loss":0.0,"gold_gain":0.0,"event_name":"Match and Keep!","player_choice":"1 cards matched","floor":7.0,"gold_loss":0.0,"damage_taken":0.0,"cards_obtained":["Neutralize"]},{"damage_healed":0,"gold_gain":0,"player_choice":"Upgraded","damage_taken":0,"max_hp_gain":0,"max_hp_loss":0,"event_name":"Upgrade Shrine","floor":20,"gold_loss":0,"cards_upgraded":["Deadly Poison"]},{"cards_removed":["Quick Slash"],"damage_healed":0,"gold_gain":0,"player_choice":"Purged","damage_taken":0,"max_hp_gain":0,"max_hp_loss":0,"event_name":"Purifier","floor":29,"gold_loss":0}],"is_beta":false,"boss_relics":[{"not_picked":["Orrery","Lizard Tail"],"picked":"Pandora\u0027s Box"}],"items_purged_floors":[11],"is_endless":false,"potions_floor_spawned":[8,10,12,14,18,19,22,28],"killed_by":"Cultist and Chosen","ascension_level":18}