{"gold_per_floor":[119,119,119,95,105,131,131,166,189,189,208,208,220,240,240,338,338,351,351,341,341,341,341,341],"floor_reached":24,"playtime":880,"items_purged":[],"score":279,"play_id":"29daebc5-b64e-4e80-8243-d870557004cc","local_time":"20190330103047","is_ascension_mode":true,"campfire_choices":[{"floor":10,"key":"RECALL"},{"floor":12,"key":"REST"},{"floor":15,"key":"REST"},{"floor":23,"key":"REST"}],"neow_cost":"NONE","seed_source_timestamp":5686189168600,"circlet_count":0,"master_deck":["Strike_B","Strike_B","Defend_B","Defend_B","Defend_B","Zap","Dualcast","Core Surge+1","Leap+1","Loop","Gash","Sunder","Conserve Battery","Steam","Go for the Eyes","FTL","Electrodynamics","Creative AI","Injury","Writhe","Loop+1","Creative AI","Coolheaded+1","Ghostly+1","Ghostly+1","Ghostly+1","Ghostly+1","Ghostly+1"],"relics":["Astrolabe","Oddly Smooth Stone","Spirit Poop","Potion Belt","GremlinMask","Anchor","Calling Bell","Blood Vial","Toxic Egg 2","Incense Burner"],"potions_floor_usage":[8,16,18],"damage_taken":[{"damage":1,"enemies":"Cultist","floor":1,"turns":4},{"damage":0,"enemies":"Jaw Worm","floor":5,"turns":4},{"damage":27,"enemies":"Lagavulin","floor":6,"turns":7},{"damage":36,"enemies":"3 Sentries","floor":8,"turns":10},{"damage":0,"enemies":"Small Slimes","floor":11,"turns":3},{"damage":14,"enemies":"Gremlin Gang","floor":13,"turns":4},{"damage":0,"enemies":"3 Louse","floor":14,"turns":4},{"damage":15,"enemies":"The Guardian","floor":16,"turns":12},{"damage":20,"enemies":"3 Byrds","floor":18,"turns":3},{"damage":25,"enemies":"2 Thieves","floor":20,"turns":4},{"damage":11,"enemies":"Gremlin Leader","floor":24,"turns":4}],"seed_played":"20457596962420455","potions_obtained":[{"floor":6,"key":"GamblersBrew"},{"floor":14,"key":"Explosive Potion"},{"floor":16,"key":"SkillPotion"}],"is_trial":false,"path_per_floor":["M","?","?","$","M","E","?","E","T","R","M","R","M","M","R","B",null,"M","?","M","?","?","R","E"],"character_chosen":"DEFECT","items_purchased":["Gash"],"campfire_rested":3,"item_purchase_floors":[4],"current_hp_per_floor":[74,74,74,74,74,47,47,11,11,11,11,33,19,19,41,26,63,45,45,22,22,22,33,24],"gold":341,"neow_bonus":"BOSS_RELIC","is_prod":false,"is_daily":false,"chose_seed":false,"campfire_upgraded":0,"win_rate":0,"timestamp":1553934647,"path_taken":["M","?","?","$","?","E","?","E","T","R","?","R","M","M","R","BOSS","M","?","?","?","?","R","E"],"build_version":"2019-01-23","purchased_purges":0,"victory":false,"max_hp_per_floor":[75,75,75,75,75,75,75,75,75,75,75,75,75,75,75,75,75,75,75,75,37,37,37,37],"card_choices":[{"not_picked":["Hologram","Storm"],"picked":"Loop","floor":1},{"not_picked":["Blizzard","Stack"],"picked":"Sunder","floor":5},{"not_picked":["Compile Driver","Lockon"],"picked":"Conserve Battery","floor":6},{"not_picked":["Heatsinks","Storm"],"picked":"Steam","floor":8},{"not_picked":["Melter","Reinforced Body"],"picked":"Go for the Eyes","floor":11},{"not_picked":["Turbo","Coolheaded"],"picked":"FTL","floor":13},{"not_picked":["Tempest","Genetic Algorithm"],"picked":"Electrodynamics","floor":14},{"not_picked":["Amplify","Machine Learning"],"picked":"Creative AI","floor":16},{"not_picked":["Go for the Eyes","Recycle+1"],"picked":"Loop+1","floor":18},{"not_picked":["Aggregate+1","Beam Cell+1"],"picked":"Coolheaded+1","floor":20}],"player_experience":506501,"relics_obtained":[{"floor":6,"key":"Potion Belt"},{"floor":8,"key":"Anchor"},{"floor":17,"key":"Blood Vial"},{"floor":17,"key":"Toxic Egg 2"},{"floor":17,"key":"Incense Burner"}],"event_choices":[{"damage_healed":0,"gold_gain":0,"player_choice":"Box","damage_taken":0,"relics_obtained":["Oddly Smooth Stone"],"max_hp_gain":0,"max_hp_loss":0,"event_name":"Big Fish","floor":2,"gold_loss":0,"cards_obtained":["Regret"]},{"cards_removed":["Regret"],"damage_healed":0,"gold_gain":0,"player_choice":"Offered Curse","damage_taken":0,"relics_obtained":["Spirit Poop"],"max_hp_gain":0,"max_hp_loss":0,"event_name":"Bonfire Elementals","floor":3,"gold_loss":0},{"damage_healed":0,"gold_gain":0,"player_choice":"Trade","damage_taken":0,"relics_obtained":["GremlinMask"],"max_hp_gain":0,"max_hp_loss":0,"event_name":"FaceTrader","floor":7,"gold_loss":0},{"damage_healed":0,"gold_gain":0,"cards_transformed":["Stack"],"player_choice":"Transformed","damage_taken":0,"max_hp_gain":0,"max_hp_loss":0,"event_name":"Transmorgrifier","floor":19,"gold_loss":0,"cards_obtained":["Creative AI"]},{"damage_healed":0,"gold_gain":0,"player_choice":"Became a Ghost","damage_taken":0,"max_hp_gain":0,"max_hp_loss":38,"event_name":"Ghosts","floor":21,"gold_loss":0,"cards_obtained":["Ghostly","Ghostly","Ghostly","Ghostly","Ghostly"]},{"cards_removed":["Writhe"],"damage_healed":0,"gold_gain":0,"player_choice":"Elegance","damage_taken":0,"max_hp_gain":0,"max_hp_loss":0,"event_name":"Back to Basics","floor":22,"gold_loss":0}],"is_beta":false,"boss_relics":[{"not_picked":["Runic Dome","Inserter"],"picked":"Calling Bell"}],"items_purged_floors":[],"is_endless":false,"potions_floor_spawned":[6,14,16],"killed_by":"Gremlin Leader","ascension_level":5}