{"gold_per_floor":[115,132,152,152,44,62,91,101,124,137,150,165,165,165,165,261,261,271,288,308,15,30,30,49,49,76,76,92,142,142,161,161,161],"floor_reached":33,"playtime":4513,"items_purged":["Defend_R","Defend_R"],"score":255,"play_id":"bd83ac97-b394-42e9-89ae-39464674757c","local_time":"20180710220615","is_ascension_mode":false,"campfire_choices":[{"floor":13.0,"key":"REST"},{"data":"Rampage","floor":15.0,"key":"SMITH"},{"data":"Berserk","floor":23,"key":"SMITH"},{"data":"Perfected Strike","floor":25,"key":"SMITH"},{"data":"Pommel Strike","floor":27,"key":"SMITH"},{"data":"Dual Wield","floor":32,"key":"SMITH"}],"neow_cost":"NONE","seed_source_timestamp":0,"circlet_count":0,"master_deck":["Strike_R","Strike_R+1","Strike_R","Strike_R+1","Strike_R","Defend_R","Defend_R","Bash","Headbutt","Armaments","Clothesline","Rage","Headbutt","Infernal Blade","Clash","Rampage+1","Pommel Strike+1","Berserk+1","Twin Strike","Clothesline+1","Thunderclap","Thunderclap","Perfected Strike+1","Decay","Dual Wield+1"],"special_seed":0,"relics":["Snecko Eye","Ancient Tea Set","Pen Nib","Coffee Dripper","TwistedFunnel","Whetstone"],"potions_floor_usage":[24,24,24,31,33],"damage_taken":[{"damage":1.0,"enemies":"Jaw Worm","floor":1.0,"turns":2.0},{"damage":1.0,"enemies":"Cultist","floor":2.0,"turns":3.0},{"damage":4.0,"enemies":"2 Louse","floor":3.0,"turns":4.0},{"damage":0.0,"enemies":"Exordium Wildlife","floor":6.0,"turns":2.0},{"damage":19.0,"enemies":"Gremlin Nob","floor":7.0,"turns":4.0},{"damage":8.0,"enemies":"3 Louse","floor":8.0,"turns":3.0},{"damage":14.0,"enemies":"Blue Slaver","floor":10.0,"turns":3.0},{"damage":9.0,"enemies":"Looter","floor":11.0,"turns":3.0},{"damage":4.0,"enemies":"2 Fungi Beasts","floor":12.0,"turns":2.0},{"damage":45.0,"enemies":"Hexaghost","floor":16.0,"turns":8.0},{"damage":7.0,"enemies":"Shell Parasite","floor":18.0,"turns":3.0},{"damage":5.0,"enemies":"Chosen","floor":19.0,"turns":2.0},{"damage":22.0,"enemies":"Snecko","floor":20.0,"turns":4.0},{"damage":11.0,"enemies":"Cultist and Chosen","floor":22.0,"turns":5.0},{"damage":22,"enemies":"Slaver and Parasite","floor":24,"turns":4},{"damage":5,"enemies":"Snecko","floor":28,"turns":3},{"damage":11,"enemies":"Cultist and Chosen","floor":31,"turns":4},{"damage":20,"enemies":"Automaton","floor":33,"turns":4}],"seed_played":"-1919986539678003578","potions_obtained":[{"floor":6.0,"key":"Block Potion"},{"floor":7.0,"key":"PowerPotion"},{"floor":12.0,"key":"Block Potion"},{"floor":16.0,"key":"AttackPotion"},{"floor":19.0,"key":"Swift Potion"},{"floor":22,"key":"Fire Potion"},{"floor":28,"key":"Energy Potion"},{"floor":31,"key":"Swift Potion"}],"is_trial":false,"path_per_floor":["M","M","M","?","$","M","E","M","T","M","M","M","R","?","R","B",null,"M","M","M","$","M","R","M","R","T","R","M","?","?","M","R"],"character_chosen":"IRONCLAD","items_purchased":["Rage","TwistedFunnel"],"campfire_rested":1,"item_purchase_floors":[5,21],"current_hp_per_floor":[79,78,74,74,74,74,55,47,47,33,24,20,44,80,80,35,80,73,68,46,46,35,35,13,13,13,13,8,8,8,9,9,0],"gold":161,"neow_bonus":"BOSS_RELIC","is_prod":false,"is_daily":false,"chose_seed":false,"campfire_upgraded":5,"win_rate":0.0,"timestamp":1531278375,"path_taken":["M","M","M","?","$","M","E","M","T","M","M","M","R","?","R","BOSS","M","?","M","$","M","R","M","R","T","R","M","?","?","M","R","BOSS"],"build_version":"2018-07-05","purchased_purges":2,"victory":false,"max_hp_per_floor":[80,80,80,80,80,80,80,80,80,80,80,80,80,80,80,80,80,80,80,80,80,80,80,80,80,80,80,80,80,80,80,80,80],"card_choices":[{"not_picked":["Sword Boomerang","Shrug It Off"],"picked":"Headbutt","floor":1.0},{"not_picked":["Second Wind","Entrench"],"picked":"Armaments","floor":2.0},{"not_picked":["Warcry","Shrug It Off"],"picked":"Clothesline","floor":3.0},{"not_picked":["Armaments","Twin Strike"],"picked":"Headbutt","floor":6.0},{"not_picked":["Sever Soul","Flame Barrier"],"picked":"Seeing Red","floor":7.0},{"not_picked":["Burning Pact","Shockwave"],"picked":"Infernal Blade","floor":8.0},{"not_picked":["Infernal Blade","True Grit"],"picked":"Clash","floor":10.0},{"not_picked":["Dark Embrace","Clothesline"],"picked":"Rampage","floor":11.0},{"not_picked":["Armaments","Iron Wave"],"picked":"Pommel Strike","floor":12.0},{"not_picked":["Juggernaut","Impervious"],"picked":"Berserk","floor":16.0},{"not_picked":["Flex","Warcry"],"picked":"Twin Strike","floor":18.0},{"not_picked":["Ghostly Armor","Twin Strike"],"picked":"Clothesline+1","floor":19.0},{"not_picked":["Warcry+1","Twin Strike"],"picked":"Thunderclap","floor":20.0},{"not_picked":["Ghostly Armor","Armaments+1"],"picked":"Thunderclap","floor":22},{"not_picked":["Metallicize","Limit Break"],"picked":"Perfected Strike","floor":24},{"not_picked":["Second Wind+1","Combust","Pummel"],"picked":"SKIP","floor":28},{"not_picked":["Cleave","Headbutt"],"picked":"Dual Wield","floor":31}],"player_experience":24644,"relics_obtained":[{"floor":7.0,"key":"Ancient Tea Set"},{"floor":9.0,"key":"Pen Nib"},{"floor":26,"key":"Whetstone"}],"event_choices":[{"event_name":"The Woman in Blue","player_choice":"Bought 0 Potions","floor":4.0,"damage_taken":0.0},{"event_name":"Bonfire Elementals","player_choice":"UNCOMMON","floor":14.0,"damage_taken":0.0},{"event_name":"The Joust","player_choice":"Bet on Murderer","floor":29,"damage_taken":0},{"event_name":"Forgotten Altar","player_choice":"Smashed Altar","floor":30,"damage_taken":0}],"boss_relics":[{"not_picked":["Tiny House","Busted Crown"],"picked":"Coffee Dripper"}],"items_purged_floors":[5,21],"is_endless":false,"potions_floor_spawned":[6,7,12,16,19,22,28,31],"killed_by":"Automaton","ascension_level":0}