{"path_per_floor":["M","?","M","$","?","R","E","?","T","$","R","E","R","M","R","B",null,"M","?","?","$","M","R","M","M","T","M","$","R","M","$","R"],"character_chosen":"IRONCLAD","items_purchased":["Flex","Flex"],"gold_per_floor":[119,119,139,64,64,64,96,96,119,19,19,45,45,59,59,162,162,179,179,179,7,18,18,37,55,55,67,19,19,34,34,34,34],"floor_reached":33,"campfire_rested":2,"playtime":797,"current_hp_per_floor":[77,70,70,70,70,70,44,26,26,26,50,46,46,52,76,73,80,76,76,76,76,67,67,70,68,68,71,71,71,60,60,60,0],"items_purged":["Defend_R","Defend_R","Strike_R"],"gold":34,"score":278,"play_id":"b3d9f547-68fa-4b11-86c7-c369739eb229","local_time":"20180329150114","is_prod":false,"is_daily":false,"is_ascension_mode":true,"campfire_upgraded":3,"timestamp":1522324874,"path_taken":["M","?","M","$","?","R","E","?","T","$","R","E","R","M","R","BOSS","M","?","?","$","?","R","M","M","T","M","?","R","?","$","R","BOSS"],"build_version":"2018-03-22v2","purchased_purges":3,"victory":false,"master_deck":["Strike_R","Strike_R","Strike_R","Strike_R","Defend_R+1","Bash","Inflame+1","Inflame","Thunderclap","Whirlwind+1","Reaper","Inflame+1","Flex","Bloodletting+1","Flex"],"max_hp_per_floor":[80,80,80,80,80,80,80,80,80,80,80,80,80,80,80,80,80,80,80,80,80,80,80,80,80,80,80,80,80,80,80,80,80],"relics":["Burning Blood","Ornamental Fan","Dream Catcher","Omamori","Art of War","War Paint","Orrery","Self Forming Clay","Girya"],"card_choices":[{"not_picked":["Dual Wield","Rampage"],"picked":"Inflame","floor":1},{"not_picked":["Sword Boomerang","Heavy Blade"],"picked":"Inflame","floor":7},{"not_picked":["Headbutt","Feel No Pain"],"picked":"Thunderclap","floor":11},{"not_picked":["Flex","Disarm"],"picked":"Whirlwind","floor":12},{"not_picked":["Feed","Dark Embrace"],"picked":"Reaper","floor":16},{"not_picked":["True Grit","Cleave"],"picked":"Inflame","floor":18},{"not_picked":["Warcry","Corruption"],"picked":"Bloodletting","floor":22}],"player_experience":142627,"potions_floor_usage":[7,7,16,18,24,27,33],"damage_taken":[{"damage":9,"enemies":"2 Louse","floor":1,"turns":3},{"damage":6,"enemies":"Cultist","floor":3,"turns":3},{"damage":32,"enemies":"Lagavulin","floor":7,"turns":4},{"damage":10,"enemies":"Gremlin Nob","floor":12,"turns":3},{"damage":0,"enemies":"Small Slimes","floor":14,"turns":2},{"damage":9,"enemies":"Slime Boss","floor":16,"turns":5},{"damage":18,"enemies":"3 Byrds","floor":18,"turns":4},{"damage":15,"enemies":"Chosen","floor":22,"turns":5},{"damage":31,"enemies":"Centurion and Healer","floor":24,"turns":4},{"damage":18,"enemies":"Snecko","floor":25,"turns":4},{"damage":15,"enemies":"3 Cultists","floor":27,"turns":3},{"damage":17,"enemies":"Centurion and Healer","floor":30,"turns":3},{"damage":88,"enemies":"Collector","floor":33,"turns":6}],"event_choices":[{"event_name":"Golden Wing","player_choice":"Card Removal","floor":2,"damage_taken":0},{"event_name":"Wheel of Change","player_choice":"Relic","floor":5,"damage_taken":0},{"event_name":"Scrap Ooze","player_choice":"success","floor":8,"damage_taken":18},{"event_name":"Vampires","player_choice":"Ignored","floor":19,"damage_taken":0},{"event_name":"The Mausoleum","player_choice":"Yes","floor":20,"damage_taken":0}],"boss_relics":[{"not_picked":["Pandora\u0027s Box","Snecko Eye"],"picked":"Orrery"}],"potions_floor_spawned":[1,3,14,16,18,24,30],"seed_played":"7188202439802096523","killed_by":"Collector","ascension_level":2,"is_trial":false}