{"gold_per_floor":[19,19,19,35,35,69,69,69,69,69,69,88,119,133,133,133],"floor_reached":16,"playtime":522,"items_purged":[],"score":130,"play_id":"303b1eef-ebea-4633-b279-6ba5a7c9a58b","local_time":"20180804192433","is_ascension_mode":true,"campfire_choices":[{"floor":8,"key":"REST"},{"floor":15,"key":"REST"}],"neow_cost":"NO_GOLD","seed_source_timestamp":606870612703504,"circlet_count":0,"master_deck":["Strike_B","Strike_B","Strike_B","Strike_B","Defend_B","Defend_B","Zap","Dualcast","Turbo","Rip and Tear","Core Surge","Injury","Self Repair"],"relics":["Cracked Core","Ornamental Fan","Bottled Flame","Shuriken","Kunai","Golden Idol","DataDisk"],"potions_floor_usage":[6,13],"damage_taken":[{"damage":1,"enemies":"2 Louse","floor":1,"turns":2},{"damage":7,"enemies":"Jaw Worm","floor":4,"turns":3},{"damage":43,"enemies":"3 Sentries","floor":6,"turns":8},{"damage":0,"enemies":"Cultist","floor":12,"turns":2},{"damage":20,"enemies":"Gremlin Nob","floor":13,"turns":4},{"damage":9,"enemies":"Red Slaver","floor":14,"turns":2},{"damage":61,"enemies":"The Guardian","floor":16,"turns":9}],"seed_played":"-281264613162882524","potions_obtained":[{"floor":1,"key":"Regen Potion"},{"floor":12,"key":"Strength Potion"}],"is_trial":false,"path_per_floor":["M","?","?","M","?","E","?","R","T","T","?","M","E","M","R"],"character_chosen":"DEFECT","items_purchased":[],"campfire_rested":2,"item_purchase_floors":[],"current_hp_per_floor":[74,74,74,67,60,32,32,54,54,54,54,54,41,39,61,0],"gold":133,"neow_bonus":"REMOVE_TWO","is_prod":false,"is_daily":false,"chose_seed":false,"campfire_upgraded":0,"win_rate":0,"timestamp":1533399873,"path_taken":["M","?","?","?","?","E","?","R","T","?","?","?","E","M","R","BOSS"],"build_version":"2018-08-02","purchased_purges":0,"victory":false,"max_hp_per_floor":[75,75,75,75,75,75,75,75,75,75,75,75,75,75,75,75],"card_choices":[{"not_picked":["BootSequence","Cold Snap"],"picked":"Turbo","floor":1},{"not_picked":["Darkness","Cold Snap","Compile Driver"],"picked":"SKIP","floor":4},{"not_picked":["Rebound","Steam"],"picked":"Rip and Tear","floor":6},{"not_picked":["Cold Snap","Ball Lightning"],"picked":"Self Repair","floor":12},{"not_picked":["Fission","Glacier","Recycle"],"picked":"SKIP","floor":13},{"not_picked":["Leap","Sweeping Beam","Steam"],"picked":"SKIP","floor":14}],"player_experience":331378,"relics_obtained":[{"floor":6,"key":"Bottled Flame"},{"floor":9,"key":"Shuriken"},{"floor":10,"key":"Kunai"},{"floor":13,"key":"DataDisk"}],"event_choices":[{"event_name":"Big Fish","player_choice":"Box","floor":2,"damage_taken":0},{"event_name":"The Cleric","player_choice":"Leave","floor":3,"damage_taken":0},{"event_name":"Golden Wing","player_choice":"Card Removal","floor":5,"damage_taken":0},{"event_name":"Match and Keep!","player_choice":"1 cards matched","floor":7,"damage_taken":0},{"event_name":"Golden Idol","player_choice":"Take Wound","floor":11,"damage_taken":0}],"is_beta":false,"boss_relics":[],"items_purged_floors":[],"is_endless":false,"potions_floor_spawned":[1,12],"killed_by":"The Guardian","ascension_level":4}