{"gold_per_floor":[10,10,10,30,40,40,71,71,71,96,96,157,157,170,170,170],"floor_reached":16,"playtime":706,"items_purged":[],"score":189,"play_id":"5dcb8fc9-ba9c-4073-ab4f-d7266982117e","local_time":"20181205110349","is_ascension_mode":true,"campfire_choices":[{"floor":6,"key":"REST"},{"floor":8,"key":"REST"},{"floor":11,"key":"REST"},{"data":"Pommel Strike","floor":15,"key":"SMITH"}],"neow_cost":"NO_GOLD","seed_source_timestamp":11858215329300,"circlet_count":0,"master_deck":["AscendersBane","Strike_R","Strike_R","Strike_R","Strike_R","Strike_R","Defend_R+1","Defend_R","Defend_R","Defend_R+1","Bash","Inflame","Armaments","Dropkick","Dropkick","Reaper","Pommel Strike+1","Cleave"],"relics":["Burning Blood","Ginger","Champion Belt","War Paint","Dodecahedron","Regal Pillow","Tiny Chest","CultistMask"],"potions_floor_usage":[7,10,12],"damage_taken":[{"damage":9,"enemies":"2 Louse","floor":1,"turns":3},{"damage":1,"enemies":"Small Slimes","floor":4,"turns":4},{"damage":0,"enemies":"Cultist","floor":5,"turns":3},{"damage":40,"enemies":"3 Sentries","floor":7,"turns":10},{"damage":24,"enemies":"Lagavulin","floor":10,"turns":5},{"damage":29,"enemies":"Gremlin Nob","floor":12,"turns":5},{"damage":8,"enemies":"Blue Slaver","floor":14,"turns":4},{"damage":66,"enemies":"Slime Boss","floor":16,"turns":8}],"seed_played":"-3282169738168251196","potions_obtained":[{"floor":1,"key":"Swift Potion"},{"floor":7,"key":"Fire Potion"},{"floor":10,"key":"GamblersBrew"}],"is_trial":false,"path_per_floor":["M","?","?","M","M","R","E","R","T","E","R","E","?","M","R","B"],"character_chosen":"IRONCLAD","items_purchased":[],"campfire_rested":3,"item_purchase_floors":[],"current_hp_per_floor":[69,17,17,22,28,52,18,42,42,24,63,45,45,49,49,0],"gold":170,"neow_bonus":"ONE_RARE_RELIC","is_prod":false,"is_daily":false,"chose_seed":false,"campfire_upgraded":1,"win_rate":0,"timestamp":1544000629,"path_taken":["M","?","?","M","M","R","E","R","T","E","R","E","?","M","R","BOSS"],"build_version":"2018-11-15","purchased_purges":0,"victory":false,"max_hp_per_floor":[80,80,80,80,80,80,80,80,80,80,80,80,80,80,80,80],"card_choices":[{"not_picked":["Heavy Blade","Uppercut"],"picked":"Inflame","floor":1},{"not_picked":["Second Wind","Anger"],"picked":"Armaments","floor":4},{"not_picked":["Heavy Blade","Cleave"],"picked":"Dropkick","floor":5},{"not_picked":["Sever Soul","Second Wind"],"picked":"Dropkick","floor":7},{"not_picked":["Body Slam","Rampage"],"picked":"Reaper","floor":10},{"not_picked":["Heavy Blade","Sever Soul"],"picked":"Pommel Strike","floor":12},{"not_picked":["Reckless Charge","Warcry"],"picked":"Cleave","floor":14}],"player_experience":466113,"relics_obtained":[{"floor":7,"key":"War Paint"},{"floor":9,"key":"Dodecahedron"},{"floor":10,"key":"Regal Pillow"},{"floor":12,"key":"Tiny Chest"}],"event_choices":[{"damage_healed":0,"gold_gain":0,"player_choice":"Success","damage_taken":52,"relics_obtained":["Champion Belt"],"max_hp_gain":0,"max_hp_loss":0,"event_name":"Scrap Ooze","floor":2,"gold_loss":0},{"damage_healed":0,"gold_gain":0,"player_choice":"Leave","damage_taken":0,"max_hp_gain":0,"max_hp_loss":0,"event_name":"The Cleric","floor":3,"gold_loss":0},{"damage_healed":0,"gold_gain":0,"player_choice":"Trade","damage_taken":0,"relics_obtained":["CultistMask"],"max_hp_gain":0,"max_hp_loss":0,"event_name":"FaceTrader","floor":13,"gold_loss":0}],"is_beta":false,"boss_relics":[],"items_purged_floors":[],"is_endless":false,"potions_floor_spawned":[1,7,10],"killed_by":"Slime Boss","ascension_level":12}