{"gold_per_floor":[366,366,366,376,395,395,405,438,438,252,269,269,269,285,285,380,380,392,402,6,23,33,33,64,76,88,131,18,18,118,129,129,228,228,242,242,9,109,129,129,129,129,129,129,141,157,157,192,192,192],"floor_reached":50,"playtime":2234,"items_purged":["Strike_B","Strike_B","Defend_B"],"score":585,"play_id":"c90375f9-5543-4363-9801-50fa917c57ff","local_time":"20190714011108","is_ascension_mode":false,"campfire_choices":[{"data":"Zap","floor":6,"key":"SMITH"},{"floor":12,"key":"REST"},{"data":"Defragment","floor":15,"key":"SMITH"},{"data":"Loop","floor":23,"key":"SMITH"},{"data":"Reprogram","floor":25,"key":"SMITH"},{"floor":29,"key":"REST"},{"floor":32,"key":"REST"},{"floor":40,"key":"RECALL"},{"data":"Fission","floor":42,"key":"SMITH"},{"data":"Loop","floor":44,"key":"SMITH"},{"floor":49,"key":"REST"}],"neow_cost":"PERCENT_DAMAGE","seed_source_timestamp":211528202634712,"circlet_count":0,"master_deck":["Strike_B","Defend_B","Defend_B","Defend_B","Zap+1","Dualcast","Ball Lightning","Compile Driver","Chaos+1","Loop+1","Sunder","Defragment+1","FTL","Electrodynamics","Reinforced Body+1","Reprogram+1","Cold Snap+1","Beam Cell+1","Loop+1","FTL","Fission+1","Capacitor","BootSequence","Capacitor+1","Loop","Forethought+1","Dramatic Entrance","Blind+1","Fusion+1"],"relics":["Cracked Core","Regal Pillow","Gremlin Horn","Symbiotic Virus","Philosopher\u0027s Stone","Happy Flower","Lantern","MawBank","Du-Vu Doll","Busted Crown","DataDisk","Girya","FaceOfCleric","Toxic Egg 2","Bottled Tornado"],"potions_floor_usage":[16,16,16,16,21,22,27,46,46,48],"damage_taken":[{"damage":0,"enemies":"2 Louse","floor":1,"turns":3},{"damage":10,"enemies":"Small Slimes","floor":4,"turns":3},{"damage":0,"enemies":"Cultist","floor":5,"turns":3},{"damage":3,"enemies":"Red Slaver","floor":7,"turns":3},{"damage":24,"enemies":"3 Sentries","floor":8,"turns":7},{"damage":0,"enemies":"Lots of Slimes","floor":11,"turns":2},{"damage":3,"enemies":"3 Louse","floor":14,"turns":2},{"damage":12,"enemies":"Hexaghost","floor":16,"turns":5},{"damage":20,"enemies":"2 Thieves","floor":18,"turns":4},{"damage":12,"enemies":"Chosen","floor":19,"turns":3},{"damage":0,"enemies":"Snecko","floor":21,"turns":3},{"damage":0,"enemies":"Snake Plant","floor":22,"turns":2},{"damage":20,"enemies":"Slavers","floor":24,"turns":3},{"damage":4,"enemies":"Book of Stabbing","floor":27,"turns":5},{"damage":20,"enemies":"Centurion and Healer","floor":31,"turns":3},{"damage":0,"enemies":"Automaton","floor":33,"turns":8},{"damage":4,"enemies":"3 Darklings","floor":35,"turns":4},{"damage":17,"enemies":"Mind Bloom Boss Battle","floor":38,"turns":5},{"damage":10,"enemies":"3 Shapes","floor":39,"turns":3},{"damage":0,"enemies":"3 Darklings","floor":45,"turns":5},{"damage":4,"enemies":"Spire Growth","floor":46,"turns":3},{"damage":24,"enemies":"Nemesis","floor":48,"turns":5},{"damage":51,"enemies":"Time Eater","floor":50,"turns":4}],"seed_played":"-3615551311523013298","potions_obtained":[{"floor":7,"key":"Poison Potion"},{"floor":8,"key":"EntropicBrew"},{"floor":11,"key":"Weak Potion"},{"floor":14,"key":"LiquidBronze"},{"floor":19,"key":"GamblersBrew"},{"floor":21,"key":"SkillPotion"},{"floor":24,"key":"Poison Potion"},{"floor":35,"key":"Weak Potion"},{"floor":45,"key":"Swift Potion"},{"floor":46,"key":"Explosive Potion"}],"is_trial":false,"path_per_floor":["M","?","?","M","M","R","M","E","T","$","M","R","?","M","R","B",null,"M","M","$","M","M","R","E","R","T","E","$","R","?","M","R","B",null,"M","?","$","?","M","R","?","R","T","R","M","M","?","E","R","B"],"character_chosen":"DEFECT","items_purchased":["Loop","Sunder","Happy Flower","Lantern","Capacitor","DataDisk"],"campfire_rested":4,"item_purchase_floors":[10,10,20,20,37,37],"current_hp_per_floor":[54,47,47,37,37,37,34,10,10,10,10,47,47,44,44,32,75,55,43,43,43,43,43,23,23,23,19,19,56,56,36,73,73,75,71,71,71,54,44,44,44,44,44,44,45,42,32,9,47,0],"gold":192,"neow_bonus":"TWO_FIFTY_GOLD","is_prod":false,"is_daily":false,"chose_seed":false,"campfire_upgraded":6,"win_rate":0,"timestamp":1563059468,"path_taken":["M","?","?","M","M","R","M","E","T","$","M","R","?","?","R","BOSS","M","M","$","M","M","R","E","R","T","E","$","R","?","?","R","BOSS","M","?","$","?","M","R","?","R","T","R","M","?","?","E","R","BOSS"],"build_version":"2019-07-05","purchased_purges":3,"victory":false,"max_hp_per_floor":[75,75,75,75,75,75,75,75,75,75,75,75,75,75,75,75,75,75,75,75,75,75,75,75,75,75,75,75,75,75,75,75,75,75,75,75,75,75,75,75,75,75,75,75,76,77,77,78,78,78],"card_choices":[{"not_picked":["Conserve Battery","Defragment"],"picked":"Ball Lightning","floor":1},{"not_picked":["Go for the Eyes","Rebound","Doom and Gloom"],"picked":"SKIP","floor":4},{"not_picked":["Hologram","Stack"],"picked":"Compile Driver","floor":5},{"not_picked":["Gash","Hologram"],"picked":"Coolheaded","floor":7},{"not_picked":["Stack","Barrage"],"picked":"Chaos","floor":8},{"not_picked":["Darkness","Streamline"],"picked":"Defragment","floor":11},{"not_picked":["Stack","Reinforced Body"],"picked":"FTL","floor":14},{"not_picked":["Hyperbeam","Creative AI"],"picked":"Electrodynamics","floor":16},{"not_picked":["Steam+1","Ball Lightning"],"picked":"Reinforced Body+1","floor":18},{"not_picked":["Redo+1","Streamline"],"picked":"Reprogram","floor":19},{"not_picked":["Ball Lightning","Stack","Sweeping Beam+1"],"picked":"SKIP","floor":21},{"not_picked":["Compile Driver","Blizzard+1"],"picked":"Cold Snap+1","floor":22},{"not_picked":["Auto Shields","Leap"],"picked":"Beam Cell+1","floor":24},{"not_picked":["Cold Snap","Beam Cell"],"picked":"Loop","floor":27},{"not_picked":["Go for the Eyes","Rebound"],"picked":"FTL","floor":31},{"not_picked":["Rainbow","Multi-Cast"],"picked":"Fission","floor":33},{"not_picked":["Conserve Battery"],"picked":"SKIP","floor":35},{"not_picked":[],"picked":"BootSequence","floor":38},{"not_picked":[],"picked":"Capacitor+1","floor":39},{"not_picked":[],"picked":"Loop","floor":45},{"not_picked":["Conserve Battery+1"],"picked":"SKIP","floor":46},{"not_picked":[],"picked":"Forethought+1","floor":47},{"not_picked":[],"picked":"Dramatic Entrance","floor":47},{"not_picked":[],"picked":"Blind+1","floor":47},{"not_picked":[],"picked":"Fusion+1","floor":48}],"player_experience":122467,"relics_obtained":[{"floor":8,"key":"Gremlin Horn"},{"floor":9,"key":"Symbiotic Virus"},{"floor":24,"key":"MawBank"},{"floor":27,"key":"Du-Vu Doll"},{"floor":38,"key":"Girya"},{"floor":43,"key":"Toxic Egg 2"},{"floor":48,"key":"Bottled Tornado"}],"event_choices":[{"damage_healed":0,"gold_gain":0,"player_choice":"Success","damage_taken":7,"relics_obtained":["Regal Pillow"],"max_hp_gain":0,"max_hp_loss":0,"event_name":"Scrap Ooze","floor":2,"gold_loss":0},{"cards_removed":["Strike_B"],"damage_healed":0,"gold_gain":0,"player_choice":"Forget","damage_taken":0,"max_hp_gain":0,"max_hp_loss":0,"event_name":"Living Wall","floor":3,"gold_loss":0},{"damage_healed":0,"gold_gain":0,"player_choice":"Upgraded","damage_taken":0,"max_hp_gain":0,"max_hp_loss":0,"event_name":"Upgrade Shrine","floor":13,"gold_loss":0,"cards_upgraded":["Chaos"]},{"damage_healed":0,"gold_gain":100,"player_choice":"Pray","damage_taken":0,"max_hp_gain":0,"max_hp_loss":0,"event_name":"Golden Shrine","floor":30,"gold_loss":0},{"cards_removed":["Coolheaded"],"damage_healed":0,"gold_gain":0,"player_choice":"Removed Skill","damage_taken":0,"max_hp_gain":0,"max_hp_loss":0,"event_name":"Falling","floor":36,"gold_loss":0},{"damage_healed":0,"gold_gain":0,"player_choice":"Fight","damage_taken":0,"max_hp_gain":0,"max_hp_loss":0,"event_name":"MindBloom","floor":38,"gold_loss":0},{"damage_healed":0,"gold_gain":0,"player_choice":"Trade","damage_taken":0,"relics_obtained":["FaceOfCleric"],"max_hp_gain":0,"max_hp_loss":0,"event_name":"FaceTrader","floor":41,"gold_loss":0},{"damage_healed":0,"gold_gain":0,"player_choice":"Memory 3","damage_taken":10,"max_hp_gain":0,"max_hp_loss":0,"event_name":"SensoryStone","floor":47,"gold_loss":0}],"is_beta":false,"boss_relics":[{"not_picked":["Orrery","Eternal Feather"],"picked":"Philosopher\u0027s Stone"},{"not_picked":["Cursed Key","Coffee Dripper"],"picked":"Busted Crown"}],"items_purged_floors":[10,20,28],"is_endless":false,"potions_floor_spawned":[7,8,11,14,19,21,24,35,45,46],"killed_by":"Time Eater","ascension_level":0}