{"gold_per_floor":[115,132,148,148,162,162,129,129,129,140,106,106,118,180,180,280,280,293,131,56,56,76,76,107,107,107,119,119,119,131,141,141,141],"floor_reached":33,"playtime":1351,"items_purged":["Strike_G"],"score":282,"play_id":"5f05fd6c-6f9b-4eb3-9d6b-21678cc2c104","local_time":"20190710205511","is_ascension_mode":false,"campfire_choices":[{"data":"Poisoned Stab","floor":6,"key":"SMITH"},{"data":"Noxious Fumes","floor":8,"key":"SMITH"},{"data":"Neutralize","floor":15,"key":"SMITH"},{"data":"Tactician","floor":23,"key":"SMITH"},{"data":"Acrobatics","floor":29,"key":"SMITH"},{"data":"Blur","floor":32,"key":"SMITH"}],"neow_cost":"NONE","seed_source_timestamp":29078608614323,"circlet_count":0,"master_deck":["Defend_G","Defend_G","Defend_G","Defend_G","Defend_G","Survivor","Neutralize+1","Poisoned Stab+1","Outmaneuver","Noxious Fumes+1","Backstab","Tactician+1","Acrobatics+1","Envenom","PiercingWail","Dramatic Entrance","Bite","Bite","Bite","Bite","Bite","Blur+1","Writhe","Backstab","Terror+1"],"relics":["Ring of the Snake","Blood Vial","Thread and Needle","Bird Faced Urn","Philosopher\u0027s Stone","Dream Catcher","Singing Bowl","Meat on the Bone"],"potions_floor_usage":[14,16,30,33],"damage_taken":[{"damage":0,"enemies":"2 Louse","floor":1,"turns":3},{"damage":0,"enemies":"Cultist","floor":2,"turns":5},{"damage":3,"enemies":"Jaw Worm","floor":3,"turns":7},{"damage":7,"enemies":"Gremlin Gang","floor":5,"turns":7},{"damage":0,"enemies":"3 Louse","floor":10,"turns":5},{"damage":0,"enemies":"Looter","floor":13,"turns":3},{"damage":13,"enemies":"Gremlin Nob","floor":14,"turns":4},{"damage":7,"enemies":"Hexaghost","floor":16,"turns":11},{"damage":23,"enemies":"Spheric Guardian","floor":18,"turns":6},{"damage":7,"enemies":"Chosen","floor":22,"turns":5},{"damage":31,"enemies":"Gremlin Leader","floor":24,"turns":9},{"damage":10,"enemies":"Snecko","floor":27,"turns":6},{"damage":1,"enemies":"Cultist and Chosen","floor":30,"turns":8},{"damage":10,"enemies":"Snake Plant","floor":31,"turns":7},{"damage":95,"enemies":"Collector","floor":33,"turns":9}],"seed_played":"9207666831338907468","potions_obtained":[{"floor":5,"key":"Regen Potion"},{"floor":13,"key":"AttackPotion"},{"floor":22,"key":"SkillPotion"},{"floor":31,"key":"PowerPotion"}],"is_trial":false,"path_per_floor":["M","M","M","?","M","R","$","R","T","M","$","?","M","?","R","B",null,"M","$","?","?","M","R","E","?","T","M","?","R","M","M","R","B"],"character_chosen":"THE_SILENT","items_purchased":["Noxious Fumes","Tactician","Dramatic Entrance"],"campfire_rested":0,"item_purchase_floors":[7,11,19],"current_hp_per_floor":[70,70,67,70,63,63,63,63,63,65,65,58,60,49,49,61,70,47,47,47,47,46,46,32,32,32,43,36,36,56,56,56,0],"gold":141,"neow_bonus":"RANDOM_COMMON_RELIC","is_prod":false,"is_daily":false,"chose_seed":false,"campfire_upgraded":6,"win_rate":0,"timestamp":1562784911,"path_taken":["M","M","M","?","?","R","$","R","T","M","?","?","?","?","R","BOSS","M","$","?","?","M","R","E","?","T","?","?","R","M","M","R","BOSS"],"build_version":"2019-07-05","purchased_purges":1,"victory":false,"max_hp_per_floor":[70,70,70,70,70,70,70,70,70,70,70,70,70,70,70,70,70,70,70,70,49,49,49,49,49,49,49,54,54,56,56,56,56],"card_choices":[{"not_picked":["Deadly Poison","Deflect","Dodge and Roll"],"picked":"SKIP","floor":1},{"not_picked":["Blade Dance","Skewer"],"picked":"Deflect","floor":2},{"not_picked":["PiercingWail","Catalyst"],"picked":"Poisoned Stab","floor":3},{"not_picked":["Leg Sweep","Dodge and Roll"],"picked":"Outmaneuver","floor":5},{"not_picked":["Dodge and Roll","PiercingWail"],"picked":"Backstab","floor":10},{"not_picked":["Masterful Stab","Outmaneuver"],"picked":"Acrobatics","floor":13},{"not_picked":["Doppelganger","Unload"],"picked":"Envenom","floor":16},{"not_picked":["Dagger Spray","All Out Attack"],"picked":"PiercingWail","floor":18},{"not_picked":["Bane","Infinite Blades","Riddle With Holes+1"],"picked":"SKIP","floor":22},{"not_picked":["Deflect","Dagger Spray"],"picked":"Blur","floor":24},{"not_picked":["Underhanded Strike","Blur"],"picked":"Backstab","floor":27},{"not_picked":["Outmaneuver","Accuracy+1","Dagger Spray"],"picked":"Singing Bowl","floor":30},{"not_picked":["Flying Knee","Storm of Steel"],"picked":"Terror+1","floor":31}],"player_experience":68173,"relics_obtained":[{"floor":9,"key":"Thread and Needle"},{"floor":14,"key":"Bird Faced Urn"},{"floor":24,"key":"Dream Catcher"},{"floor":26,"key":"Meat on the Bone"}],"event_choices":[{"cards_removed":["Deflect"],"damage_healed":5,"gold_gain":0,"player_choice":"Offered Common","damage_taken":0,"max_hp_gain":0,"max_hp_loss":0,"event_name":"Bonfire Elementals","floor":4,"gold_loss":0},{"cards_removed":["Deflect"],"damage_healed":5,"gold_gain":0,"player_choice":"Offered Special","damage_taken":0,"max_hp_gain":0,"max_hp_loss":0,"event_name":"Bonfire Elementals","floor":4,"gold_loss":0},{"damage_healed":0,"gold_gain":0,"player_choice":"Damaged","damage_taken":7,"max_hp_gain":0,"max_hp_loss":0,"event_name":"Wheel of Change","floor":12,"gold_loss":0},{"damage_healed":0,"gold_gain":0,"player_choice":"Searched \u00272\u0027 times","damage_taken":0,"max_hp_gain":0,"max_hp_loss":0,"event_name":"Dead Adventurer","floor":14,"gold_loss":0},{"cards_removed":["Strike_G"],"damage_healed":0,"gold_gain":0,"player_choice":"Gave Gold","damage_taken":0,"max_hp_gain":0,"max_hp_loss":0,"event_name":"Beggar","floor":20,"gold_loss":75},{"damage_healed":0,"gold_gain":0,"player_choice":"Became a vampire","damage_taken":0,"max_hp_gain":0,"max_hp_loss":21,"event_name":"Vampires","floor":21,"gold_loss":0,"cards_obtained":["Bite","Bite","Bite","Bite","Bite"]},{"damage_healed":0,"gold_gain":0,"player_choice":"Opened","damage_taken":0,"relics_obtained":["Singing Bowl"],"max_hp_gain":0,"max_hp_loss":0,"event_name":"The Mausoleum","floor":25,"gold_loss":0,"cards_obtained":["Writhe"]},{"damage_healed":0,"gold_gain":0,"player_choice":"Shed Blood","damage_taken":12,"max_hp_gain":5,"max_hp_loss":0,"event_name":"Forgotten Altar","floor":28,"gold_loss":0}],"is_beta":false,"boss_relics":[{"not_picked":["Black Star","White Beast Statue"],"picked":"Philosopher\u0027s Stone"}],"items_purged_floors":[19],"is_endless":false,"potions_floor_spawned":[5,13,22,31],"killed_by":"Collector","ascension_level":0}