{"gold_per_floor":[113,3,3,19,19,48,48,83,108,139,139,169,201,212,212,212],"floor_reached":16,"playtime":549,"items_purged":["Strike_R"],"score":249,"play_id":"a1822fb8-7852-43be-87f9-2e24007c3969","local_time":"20190414105802","is_ascension_mode":true,"campfire_choices":[{"floor":7,"key":"RECALL"},{"floor":15,"key":"REST"}],"neow_cost":"NONE","seed_source_timestamp":10533978775400,"circlet_count":0,"master_deck":["AscendersBane","Strike_R","Strike_R","Strike_R","Strike_R","Defend_R","Defend_R","Defend_R","Defend_R","Bash","Cleave","Fire Breathing","Corruption","Uppercut","Immolate","Fire Breathing","Inflame","Fire Breathing","Shockwave"],"relics":["Burning Blood","NeowsBlessing","Dream Catcher","Paper Frog","Du-Vu Doll","Ancient Tea Set","Odd Mushroom","Lantern"],"potions_floor_usage":[8,8,13],"damage_taken":[{"damage":0,"enemies":"Small Slimes","floor":1,"turns":1},{"damage":0,"enemies":"Jaw Worm","floor":4,"turns":1},{"damage":0,"enemies":"Gremlin Nob","floor":6,"turns":1},{"damage":17,"enemies":"Lagavulin","floor":8,"turns":7},{"damage":28,"enemies":"Gremlin Nob","floor":10,"turns":4},{"damage":9,"enemies":"The Mushroom Lair","floor":12,"turns":2},{"damage":16,"enemies":"3 Sentries","floor":13,"turns":4},{"damage":0,"enemies":"2 Louse","floor":14,"turns":2},{"damage":67,"enemies":"The Guardian","floor":16,"turns":10}],"seed_played":"-4545776622258059259","potions_obtained":[{"floor":1,"key":"PowerPotion"},{"floor":4,"key":"Weak Potion"},{"floor":10,"key":"Dexterity Potion"}],"is_trial":false,"path_per_floor":["M","$","?","M","?","E","R","E","T","E","$","?","E","M","R","B"],"character_chosen":"IRONCLAD","items_purchased":["Fire Breathing"],"campfire_rested":1,"item_purchase_floors":[2],"current_hp_per_floor":[78,78,71,77,77,80,80,69,69,47,47,44,34,40,64,0],"gold":212,"neow_bonus":"THREE_ENEMY_KILL","is_prod":false,"is_daily":false,"chose_seed":false,"campfire_upgraded":0,"win_rate":0,"timestamp":1555228682,"path_taken":["M","$","?","M","?","E","R","E","T","E","$","?","E","M","R","BOSS"],"build_version":"2019-01-23","purchased_purges":1,"victory":false,"max_hp_per_floor":[80,80,80,80,80,80,80,80,80,80,80,80,80,80,80,80],"card_choices":[{"not_picked":["Bloodletting","Sever Soul"],"picked":"Cleave","floor":1},{"not_picked":["Body Slam","Reckless Charge"],"picked":"Corruption","floor":4},{"not_picked":["Iron Wave","Body Slam"],"picked":"Uppercut","floor":6},{"not_picked":["Havoc","Pummel"],"picked":"Immolate","floor":8},{"not_picked":["Body Slam","Twin Strike","Headbutt"],"picked":"SKIP","floor":10},{"not_picked":["Pommel Strike","Cleave"],"picked":"Fire Breathing","floor":12},{"not_picked":["Headbutt","Fiend Fire"],"picked":"Inflame","floor":13},{"not_picked":["Battle Trance","Iron Wave"],"picked":"Fire Breathing","floor":14},{"not_picked":["Body Slam","Feel No Pain"],"picked":"Shockwave","floor":15}],"player_experience":543193,"relics_obtained":[{"floor":6,"key":"Paper Frog"},{"floor":8,"key":"Du-Vu Doll"},{"floor":10,"key":"Ancient Tea Set"},{"floor":12,"key":"Odd Mushroom"},{"floor":13,"key":"Lantern"}],"event_choices":[{"damage_healed":0,"gold_gain":0,"player_choice":"Success","damage_taken":7,"relics_obtained":["Dream Catcher"],"max_hp_gain":0,"max_hp_loss":0,"event_name":"Scrap Ooze","floor":3,"gold_loss":0},{"damage_healed":0,"gold_gain":0,"player_choice":"Leave","damage_taken":0,"max_hp_gain":0,"max_hp_loss":0,"event_name":"The Cleric","floor":5,"gold_loss":0},{"damage_healed":0,"gold_gain":0,"player_choice":"Fought Mushrooms","damage_taken":0,"max_hp_gain":0,"max_hp_loss":0,"event_name":"Mushrooms","floor":12,"gold_loss":0}],"is_beta":false,"boss_relics":[],"items_purged_floors":[2],"is_endless":false,"potions_floor_spawned":[1,4,10],"killed_by":"The Guardian","ascension_level":13}