{"gold_per_floor":[109,109,125,50,61,61,96,96,148,148,148,323,338,338,338,459,459,472,490,490,509,522,522,522,590,590,233,233,258,308,326,326,326],"floor_reached":33,"playtime":1307,"items_purged":["Strike_R","Regret"],"score":247,"play_id":"fea881df-2c5b-473f-8281-f7898812eab6","local_time":"20190713122024","is_ascension_mode":false,"campfire_choices":[{"data":"Armaments","floor":6,"key":"SMITH"},{"data":"Metallicize","floor":8,"key":"SMITH"},{"data":"True Grit","floor":10,"key":"SMITH"},{"data":"Bash","floor":15,"key":"SMITH"},{"data":"Battle Trance","floor":23,"key":"SMITH"},{"floor":28,"key":"REST"},{"floor":32,"key":"REST"}],"neow_cost":"NONE","seed_source_timestamp":166209216914878,"circlet_count":0,"master_deck":["Strike_R","Strike_R+1","Strike_R","Strike_R+1","Defend_R","Defend_R","Defend_R","Defend_R","Bash+1","Juggernaut","Armaments+1","Metallicize+1","True Grit+1","Doubt","Dark Embrace","Evolve","RitualDagger","Rampage","Battle Trance+1","Havoc+1","Metallicize","Warcry+1"],"relics":["Burning Blood","PreservedInsect","Strawberry","Golden Idol","Sozu","SsserpentHead","Bottled Flame","Molten Egg 2","Toxic Egg 2"],"potions_floor_usage":[16,22],"damage_taken":[{"damage":6,"enemies":"Jaw Worm","floor":1,"turns":4},{"damage":0,"enemies":"Small Slimes","floor":3,"turns":4},{"damage":0,"enemies":"2 Louse","floor":5,"turns":4},{"damage":14,"enemies":"3 Sentries","floor":7,"turns":6},{"damage":9,"enemies":"Blue Slaver","floor":13,"turns":4},{"damage":42,"enemies":"Hexaghost","floor":16,"turns":10},{"damage":10,"enemies":"Spheric Guardian","floor":18,"turns":4},{"damage":18,"enemies":"Chosen","floor":19,"turns":5},{"damage":19,"enemies":"Centurion and Healer","floor":21,"turns":12},{"damage":38,"enemies":"3 Cultists","floor":22,"turns":7},{"damage":29,"enemies":"Snake Plant","floor":25,"turns":4},{"damage":11,"enemies":"Centurion and Healer","floor":29,"turns":7},{"damage":14,"enemies":"Shelled Parasite and Fungi","floor":31,"turns":6},{"damage":52,"enemies":"Automaton","floor":33,"turns":10}],"seed_played":"-8177700613761651910","potions_obtained":[{"floor":7,"key":"FearPotion"},{"floor":16,"key":"Regen Potion"}],"is_trial":false,"path_per_floor":["M","?","M","$","M","R","E","R","T","R","?","?","M","?","R","B",null,"M","M","?","M","M","R","?","M","T","$","R","M","?","M","R","B"],"character_chosen":"IRONCLAD","items_purchased":["Molten Egg 2"],"campfire_rested":2,"item_purchase_floors":[27],"current_hp_per_floor":[80,64,70,70,76,76,68,68,68,68,75,75,72,51,51,15,87,83,71,65,52,32,32,32,9,9,9,35,30,30,22,48,0],"gold":326,"neow_bonus":"ONE_RANDOM_RARE_CARD","is_prod":false,"is_daily":false,"chose_seed":false,"campfire_upgraded":5,"win_rate":0,"timestamp":1563013224,"path_taken":["M","?","M","?","M","R","E","R","T","R","?","?","?","?","R","BOSS","M","M","?","M","M","R","?","?","T","$","R","M","?","M","R","BOSS"],"build_version":"2019-07-05","purchased_purges":2,"victory":false,"max_hp_per_floor":[80,80,80,80,80,80,80,80,80,80,87,87,87,87,87,87,87,87,87,87,87,87,87,87,87,87,87,87,87,87,87,87,87],"card_choices":[{"not_picked":["Burning Pact","Thunderclap"],"picked":"Armaments","floor":1},{"not_picked":["Armaments","Sword Boomerang"],"picked":"Metallicize","floor":3},{"not_picked":["Wild Strike","Second Wind","Twin Strike"],"picked":"SKIP","floor":5},{"not_picked":["Second Wind","Shockwave"],"picked":"True Grit","floor":7},{"not_picked":["Hemokinesis","Corruption","Cleave"],"picked":"SKIP","floor":13},{"not_picked":["Demon Form","Bludgeon"],"picked":"Dark Embrace","floor":16},{"not_picked":["Havoc","Clash"],"picked":"Evolve","floor":18},{"not_picked":["Clash","Fire Breathing+1","Sword Boomerang"],"picked":"SKIP","floor":19},{"not_picked":["Shrug It Off","Wild Strike"],"picked":"Rampage","floor":21},{"not_picked":["Wild Strike","Pommel Strike"],"picked":"Battle Trance","floor":22},{"not_picked":["Sword Boomerang","Shockwave"],"picked":"Havoc+1","floor":25},{"not_picked":["Demon Form","Shrug It Off"],"picked":"Metallicize","floor":29},{"not_picked":["Anger+1","Uppercut+1"],"picked":"Warcry+1","floor":31}],"player_experience":106264,"relics_obtained":[{"floor":7,"key":"PreservedInsect"},{"floor":26,"key":"Bottled Flame"}],"event_choices":[{"damage_healed":0,"gold_gain":0,"player_choice":"Entered Light","damage_taken":16,"max_hp_gain":0,"max_hp_loss":0,"event_name":"Shining Light","floor":2,"gold_loss":0,"cards_upgraded":["Strike_R","Strike_R"]},{"damage_healed":0,"gold_gain":0,"player_choice":"Box","damage_taken":0,"relics_obtained":["Strawberry"],"max_hp_gain":0,"max_hp_loss":0,"event_name":"Big Fish","floor":11,"gold_loss":0,"cards_obtained":["Regret"]},{"damage_healed":0,"gold_gain":175,"player_choice":"AGREE","damage_taken":0,"max_hp_gain":0,"max_hp_loss":0,"event_name":"Liars Game","floor":12,"gold_loss":0,"cards_obtained":["Doubt"]},{"damage_healed":0,"gold_gain":0,"player_choice":"Take Damage","damage_taken":21,"relics_obtained":["Golden Idol"],"max_hp_gain":0,"max_hp_loss":0,"event_name":"Golden Idol","floor":14,"gold_loss":0},{"damage_healed":0,"gold_gain":0,"player_choice":"Joined the Cult","damage_taken":6,"max_hp_gain":0,"max_hp_loss":0,"event_name":"Nest","floor":20,"gold_loss":0,"cards_obtained":["RitualDagger"]},{"damage_healed":0,"gold_gain":0,"player_choice":"Trade","damage_taken":0,"relics_obtained":["SsserpentHead"],"max_hp_gain":0,"max_hp_loss":0,"event_name":"FaceTrader","floor":24,"gold_loss":0},{"damage_healed":0,"gold_gain":0,"player_choice":"Opened","damage_taken":0,"relics_obtained":["Toxic Egg 2"],"max_hp_gain":0,"max_hp_loss":0,"event_name":"The Mausoleum","floor":30,"gold_loss":0}],"is_beta":false,"boss_relics":[{"not_picked":["Lizard Tail","Tiny House"],"picked":"Sozu"}],"items_purged_floors":[4,27],"is_endless":false,"potions_floor_spawned":[7,16,19,22,25,31],"killed_by":"Automaton","ascension_level":0}