{"gold_per_floor":[109,126,126,51,1,26,40,40,67,67,97,116,291,366,366,469,469,451,451,133,146,159,185,197,122,122,122,132,146,162,162],"floor_reached":31,"playtime":1166,"items_purged":["Strike_G","Doubt"],"score":334,"play_id":"efaa2f89-e58f-4153-95a3-4bff23f4970a","local_time":"20190629115343","is_ascension_mode":true,"campfire_choices":[{"floor":8,"key":"REST"},{"floor":10,"key":"REST"},{"floor":15,"key":"REST"}],"neow_cost":"NONE","seed_source_timestamp":11105385856200,"circlet_count":0,"master_deck":["Defend_G","Defend_G","Defend_G","Strike_G+1","Strike_G","Survivor","Neutralize+1","Dagger Spray","Deadly Poison","Phantasmal Killer","Infinite Blades","Glass Knife","Poisoned Stab","Venomology","Noxious Fumes","Caltrops","Noxious Fumes"],"relics":["Empty Cage","Happy Flower","Smiling Mask","Incense Burner","Busted Crown","TwistedFunnel","Ornamental Fan","Gremlin Horn"],"potions_floor_usage":[7,11,16,21,22,22,23,24,28,29,29,30,30,31],"damage_taken":[{"damage":0,"enemies":"Small Slimes","floor":1,"turns":4},{"damage":0,"enemies":"Jaw Worm","floor":2,"turns":3},{"damage":28,"enemies":"Gremlin Nob","floor":6,"turns":4},{"damage":0,"enemies":"Cultist","floor":7,"turns":3},{"damage":20,"enemies":"3 Sentries","floor":11,"turns":3},{"damage":6,"enemies":"Looter","floor":12,"turns":3},{"damage":28,"enemies":"Hexaghost","floor":16,"turns":8},{"damage":1,"enemies":"2 Thieves","floor":18,"turns":4},{"damage":11,"enemies":"Spheric Guardian","floor":21,"turns":4},{"damage":0,"enemies":"Snecko","floor":22,"turns":3},{"damage":27,"enemies":"Slavers","floor":23,"turns":5},{"damage":11,"enemies":"Snake Plant","floor":24,"turns":4},{"damage":2,"enemies":"Sentry and Sphere","floor":28,"turns":3},{"damage":6,"enemies":"Centurion and Healer","floor":29,"turns":5},{"damage":17,"enemies":"Shelled Parasite and Fungi","floor":30,"turns":4},{"damage":20,"enemies":"Gremlin Leader","floor":31,"turns":3}],"seed_played":"5020271256359335429","potions_obtained":[{"floor":6,"key":"Poison Potion"},{"floor":7,"key":"SteroidPotion"},{"floor":11,"key":"PowerPotion"},{"floor":18,"key":"Regen Potion"},{"floor":24,"key":"SkillPotion"},{"floor":28,"key":"PowerPotion"},{"floor":30,"key":"Energy Potion"}],"is_trial":false,"path_per_floor":["M","M","?","$","?","E","M","R","T","R","E","M","?","?","R","B",null,"M","?","$","M","M","E","M","?","T","?","M","M","M","E"],"character_chosen":"THE_SILENT","items_purchased":["TwistedFunnel","Noxious Fumes"],"campfire_rested":3,"item_purchase_floors":[20,20],"current_hp_per_floor":[70,70,56,56,56,28,28,49,49,70,50,44,44,33,54,26,59,58,58,58,59,59,32,21,21,21,44,42,36,19,0],"gold":162,"neow_bonus":"BOSS_RELIC","is_prod":false,"is_daily":false,"chose_seed":false,"campfire_upgraded":0,"win_rate":0,"timestamp":1561798423,"path_taken":["M","M","?","$","?","E","M","R","T","R","E","M","?","?","R","BOSS","M","?","$","M","M","E","M","?","T","?","M","M","M","E"],"build_version":"2019-01-23","purchased_purges":2,"victory":false,"max_hp_per_floor":[70,70,70,70,70,70,70,70,70,70,70,70,70,70,70,70,70,70,70,70,70,70,70,70,70,70,70,70,70,70,70],"card_choices":[{"not_picked":["Slice","Setup"],"picked":"Dagger Spray","floor":1},{"not_picked":["Underhanded Strike","Dagger Throw"],"picked":"Deadly Poison","floor":2},{"not_picked":["Flying Knee","Doppelganger"],"picked":"Phantasmal Killer","floor":6},{"not_picked":["Quick Slash","Slice"],"picked":"Infinite Blades","floor":7},{"not_picked":["Terror","Cloak And Dagger"],"picked":"Glass Knife","floor":11},{"not_picked":["Dagger Throw","Deflect"],"picked":"Poisoned Stab","floor":12},{"not_picked":["A Thousand Cuts","Malaise"],"picked":"Venomology","floor":16},{"not_picked":["Poisoned Stab"],"picked":"SKIP","floor":18},{"not_picked":["Underhanded Strike"],"picked":"SKIP","floor":21},{"not_picked":["Deadly Poison"],"picked":"SKIP","floor":22},{"not_picked":[],"picked":"Caltrops","floor":23},{"not_picked":["Flying Knee+1"],"picked":"SKIP","floor":24},{"not_picked":[],"picked":"Noxious Fumes","floor":28},{"not_picked":["Dagger Spray"],"picked":"SKIP","floor":29},{"not_picked":["Caltrops+1"],"picked":"SKIP","floor":30}],"player_experience":634536,"relics_obtained":[{"floor":6,"key":"Happy Flower"},{"floor":9,"key":"Smiling Mask"},{"floor":11,"key":"Incense Burner"},{"floor":23,"key":"Ornamental Fan"},{"floor":26,"key":"Gremlin Horn"}],"event_choices":[{"damage_healed":0,"gold_gain":0,"player_choice":"Entered Light","damage_taken":14,"max_hp_gain":0,"max_hp_loss":0,"event_name":"Shining Light","floor":3,"gold_loss":0,"cards_upgraded":["Strike_G","Neutralize"]},{"cards_removed":["Strike_G"],"damage_healed":0,"gold_gain":0,"player_choice":"Card Removal","damage_taken":0,"max_hp_gain":0,"max_hp_loss":0,"event_name":"The Cleric","floor":5,"gold_loss":50},{"damage_healed":0,"gold_gain":175,"player_choice":"AGREE","damage_taken":0,"max_hp_gain":0,"max_hp_loss":0,"event_name":"Liars Game","floor":13,"gold_loss":0,"cards_obtained":["Doubt"]},{"damage_healed":0,"gold_gain":75,"player_choice":"Gather Gold","damage_taken":11,"max_hp_gain":0,"max_hp_loss":0,"event_name":"World of Goop","floor":14,"gold_loss":0},{"damage_healed":0,"gold_gain":0,"player_choice":"Ignored","damage_taken":0,"max_hp_gain":0,"max_hp_loss":0,"event_name":"Vampires","floor":19,"gold_loss":0},{"cards_removed":["Strike_G"],"damage_healed":0,"gold_gain":0,"player_choice":"Gave Gold","damage_taken":0,"max_hp_gain":0,"max_hp_loss":0,"event_name":"Beggar","floor":25,"gold_loss":75},{"damage_healed":23,"gold_gain":0,"player_choice":"Heal","damage_taken":0,"max_hp_gain":0,"max_hp_loss":0,"event_name":"The Library","floor":27,"gold_loss":0}],"is_beta":false,"boss_relics":[{"not_picked":["Tiny House","Calling Bell"],"picked":"Busted Crown"}],"items_purged_floors":[4,20],"is_endless":false,"potions_floor_spawned":[6,7,11,18,24,28,30],"killed_by":"Gremlin Leader","ascension_level":5}