{"path_per_floor":["M","?","M","M","M","R","E","?","T","E","$","?","R","M","R","B",null,"M","M","?","?","$","E","?","?","T","M","?","M","M","T","R"],"character_chosen":"IRONCLAD","items_purchased":["Juzu Bracelet"],"gold_per_floor":[114,114,125,141,155,155,180,157,210,238,85,85,85,96,96,195,195,135,152,77,77,77,111,111,111,138,150,65,75,85,137,137],"floor_reached":33,"campfire_rested":1,"playtime":5516,"current_hp_per_floor":[67,60,67,72,72,72,57,57,57,73,73,73,73,68,68,20,79,64,69,69,55,55,25,25,9,9,28,28,26,32,32,48],"items_purged":[],"gold":137,"score":299,"play_id":"18b3a20e-9f5b-4109-a991-8f150b878c3e","local_time":"20180308184935","is_prod":false,"is_daily":false,"is_ascension_mode":false,"campfire_upgraded":3,"timestamp":1520527775,"path_taken":["M","?","M","M","?","R","E","?","T","E","$","?","R","M","R","BOSS","M","M","?","?","$","E","?","?","T","M","?","M","M","?","R","BOSS"],"build_version":"2018-03-01-PROD1","purchased_purges":0,"victory":false,"master_deck":["Defend_R","Defend_R","Defend_R","Bash+1","Pommel Strike","Dropkick","Flame Barrier+1","Cleave","Metallicize+1","Flame Barrier+1","Demon Form","Combust+1","Thunderclap+1","Feel No Pain+1","Thunderclap","Disarm","Bite","Bite","Bite","Bite","Bite","Dropkick","Writhe","Shrug It Off+1","Anger"],"max_hp_per_floor":[72,72,72,72,72,72,72,72,72,79,79,79,79,79,79,79,79,79,79,79,55,55,55,55,55,55,55,55,55,55,55,55],"relics":["Burning Blood","Sundial","Blood Vial","Bronze Scales","Ancient Tea Set","Strawberry","Juzu Bracelet","Astrolabe","Frozen Egg 2","Anchor","Enchiridion","Pen Nib","Mummified Hand","Bag of Marbles"],"card_choices":[{"not_picked":["Body Slam","Clash"],"picked":"Pommel Strike"},{"not_picked":["Sever Soul","Rupture"],"picked":"Dropkick"},{"not_picked":["Rampage","Shrug It Off"],"picked":"Flame Barrier"},{"not_picked":["Fire Breathing","Pummel"],"picked":"Cleave"},{"not_picked":["Corruption","Flame Barrier"],"picked":"Metallicize"},{"not_picked":["Iron Wave","Heavy Blade"],"picked":"Flame Barrier"},{"not_picked":["Limit Break","Double Tap"],"picked":"Demon Form"},{"not_picked":["Clash","Iron Wave"],"picked":"Thunderclap"},{"not_picked":["Headbutt","Pummel"],"picked":"Disarm"},{"not_picked":["Sword Boomerang","Blood for Blood"],"picked":"Dropkick"},{"not_picked":["Pommel Strike","Armaments"],"picked":"Shrug It Off"},{"not_picked":["Fiend Fire","Clothesline"],"picked":"Anger"}],"player_experience":50499,"potions_floor_usage":[7,7,10,10,27,27],"damage_taken":[{"damage":11,"enemies":"Jaw Worm","floor":1,"turns":5},{"damage":1,"enemies":"Cultist","floor":3,"turns":3},{"damage":0,"enemies":"Small Slimes","floor":4,"turns":3},{"damage":1,"enemies":"3 Louse","floor":5,"turns":3},{"damage":21,"enemies":"Lagavulin","floor":7,"turns":8},{"damage":11,"enemies":"3 Sentries","floor":10,"turns":5},{"damage":13,"enemies":"Exordium Thugs","floor":14,"turns":3},{"damage":56,"enemies":"Slime Boss","floor":16,"turns":16},{"damage":21,"enemies":"2 Thieves","floor":18,"turns":4},{"damage":3,"enemies":"Shell Parasite","floor":19,"turns":6},{"damage":44,"enemies":"Book of Stabbing","floor":23,"turns":6},{"damage":7,"enemies":"Snecko","floor":27,"turns":7},{"damage":20,"enemies":"Sentry and Sphere","floor":29,"turns":5},{"damage":12,"enemies":"Centurion and Healer","floor":30,"turns":5},{"damage":71,"enemies":"Automaton","floor":33,"turns":8}],"event_choices":[{"event_name":"Scrap Ooze","player_choice":"success","floor":2,"damage_taken":7},{"event_name":"World of Goop","player_choice":"Left","floor":8,"damage_taken":0},{"event_name":"Upgrade Shrine","player_choice":"Upgraded","floor":12,"damage_taken":0},{"event_name":"Beggar","player_choice":"Gave Gold","floor":20,"damage_taken":0},{"event_name":"Vampires","player_choice":"Became a vampire","floor":21,"damage_taken":0},{"event_name":"The Mausoleum","player_choice":"Yes","floor":24,"damage_taken":0},{"event_name":"Cursed Tome","player_choice":"Obtained Book","floor":25,"damage_taken":0},{"event_name":"Addict","player_choice":"Obtained Relic","floor":28,"damage_taken":0}],"boss_relics":[{"not_picked":["Cursed Key","Tiny House"],"picked":"Astrolabe"}],"potions_floor_spawned":[3,4,5,7,19,23],"seed_played":"-3411872908248369117","killed_by":"Automaton","ascension_level":0,"is_trial":false}