{"gold_per_floor":[109,127,127,52,66,66,66,66,66,66,81,146,146,46,46,144,144,157,170,170,170,270,270,270,283,332,332,345,345,355,367,367,472,472,492,89,104,0,0,0,0,0,46,79,95,95,95],"floor_reached":47,"playtime":1214,"items_purged":["Strike_R","Strike_R"],"score":706,"play_id":"efed3a19-3b1c-43c5-bb58-6ae8c311855e","local_time":"20190316131729","is_ascension_mode":true,"campfire_choices":[{"data":"Whirlwind","floor":6,"key":"SMITH"},{"data":"Twin Strike","floor":8,"key":"SMITH"},{"data":"Bash","floor":10,"key":"SMITH"},{"data":"Seeing Red","floor":15,"key":"SMITH"},{"data":"Shockwave","floor":24,"key":"SMITH"},{"data":"Bandage Up","floor":27,"key":"SMITH"},{"data":"Flame Barrier","floor":29,"key":"SMITH"},{"data":"Ghostly Armor","floor":32,"key":"SMITH"},{"data":"Double Tap","floor":40,"key":"SMITH"},{"data":"Madness","floor":42,"key":"SMITH"},{"data":"Jack Of All Trades","floor":46,"key":"SMITH"}],"neow_cost":"NONE","seed_source_timestamp":20341664031700,"circlet_count":0,"master_deck":["AscendersBane","Strike_R+1","Strike_R","Strike_R+1","Defend_R","Defend_R","Defend_R","Defend_R","Bash+1","Cleave+1","Twin Strike+1","Whirlwind+1","Seeing Red+1","Metallicize+1","Barricade+1","Shockwave+1","Metallicize+1","Ghostly Armor+1","Bandage Up+1","Flame Barrier+1","Clothesline+1","Seeing Red","Double Tap+1","Flame Barrier","Fire Breathing+1","Madness+1","Madness","Mayhem+1","Jack Of All Trades+1","Sadistic Nature+1","Shrug It Off"],"relics":["Burning Blood","Whetstone","Frozen Egg 2","Letter Opener","Art of War","Anchor","Sozu","Mercury Hourglass","Magic Flower","Bag of Marbles","Coffee Dripper","Tiny Chest","Nunchaku","Red Mask","Strawberry","Bottled Tornado"],"potions_floor_usage":[11,16,19],"damage_taken":[{"damage":1,"enemies":"Cultist","floor":1,"turns":3},{"damage":12,"enemies":"Jaw Worm","floor":2,"turns":2},{"damage":2,"enemies":"2 Louse","floor":5,"turns":2},{"damage":0,"enemies":"Looter","floor":11,"turns":1},{"damage":16,"enemies":"Gremlin Nob","floor":12,"turns":3},{"damage":55,"enemies":"Hexaghost","floor":16,"turns":8},{"damage":2,"enemies":"3 Byrds","floor":18,"turns":3},{"damage":0,"enemies":"Chosen","floor":19,"turns":4},{"damage":9,"enemies":"Colosseum Slavers","floor":22,"turns":2},{"damage":13,"enemies":"Colosseum Nobs","floor":22,"turns":5},{"damage":11,"enemies":"Snake Plant","floor":25,"turns":5},{"damage":0,"enemies":"Sentry and Sphere","floor":28,"turns":5},{"damage":0,"enemies":"3 Cultists","floor":30,"turns":4},{"damage":17,"enemies":"Shelled Parasite and Fungi","floor":31,"turns":4},{"damage":52,"enemies":"Automaton","floor":33,"turns":12},{"damage":36,"enemies":"3 Shapes","floor":35,"turns":2},{"damage":4,"enemies":"3 Darklings","floor":37,"turns":3},{"damage":38,"enemies":"Reptomancer","floor":44,"turns":5},{"damage":43,"enemies":"Spire Growth","floor":45,"turns":5},{"damage":20,"enemies":"Sphere and 2 Shapes","floor":47,"turns":3}],"seed_played":"-4432382765689901912","potions_obtained":[{"floor":2,"key":"AttackPotion"},{"floor":12,"key":"Strength Potion"},{"floor":16,"key":"PowerPotion"}],"is_trial":false,"path_per_floor":["M","M","?","$","M","R","?","R","T","R","M","?","T","$","R","B",null,"M","M","?","?","?","?","R","M","T","R","M","R","M","M","R","B",null,"M","$","M","?","?","R","?","R","T","E","M","R","M"],"character_chosen":"IRONCLAD","items_purchased":["Tiny Chest","Nunchaku"],"campfire_rested":0,"item_purchase_floors":[36,36],"current_hp_per_floor":[77,71,71,71,75,75,68,68,68,68,74,64,64,64,64,15,64,68,74,59,85,75,75,75,79,79,79,85,85,85,85,85,51,77,58,58,72,72,61,61,51,51,58,38,13,13,0],"gold":95,"neow_bonus":"RANDOM_COMMON_RELIC","is_prod":false,"is_daily":false,"chose_seed":false,"campfire_upgraded":11,"win_rate":0,"timestamp":1552735049,"path_taken":["M","M","?","$","M","R","?","R","T","R","M","?","?","?","R","BOSS","M","M","?","?","?","?","R","M","T","R","M","R","M","?","R","BOSS","M","$","M","?","?","R","?","R","T","E","M","R","?"],"build_version":"2019-01-23","purchased_purges":2,"victory":false,"max_hp_per_floor":[80,80,80,80,80,80,80,80,80,80,80,80,80,80,80,80,80,80,80,85,85,85,85,85,85,85,85,85,85,85,85,85,85,85,85,85,85,85,85,85,85,85,92,92,92,92,92],"card_choices":[{"not_picked":["Searing Blow","Havoc"],"picked":"Cleave","floor":1},{"not_picked":["True Grit","Havoc"],"picked":"Twin Strike","floor":2},{"not_picked":["Havoc","Dual Wield"],"picked":"Whirlwind","floor":5},{"not_picked":["Bloodletting","Sentinel"],"picked":"Seeing Red","floor":11},{"not_picked":["Perfected Strike","Twin Strike"],"picked":"Metallicize+1","floor":12},{"not_picked":["Dark Embrace+1","Feed"],"picked":"Barricade+1","floor":16},{"not_picked":["Rampage","Intimidate"],"picked":"Shockwave","floor":18},{"not_picked":["Havoc","Headbutt"],"picked":"Metallicize+1","floor":19},{"not_picked":["Wild Strike","Cleave"],"picked":"Ghostly Armor","floor":22},{"not_picked":["Whirlwind","Headbutt+1","Bloodletting"],"picked":"SKIP","floor":25},{"not_picked":["Iron Wave","Uppercut"],"picked":"Flame Barrier","floor":28},{"not_picked":["Berserk+1","Armaments"],"picked":"Clothesline+1","floor":30},{"not_picked":["True Grit+1","Battle Trance"],"picked":"Seeing Red","floor":31},{"not_picked":["Brutality+1","Reaper"],"picked":"Double Tap","floor":33},{"not_picked":["Havoc+1","Body Slam"],"picked":"Flame Barrier","floor":35},{"not_picked":["Sword Boomerang","Searing Blow+1"],"picked":"Fire Breathing+1","floor":37},{"not_picked":["Mind Blast","Violence"],"picked":"Mayhem+1","floor":41},{"not_picked":["Chrysalis","Deep Breath"],"picked":"Jack Of All Trades","floor":41},{"not_picked":["Finesse","Magnetism+1"],"picked":"Sadistic Nature+1","floor":41},{"not_picked":["Clash","Hemokinesis","Armaments"],"picked":"SKIP","floor":44},{"not_picked":["Spot Weakness","Bloodletting+1"],"picked":"Shrug It Off","floor":45}],"player_experience":496662,"relics_obtained":[{"floor":9,"key":"Letter Opener"},{"floor":13,"key":"Anchor"},{"floor":22,"key":"Mercury Hourglass"},{"floor":22,"key":"Magic Flower"},{"floor":26,"key":"Bag of Marbles"},{"floor":43,"key":"Strawberry"},{"floor":44,"key":"Bottled Tornado"}],"event_choices":[{"damage_healed":0,"gold_gain":0,"player_choice":"Grow","damage_taken":0,"max_hp_gain":0,"max_hp_loss":0,"event_name":"Living Wall","floor":3,"gold_loss":0,"cards_upgraded":["Cleave"]},{"damage_healed":0,"gold_gain":0,"player_choice":"Success","damage_taken":7,"relics_obtained":["Frozen Egg 2"],"max_hp_gain":0,"max_hp_loss":0,"event_name":"Scrap Ooze","floor":7,"gold_loss":0},{"damage_healed":0,"gold_gain":0,"player_choice":"Searched \u00273\u0027 times","damage_taken":0,"relics_obtained":["Art of War"],"max_hp_gain":0,"max_hp_loss":0,"event_name":"Dead Adventurer","floor":12,"gold_loss":0},{"damage_healed":0,"gold_gain":0,"player_choice":"Shed Blood","damage_taken":20,"max_hp_gain":5,"max_hp_loss":0,"event_name":"Forgotten Altar","floor":20,"gold_loss":0},{"damage_healed":28,"gold_gain":0,"player_choice":"Heal","damage_taken":0,"max_hp_gain":0,"max_hp_loss":0,"event_name":"The Library","floor":21,"gold_loss":0},{"damage_healed":0,"gold_gain":0,"player_choice":"Fight","damage_taken":0,"max_hp_gain":0,"max_hp_loss":0,"event_name":"Colosseum","floor":22,"gold_loss":0},{"damage_healed":0,"gold_gain":0,"player_choice":"Fought Nobs","damage_taken":0,"max_hp_gain":0,"max_hp_loss":0,"event_name":"Colosseum","floor":22,"gold_loss":0},{"damage_healed":0,"gold_gain":0,"player_choice":"1 cards matched","damage_taken":0,"max_hp_gain":0,"max_hp_loss":0,"event_name":"Match and Keep!","floor":23,"gold_loss":0,"cards_obtained":["Bandage Up"]},{"damage_healed":0,"gold_gain":0,"player_choice":"Paid","damage_taken":0,"relics_obtained":["Red Mask"],"max_hp_gain":0,"max_hp_loss":0,"event_name":"Tomb of Lord Red Mask","floor":38,"gold_loss":104},{"damage_healed":0,"gold_gain":0,"player_choice":"Embrace Madness","damage_taken":11,"max_hp_gain":0,"max_hp_loss":0,"event_name":"Winding Halls","floor":39,"gold_loss":0,"cards_obtained":["Madness","Madness"]},{"damage_healed":0,"gold_gain":0,"player_choice":"Memory 3","damage_taken":10,"max_hp_gain":0,"max_hp_loss":0,"event_name":"SensoryStone","floor":41,"gold_loss":0}],"is_beta":false,"boss_relics":[{"not_picked":["Cursed Key","Snecko Eye"],"picked":"Sozu"},{"not_picked":["Lizard Tail","Astrolabe"],"picked":"Coffee Dripper"}],"items_purged_floors":[4,14],"is_endless":false,"potions_floor_spawned":[2,12,16,18,25,28,31,33,44,45],"killed_by":"Sphere and 2 Shapes","ascension_level":12}