{"gold_per_floor":[116,66,82,95,270,270,48,65,113,129,146,146,174,196,208,316,328,351,363,300,312,343,355,277,302,314,326,155,165,197,211,211,311,311,324,129,143,155,155,183,183,199,270,270,0,0,18,28,28,28],"floor_reached":50,"playtime":4460,"items_purged":["Doubt","Strike_G","Strike_G"],"score":671,"play_id":"4fa3f4e9-1ecc-425e-94ca-09cc6e539090","local_time":"20190711012900","is_ascension_mode":false,"campfire_choices":[{"data":"Neutralize","floor":6,"key":"SMITH"},{"data":"Noxious Fumes","floor":12,"key":"SMITH"},{"data":"Venomology","floor":15,"key":"SMITH"},{"data":"Blur","floor":23,"key":"SMITH"},{"floor":27,"key":"RECALL"},{"data":"Reflex","floor":32,"key":"SMITH"},{"data":"Burst","floor":41,"key":"SMITH"},{"data":"Concentrate","floor":44,"key":"SMITH"},{"data":"Calculated Gamble","floor":46,"key":"SMITH"},{"data":"Blur","floor":49,"key":"SMITH"}],"neow_cost":"NONE","seed_source_timestamp":42403353745778,"circlet_count":0,"master_deck":["Strike_G","Defend_G+1","Defend_G","Defend_G","Defend_G","Survivor","Neutralize+1","Blur+1","Backflip","Venomology+1","Noxious Fumes+1","Reflex+1","Tools of the Trade","Acrobatics+1","Backflip+1","Trip","Blur+1","PiercingWail","Burst+1","Calculated Gamble+1","Concentrate+1","Well Laid Plans+1","Madness","Madness","Outmaneuver+1","Parasite","Deadly Poison+1"],"relics":["Ring of the Snake","Pen Nib","Art of War","MawBank","Coffee Dripper","Nilry\u0027s Codex","MutagenicStrength","PreservedInsect","Pantograph","Sozu","Pear","Gremlin Horn","Red Mask"],"potions_floor_usage":[10,11,13,13,16,16,16,16,22,29,30,31,33,33,50],"damage_taken":[{"damage":0,"enemies":"Jaw Worm","floor":1,"turns":5},{"damage":0,"enemies":"2 Louse","floor":3,"turns":3},{"damage":0,"enemies":"Small Slimes","floor":4,"turns":4},{"damage":0,"enemies":"2 Fungi Beasts","floor":8,"turns":3},{"damage":9,"enemies":"Exordium Thugs","floor":10,"turns":7},{"damage":24,"enemies":"Exordium Wildlife","floor":11,"turns":13},{"damage":6,"enemies":"Lagavulin","floor":13,"turns":7},{"damage":5,"enemies":"2 Fungi Beasts","floor":14,"turns":5},{"damage":16,"enemies":"Slime Boss","floor":16,"turns":8},{"damage":11,"enemies":"Spheric Guardian","floor":18,"turns":7},{"damage":15,"enemies":"Chosen","floor":22,"turns":7},{"damage":0,"enemies":"Snecko","floor":25,"turns":5},{"damage":0,"enemies":"Centurion and Healer","floor":29,"turns":11},{"damage":0,"enemies":"Gremlin Leader","floor":30,"turns":9},{"damage":0,"enemies":"3 Cultists","floor":31,"turns":8},{"damage":0,"enemies":"Champ","floor":33,"turns":21},{"damage":2,"enemies":"Orb Walker","floor":35,"turns":7},{"damage":0,"enemies":"3 Darklings","floor":37,"turns":8},{"damage":0,"enemies":"Maw","floor":38,"turns":11},{"damage":0,"enemies":"Nemesis","floor":40,"turns":11},{"damage":8,"enemies":"Transient","floor":42,"turns":5},{"damage":0,"enemies":"Writhing Mass","floor":47,"turns":9},{"damage":0,"enemies":"Sphere and 2 Shapes","floor":48,"turns":8},{"damage":83,"enemies":"Awakened One","floor":50,"turns":7}],"seed_played":"539522400116358466","potions_obtained":[{"floor":4,"key":"SkillPotion"},{"floor":8,"key":"LiquidBronze"},{"floor":11,"key":"Explosive Potion"},{"floor":13,"key":"Fire Potion"},{"floor":14,"key":"FearPotion"},{"floor":22,"key":"SteroidPotion"},{"floor":30,"key":"EssenceOfSteel"}],"is_trial":false,"path_per_floor":["M","?","M","M","?","R","$","M","T","M","M","R","E","M","R","B",null,"M","?","?","?","M","R","?","M","T","R","$","M","E","M","R","B",null,"M","$","M","M","?","E","R","M","T","R","?","R","M","M","R","B"],"character_chosen":"THE_SILENT","items_purchased":["Art of War","Trip","Concentrate"],"campfire_rested":0,"item_purchase_floors":[7,28,36],"current_hp_per_floor":[70,70,70,70,70,70,70,70,70,61,37,37,31,26,26,10,70,59,43,43,43,28,28,28,28,28,28,28,28,28,28,28,53,70,68,68,68,68,59,69,69,61,61,61,61,61,61,61,61,0],"gold":28,"neow_bonus":"RANDOM_COMMON_RELIC","is_prod":false,"is_daily":false,"chose_seed":false,"campfire_upgraded":9,"win_rate":0,"timestamp":1562801340,"path_taken":["M","?","M","M","?","R","$","M","T","M","M","R","E","M","R","BOSS","M","?","?","?","?","R","?","M","T","R","$","M","E","M","R","BOSS","M","$","M","M","?","E","R","M","T","R","?","R","M","?","R","BOSS"],"build_version":"2019-07-05","purchased_purges":3,"victory":false,"max_hp_per_floor":[70,70,70,70,70,70,70,70,70,70,70,70,70,70,70,70,70,70,70,70,70,70,70,70,70,70,70,70,70,70,70,70,70,70,70,70,70,70,70,80,80,80,80,80,80,80,80,80,80,80],"card_choices":[{"not_picked":["Underhanded Strike","Quick Slash"],"picked":"Blur","floor":1},{"not_picked":["Poisoned Stab","Dodge and Roll"],"picked":"Backflip","floor":3},{"not_picked":["Slice","Bullet Time","Bane"],"picked":"SKIP","floor":4},{"not_picked":["Flying Knee","Sucker Punch","Slice"],"picked":"SKIP","floor":8},{"not_picked":["Underhanded Strike","Deadly Poison"],"picked":"Venomology","floor":10},{"not_picked":["Calculated Gamble","Crippling Poison"],"picked":"Noxious Fumes","floor":11},{"not_picked":["Underhanded Strike","Flying Knee","Deflect"],"picked":"SKIP","floor":13},{"not_picked":["Poisoned Stab","Catalyst"],"picked":"Reflex","floor":14},{"not_picked":["Storm of Steel","Wraith Form v2"],"picked":"Tools of the Trade","floor":16},{"not_picked":["Cloak And Dagger","Masterful Stab"],"picked":"Acrobatics+1","floor":18},{"not_picked":["PiercingWail","Underhanded Strike+1","Infinite Blades+1"],"picked":"SKIP","floor":22},{"not_picked":["Deadly Poison","Expertise"],"picked":"Backflip+1","floor":25},{"not_picked":["Slice+1","Choke+1"],"picked":"Blur","floor":29},{"not_picked":["Slice","Backflip","Deadly Poison"],"picked":"SKIP","floor":30},{"not_picked":["Slice","Prepared"],"picked":"PiercingWail","floor":31},{"not_picked":["Bullet Time","Die Die Die"],"picked":"Burst","floor":33},{"not_picked":["PiercingWail","Dagger Spray"],"picked":"Calculated Gamble","floor":35},{"not_picked":["Dodge and Roll","Blade Dance"],"picked":"Well Laid Plans+1","floor":37},{"not_picked":["Flying Knee+1","Bane","Bouncing Flask+1"],"picked":"SKIP","floor":38},{"not_picked":["Poisoned Stab+1","Underhanded Strike","Endless Agony+1"],"picked":"SKIP","floor":40},{"not_picked":["Terror","Distraction"],"picked":"Outmaneuver+1","floor":42},{"not_picked":["Concentrate","Calculated Gamble+1","Reflex"],"picked":"SKIP","floor":47},{"not_picked":["Dodge and Roll+1","Deflect+1"],"picked":"Deadly Poison+1","floor":48}],"player_experience":79352,"relics_obtained":[{"floor":13,"key":"MawBank"},{"floor":19,"key":"Nilry\u0027s Codex"},{"floor":26,"key":"PreservedInsect"},{"floor":30,"key":"Pantograph"},{"floor":40,"key":"Pear"},{"floor":43,"key":"Gremlin Horn"}],"event_choices":[{"cards_removed":["Strike_G"],"damage_healed":0,"gold_gain":0,"player_choice":"Card Removal","damage_taken":0,"max_hp_gain":0,"max_hp_loss":0,"event_name":"The Cleric","floor":2,"gold_loss":50},{"damage_healed":0,"gold_gain":175,"player_choice":"AGREE","damage_taken":0,"max_hp_gain":0,"max_hp_loss":0,"event_name":"Liars Game","floor":5,"gold_loss":0,"cards_obtained":["Doubt"]},{"damage_healed":0,"gold_gain":0,"player_choice":"Obtained Book","damage_taken":16,"max_hp_gain":0,"max_hp_loss":0,"event_name":"Cursed Tome","floor":19,"gold_loss":0},{"cards_removed":["Strike_G"],"damage_healed":0,"gold_gain":0,"player_choice":"Gave Gold","damage_taken":0,"max_hp_gain":0,"max_hp_loss":0,"event_name":"Beggar","floor":20,"gold_loss":75},{"damage_healed":0,"gold_gain":0,"player_choice":"Inject Mutagens","damage_taken":0,"relics_obtained":["MutagenicStrength"],"max_hp_gain":0,"max_hp_loss":0,"event_name":"Drug Dealer","floor":21,"gold_loss":0},{"cards_removed":["Defend_G"],"damage_healed":0,"gold_gain":0,"player_choice":"Upgrade and Remove","damage_taken":0,"max_hp_gain":0,"max_hp_loss":0,"event_name":"Designer","floor":24,"gold_loss":90,"cards_upgraded":["Defend_G"]},{"damage_healed":0,"gold_gain":0,"player_choice":"Embrace Madness","damage_taken":9,"max_hp_gain":0,"max_hp_loss":0,"event_name":"Winding Halls","floor":39,"gold_loss":0,"cards_obtained":["Madness","Madness"]},{"damage_healed":0,"gold_gain":0,"player_choice":"Paid","damage_taken":0,"relics_obtained":["Red Mask"],"max_hp_gain":0,"max_hp_loss":0,"event_name":"Tomb of Lord Red Mask","floor":45,"gold_loss":270}],"is_beta":false,"boss_relics":[{"not_picked":["Orrery","Eternal Feather"],"picked":"Coffee Dripper"},{"not_picked":["Empty Cage","Philosopher\u0027s Stone"],"picked":"Sozu"}],"items_purged_floors":[7,28,36],"is_endless":false,"potions_floor_spawned":[4,8,11,13,14,22,30,31,37,40,42],"killed_by":"Awakened One","ascension_level":0}