{"gold_per_floor":[113,74,149,149,165,165,191,16,16,45,45,45,60,80,80,156,156,170,183,183,202,202,230,230,240,294,22,57,80,90,190,190,190],"floor_reached":33,"playtime":1229,"items_purged":["Strike_R"],"score":525,"play_id":"23d70464-6cb9-432f-ad12-fbc71d34f6db","local_time":"20190412183731","is_ascension_mode":true,"campfire_choices":[{"floor":6,"key":"RECALL"},{"floor":12,"key":"REST"},{"data":"Armaments","floor":15,"key":"SMITH"},{"floor":24,"key":"REST"},{"floor":32,"key":"REST"}],"neow_cost":"NONE","seed_source_timestamp":9473388867300,"circlet_count":0,"master_deck":["AscendersBane","Strike_R+1","Strike_R","Strike_R","Defend_R","Defend_R","Defend_R","Defend_R","Bash","Rampage","Metallicize","Reaper+1","Armaments+1","Shrug It Off","Thunderclap","Feed","Shrug It Off","Carnage","Fiend Fire","Combust+1","Flex+1","Rampage","RitualDagger","Rampage+1","Flex","Warcry","Shockwave","Whirlwind"],"relics":["Burning Blood","NeowsBlessing","Regal Pillow","Vajra","Matryoshka","Mark of Pain","MutagenicStrength","Strawberry","Orichalcum","Red Skull","Brimstone","Omamori","Gremlin Horn","Bronze Scales","Girya","Mercury Hourglass"],"potions_floor_usage":[10,16,18,23,28,33],"damage_taken":[{"damage":0,"enemies":"2 Louse","floor":1,"turns":1},{"damage":0,"enemies":"Small Slimes","floor":5,"turns":1},{"damage":0,"enemies":"3 Sentries","floor":7,"turns":2},{"damage":47,"enemies":"Lagavulin","floor":10,"turns":8},{"damage":0,"enemies":"Cultist","floor":13,"turns":4},{"damage":13,"enemies":"Exordium Wildlife","floor":14,"turns":3},{"damage":53,"enemies":"Slime Boss","floor":16,"turns":9},{"damage":9,"enemies":"Shell Parasite","floor":18,"turns":6},{"damage":19,"enemies":"Spheric Guardian","floor":19,"turns":4},{"damage":13,"enemies":"Cultist and Chosen","floor":21,"turns":4},{"damage":68,"enemies":"Slavers","floor":23,"turns":6},{"damage":35,"enemies":"Centurion and Healer","floor":25,"turns":6},{"damage":31,"enemies":"Gremlin Leader","floor":28,"turns":4},{"damage":26,"enemies":"3 Cultists","floor":30,"turns":4},{"damage":25,"enemies":"Colosseum Slavers","floor":31,"turns":2},{"damage":26,"enemies":"Colosseum Nobs","floor":31,"turns":4},{"damage":78,"enemies":"Champ","floor":33,"turns":7}],"seed_played":"-7414494973753613323","potions_obtained":[{"floor":5,"key":"Poison Potion"},{"floor":13,"key":"LiquidBronze"},{"floor":16,"key":"Block Potion"},{"floor":21,"key":"Poison Potion"},{"floor":25,"key":"Strength Potion"},{"floor":31,"key":"Swift Potion"}],"is_trial":false,"path_per_floor":["M","$","?","?","M","R","E","$","T","E","?","R","M","M","R","B",null,"M","M","?","M","?","E","R","M","T","$","E","T","M","?","R","B"],"character_chosen":"IRONCLAD","items_purchased":["Metallicize","Vajra","Thunderclap","Brimstone"],"campfire_rested":3,"item_purchase_floors":[2,8,8,27],"current_hp_per_floor":[78,78,67,67,75,75,80,80,80,39,23,62,77,70,70,33,68,65,55,55,66,60,17,59,60,60,60,65,65,51,12,54,0],"gold":190,"neow_bonus":"THREE_ENEMY_KILL","is_prod":false,"is_daily":false,"chose_seed":false,"campfire_upgraded":1,"win_rate":0,"timestamp":1555083451,"path_taken":["M","$","?","?","?","R","E","$","T","E","?","R","M","M","R","BOSS","M","M","?","M","?","E","R","M","T","?","E","?","?","?","R","BOSS"],"build_version":"2019-01-23","purchased_purges":1,"victory":false,"max_hp_per_floor":[80,80,80,80,80,80,80,80,80,80,80,80,80,80,80,80,80,80,83,83,83,83,90,90,90,90,90,90,90,90,90,90,90],"card_choices":[{"not_picked":["Clothesline","Sword Boomerang"],"picked":"Rampage","floor":1},{"not_picked":["Body Slam","Warcry"],"picked":"Armaments","floor":5},{"not_picked":["Warcry","Pommel Strike"],"picked":"Shrug It Off","floor":7},{"not_picked":["Sword Boomerang","Twin Strike"],"picked":"Feed","floor":10},{"not_picked":["Pommel Strike","Wild Strike"],"picked":"Shrug It Off","floor":13},{"not_picked":["Body Slam","Headbutt"],"picked":"Carnage","floor":14},{"not_picked":["Immolate","Berserk"],"picked":"Fiend Fire","floor":16},{"not_picked":["Heavy Blade","Warcry"],"picked":"Combust+1","floor":18},{"not_picked":["Perfected Strike","Sword Boomerang"],"picked":"Flex+1","floor":19},{"not_picked":["Pommel Strike","Battle Trance"],"picked":"Rampage","floor":21},{"not_picked":["Disarm","Barricade"],"picked":"Rampage+1","floor":23},{"not_picked":["Sword Boomerang","Perfected Strike"],"picked":"Flex","floor":25},{"not_picked":["Flex","Armaments"],"picked":"Warcry","floor":28},{"not_picked":["True Grit","Shrug It Off"],"picked":"Shockwave","floor":30},{"not_picked":["Twin Strike","Second Wind"],"picked":"Whirlwind","floor":31}],"player_experience":537201,"relics_obtained":[{"floor":7,"key":"Regal Pillow"},{"floor":10,"key":"Matryoshka"},{"floor":23,"key":"Strawberry"},{"floor":26,"key":"Orichalcum"},{"floor":26,"key":"Red Skull"},{"floor":28,"key":"Omamori"},{"floor":29,"key":"Gremlin Horn"},{"floor":29,"key":"Bronze Scales"},{"floor":31,"key":"Girya"},{"floor":31,"key":"Mercury Hourglass"}],"event_choices":[{"damage_healed":0,"gold_gain":75,"player_choice":"Gather Gold","damage_taken":11,"max_hp_gain":0,"max_hp_loss":0,"event_name":"World of Goop","floor":3,"gold_loss":0},{"damage_healed":0,"gold_gain":0,"cards_transformed":["Strike_R"],"player_choice":"Transformed","damage_taken":0,"max_hp_gain":0,"max_hp_loss":0,"event_name":"Transmorgrifier","floor":4,"gold_loss":0,"cards_obtained":["Reaper"]},{"damage_healed":0,"gold_gain":0,"player_choice":"Entered Light","damage_taken":16,"max_hp_gain":0,"max_hp_loss":0,"event_name":"Shining Light","floor":11,"gold_loss":0,"cards_upgraded":["Reaper","Strike_R"]},{"damage_healed":0,"gold_gain":0,"player_choice":"Inject Mutagens","damage_taken":0,"relics_obtained":["MutagenicStrength"],"max_hp_gain":0,"max_hp_loss":0,"event_name":"Drug Dealer","floor":20,"gold_loss":0},{"damage_healed":0,"gold_gain":0,"player_choice":"Joined the Cult","damage_taken":6,"max_hp_gain":0,"max_hp_loss":0,"event_name":"Nest","floor":22,"gold_loss":0,"cards_obtained":["RitualDagger"]},{"damage_healed":0,"gold_gain":0,"player_choice":"Fight","damage_taken":0,"max_hp_gain":0,"max_hp_loss":0,"event_name":"Colosseum","floor":31,"gold_loss":0},{"damage_healed":0,"gold_gain":0,"player_choice":"Fought Nobs","damage_taken":0,"max_hp_gain":0,"max_hp_loss":0,"event_name":"Colosseum","floor":31,"gold_loss":0}],"is_beta":false,"boss_relics":[{"not_picked":["Black Star","Cursed Key"],"picked":"Mark of Pain"}],"items_purged_floors":[27],"is_endless":false,"potions_floor_spawned":[5,13,16,21,25,31,31],"killed_by":"Champ","ascension_level":13}