{"gold_per_floor":[109,128,139,156,156,168,190,212,247,259,271,6,38,48,48,147,147,164,174,174,174,174,174],"floor_reached":23,"playtime":721,"items_purged":["Regret"],"score":232,"play_id":"49aa5105-338d-4a73-89f5-0b6dc6798ba4","local_time":"20181004183314","is_ascension_mode":true,"campfire_choices":[{"data":"Chaos","floor":6,"key":"SMITH"},{"floor":11,"key":"REST"},{"data":"White Noise","floor":15,"key":"SMITH"}],"neow_cost":"","seed_source_timestamp":113281446661600,"circlet_count":0,"master_deck":["Strike_B","Strike_B","Strike_B","Strike_B","Defend_B","Defend_B","Defend_B","Defend_B","Zap","Dualcast","Sweeping Beam","Beam Cell","Chaos+1","Sweeping Beam","Redo","Beam Cell","Chill","White Noise+1","Rainbow","Ball Lightning","Leap+1"],"relics":["Cracked Core","MawBank","DataDisk","Lee\u0027s Waffle","Blood Vial","Inserter","GremlinMask"],"potions_floor_usage":[4,4,13],"damage_taken":[{"damage":6,"enemies":"Cultist","floor":1,"turns":4},{"damage":4,"enemies":"2 Louse","floor":2,"turns":2},{"damage":7,"enemies":"Small Slimes","floor":3,"turns":2},{"damage":14,"enemies":"Exordium Thugs","floor":4,"turns":4},{"damage":18,"enemies":"3 Louse","floor":7,"turns":3},{"damage":9,"enemies":"Blue Slaver","floor":8,"turns":3},{"damage":30,"enemies":"Lagavulin","floor":13,"turns":4},{"damage":0,"enemies":"Red Slaver","floor":14,"turns":3},{"damage":46,"enemies":"The Guardian","floor":16,"turns":9},{"damage":10,"enemies":"2 Thieves","floor":18,"turns":3},{"damage":15,"enemies":"Chosen","floor":19,"turns":5},{"damage":47,"enemies":"Slavers","floor":23,"turns":4}],"seed_played":"2950652541703296560","potions_obtained":[{"floor":2,"key":"Dexterity Potion"},{"floor":3,"key":"Strength Potion"},{"floor":4,"key":"Strength Potion"},{"floor":8,"key":"PowerPotion"}],"is_trial":false,"path_per_floor":["M","M","M","M","?","R","M","M","T","$","R","$","E","M","R","B",null,"M","M","?","?","?"],"character_chosen":"DEFECT","items_purchased":["Lee\u0027s Waffle"],"campfire_rested":1,"item_purchase_floors":[12],"current_hp_per_floor":[69,65,58,44,44,44,26,17,17,17,39,82,52,54,54,10,82,72,59,43,43,43,0],"gold":174,"neow_bonus":"","is_prod":false,"is_daily":false,"chose_seed":false,"campfire_upgraded":2,"win_rate":0,"timestamp":1538667194,"path_taken":["M","M","?","?","?","R","M","M","T","?","R","$","E","M","R","BOSS","M","M","?","?","?","E"],"build_version":"2018-09-27","purchased_purges":1,"victory":false,"max_hp_per_floor":[75,75,75,75,75,75,75,75,75,75,75,82,82,82,82,82,82,82,82,87,87,87,87],"card_choices":[{"not_picked":["Leap","Beam Cell"],"picked":"Sweeping Beam","floor":1},{"not_picked":["Steam Power","Turbo"],"picked":"Beam Cell","floor":2},{"not_picked":["Turbo","Compile Driver"],"picked":"Chaos","floor":3},{"not_picked":["Blizzard","Stack"],"picked":"Sweeping Beam","floor":4},{"not_picked":["Cold Snap","Coolheaded"],"picked":"Redo","floor":7},{"not_picked":["Barrage","Stack"],"picked":"Beam Cell","floor":8},{"not_picked":["FTL","Sweeping Beam"],"picked":"Chill","floor":13},{"not_picked":["Streamline","Turbo"],"picked":"White Noise","floor":14},{"not_picked":["Machine Learning","Biased Cognition"],"picked":"Rainbow","floor":16},{"not_picked":["Compile Driver","Go for the Eyes+1"],"picked":"Ball Lightning","floor":18},{"not_picked":["Force Field+1","Thunder Strike"],"picked":"Leap+1","floor":19}],"player_experience":417654,"relics_obtained":[{"floor":9,"key":"DataDisk"},{"floor":13,"key":"Blood Vial"}],"event_choices":[{"event_name":"Big Fish","player_choice":"Box","floor":5,"damage_taken":0},{"event_name":"Forgotten Altar","player_choice":"Shed Blood","floor":20,"damage_taken":0},{"event_name":"Ghosts","player_choice":"Ignored","floor":21,"damage_taken":0},{"event_name":"FaceTrader","player_choice":"Trade","floor":22,"damage_taken":0}],"is_beta":false,"boss_relics":[{"not_picked":["Calling Bell","Tiny House"],"picked":"Inserter"}],"items_purged_floors":[12],"is_endless":false,"potions_floor_spawned":[2,3,4,8],"killed_by":"Slavers","ascension_level":4}