{"path_per_floor":["M","?","M","?","?","E","R","M","T","M","?","$","M","M","R","B",null,"M","?","M","M"],"character_chosen":"IRONCLAD","items_purchased":["Thread and Needle"],"gold_per_floor":[144,144,189,189,189,279,279,324,324,369,369,69,114,159,159,459,459,504,504,549,594],"floor_reached":22,"campfire_rested":2,"playtime":1938,"current_hp_per_floor":[76,60,64,64,57,50,75,75,75,75,75,75,75,75,70,31,70,25,70,70,22],"items_purged":[],"gold":594,"score":188,"play_id":"134fa5f1-42ac-4414-bb7e-b5fc2614699d","local_time":"20180315160956","daily_mods":["Time Dilation","Midas","Night Terrors"],"is_prod":false,"is_daily":true,"is_ascension_mode":false,"campfire_upgraded":0,"timestamp":1521122996,"path_taken":["M","?","M","?","?","E","R","?","T","M","?","?","M","M","R","BOSS","M","?","M","M","M"],"build_version":"2018-03-09","purchased_purges":0,"victory":false,"master_deck":["Strike_R","Strike_R+1","Strike_R","Strike_R","Strike_R","Defend_R","Defend_R+1","Defend_R","Defend_R","Bash","Seeing Red","Twin Strike","Double Tap","Ghostly Armor","Headbutt","Disarm","Seeing Red","Barricade","Clothesline","Pommel Strike","Pommel Strike+1"],"max_hp_per_floor":[80,80,80,80,80,80,75,75,75,75,75,75,75,75,70,70,70,70,70,70,70],"relics":["Burning Blood","Anchor","Lantern","Omamori","Thread and Needle","White Beast Statue"],"card_choices":[{"not_picked":["Bloodletting","Iron Wave"],"picked":"Seeing Red"},{"not_picked":["Iron Wave","Headbutt"],"picked":"Twin Strike"},{"not_picked":["Burning Pact","Reckless Charge"],"picked":"Double Tap"},{"not_picked":["Warcry","Body Slam"],"picked":"Ghostly Armor"},{"not_picked":["Armaments","Evolve"],"picked":"Headbutt"},{"not_picked":["Wild Strike","Pommel Strike"],"picked":"Disarm"},{"not_picked":["Heavy Blade","Wild Strike"],"picked":"Seeing Red"},{"not_picked":["Berserk","Brutality"],"picked":"Barricade"},{"not_picked":["Thunderclap","Twin Strike"],"picked":"Clothesline"},{"not_picked":["Flex","Thunderclap"],"picked":"Pommel Strike"},{"not_picked":["Body Slam","Armaments"],"picked":"Pommel Strike"}],"player_experience":84526,"potions_floor_usage":[6,6,13,16,16,18,21,21,22],"damage_taken":[{"damage":10,"enemies":"Jaw Worm","floor":1,"turns":4},{"damage":2,"enemies":"Small Slimes","floor":3,"turns":4},{"damage":13,"enemies":"Lagavulin","floor":6,"turns":5},{"damage":0,"enemies":"Cultist","floor":8,"turns":2},{"damage":6,"enemies":"Large Slime","floor":10,"turns":6},{"damage":0,"enemies":"Exordium Thugs","floor":13,"turns":3},{"damage":2,"enemies":"3 Louse","floor":14,"turns":4},{"damage":45,"enemies":"Hexaghost","floor":16,"turns":13},{"damage":51,"enemies":"Spheric Guardian","floor":18,"turns":16},{"damage":0,"enemies":"Shell Parasite","floor":20,"turns":6},{"damage":69,"enemies":"Chosen and Byrds","floor":21,"turns":10},{"damage":32,"enemies":"Cultist and Chosen","floor":22,"turns":8}],"event_choices":[{"event_name":"Shining Light","player_choice":"Entered Light","floor":2,"damage_taken":0},{"event_name":"Big Fish","player_choice":"Box","floor":4,"damage_taken":0},{"event_name":"Golden Wing","player_choice":"Card Removal","floor":5,"damage_taken":0},{"event_name":"The Lab","player_choice":"Got Potions","floor":11,"damage_taken":0},{"event_name":"Wheel of Change","player_choice":"Full Heal","floor":19,"damage_taken":0}],"boss_relics":[{"not_picked":["Astrolabe","Runic Pyramid"],"picked":"White Beast Statue"}],"potions_floor_spawned":[1,3,8,13,18,20,21],"seed_played":"-8839551872236863781","killed_by":"Cultist and Chosen","ascension_level":0,"is_trial":false}