{"path_per_floor":["M","?","$","M","?","R","E","$","T","M","?","M","?","M","R","B",null,"M","M","?","?","M","E"],"character_chosen":"IRONCLAD","items_purchased":["Whirlwind","Flex","Omamori","Poison Potion"],"gold_per_floor":[367,367,13,29,29,29,62,14,39,56,56,69,19,37,37,132,132,147,163,163,163,177,210,210],"floor_reached":24,"campfire_rested":1,"playtime":781,"current_hp_per_floor":[77,70,70,67,67,67,43,43,43,49,42,41,41,43,67,12,80,80,42,42,42,27,12,0],"items_purged":["Defend_R"],"gold":210,"score":238,"play_id":"2bb9f93d-6b49-4003-931c-28edde6c5939","local_time":"20180329220911","is_prod":false,"is_daily":false,"is_ascension_mode":true,"campfire_upgraded":1,"timestamp":1522350551,"path_taken":["M","?","$","M","?","R","E","$","T","?","?","M","?","?","R","BOSS","M","M","?","?","M","E","M"],"build_version":"2018-03-22v2","purchased_purges":1,"victory":false,"master_deck":["Strike_R","Strike_R","Strike_R","Strike_R","Strike_R","Defend_R","Defend_R","Bash","Pommel Strike","Whirlwind+1","Flex","Rampage","Inflame","Bloodletting","Pummel","Impervious","Parasite","Clumsy","Intimidate+1","Writhe","Inflame","Uppercut+1"],"max_hp_per_floor":[80,80,80,80,80,80,80,80,80,80,80,80,80,80,80,80,80,80,80,80,80,80,80,80],"relics":["Burning Blood","Omamori","Dodecahedron","Prayer Wheel","Bag of Preparation","Centennial Puzzle","Calling Bell","Sundial","Ancient Tea Set","Toxic Egg 2","Mummified Hand","Shovel"],"card_choices":[{"not_picked":["Combust","Wild Strike"],"picked":"Pommel Strike","floor":1},{"not_picked":["Iron Wave","Havoc"],"picked":"Rampage","floor":4},{"not_picked":["Armaments","Juggernaut"],"picked":"Inflame","floor":7},{"not_picked":["Heavy Blade","Carnage"],"picked":"Bloodletting","floor":9},{"not_picked":["Dropkick","Carnage"],"picked":"Pummel","floor":14},{"not_picked":["Dark Embrace","Immolate"],"picked":"Impervious","floor":16},{"not_picked":["Clothesline","Cleave"],"picked":"Intimidate","floor":19},{"not_picked":["Armaments","Perfected Strike"],"picked":"Uppercut","floor":22}],"player_experience":143979,"potions_floor_usage":[4,14,16,16,22,23],"damage_taken":[{"damage":9,"enemies":"2 Louse","floor":1,"turns":2},{"damage":9,"enemies":"Jaw Worm","floor":4,"turns":2},{"damage":30,"enemies":"Gremlin Nob","floor":7,"turns":4},{"damage":0,"enemies":"Cultist","floor":10,"turns":2},{"damage":7,"enemies":"Looter","floor":12,"turns":2},{"damage":4,"enemies":"2 Fungi Beasts","floor":14,"turns":2},{"damage":61,"enemies":"Hexaghost","floor":16,"turns":7},{"damage":0,"enemies":"Chosen","floor":18,"turns":4},{"damage":44,"enemies":"Shell Parasite","floor":19,"turns":5},{"damage":21,"enemies":"Snake Plant","floor":22,"turns":5},{"damage":21,"enemies":"Gremlin Leader","floor":23,"turns":7},{"damage":13,"enemies":"Snecko","floor":24,"turns":2}],"event_choices":[{"event_name":"Golden Wing","player_choice":"Card Removal","floor":2,"damage_taken":0},{"event_name":"Big Fish","player_choice":"Box","floor":5,"damage_taken":0},{"event_name":"Scrap Ooze","player_choice":"success","floor":11,"damage_taken":7},{"event_name":"The Cleric","player_choice":"Card Removal","floor":13,"damage_taken":0},{"event_name":"The Mausoleum","player_choice":"Yes","floor":20,"damage_taken":0},{"event_name":"The Library","player_choice":"Read","floor":21,"damage_taken":0}],"boss_relics":[{"not_picked":["Velvet Choker","Tiny House"],"picked":"Calling Bell"}],"potions_floor_spawned":[1,12,14,19,22],"seed_played":"746511983315375253","killed_by":"Snecko","ascension_level":2,"is_trial":false}