{"gold_per_floor":[110,110,10,26,40,67,84,84,165,165,198,198,218,48,48,152,152,152,152,152,27,27,27,27,27,27,27,27,27,27,27,27,27],"floor_reached":33,"playtime":2542,"items_purged":["Strike_G","Strike_G","Bite"],"score":331,"play_id":"c0dfa38f-5c65-411f-88e8-9ba5373bb7db","local_time":"20190629124353","is_ascension_mode":true,"campfire_choices":[{"floor":8,"key":"REST"},{"data":"Neutralize","floor":10,"key":"SMITH"},{"floor":12,"key":"REST"},{"data":"Envenom","floor":15,"key":"SMITH"},{"data":"Concentrate","floor":23,"key":"SMITH"},{"data":"Crippling Poison","floor":30,"key":"SMITH"},{"data":"Crippling Poison","floor":32,"key":"SMITH"}],"neow_cost":"NONE","seed_source_timestamp":155446803709495,"circlet_count":0,"master_deck":["Defend_G","Defend_G","Defend_G","Defend_G","Defend_G+1","Survivor","Neutralize+1","Poisoned Stab","Backflip","Riddle With Holes","Adrenaline+1","Well Laid Plans","Bane","PiercingWail","PiercingWail","Envenom+1","Venomology","Bite","Bite","Bite","Bite","Concentrate+1","Backflip","Decay","Crippling Poison+1","Crippling Poison+1","Leg Sweep"],"relics":["Ring of the Snake","NeowsBlessing","Pocketwatch","War Paint","Meat on the Bone","Bottled Flame","Ectoplasm","Pen Nib","Vajra","Shuriken"],"potions_floor_usage":[6,11,13,18,25,28,28,33],"damage_taken":[{"damage":0,"enemies":"Jaw Worm","floor":1,"turns":1},{"damage":0,"enemies":"2 Louse","floor":4,"turns":1},{"damage":0,"enemies":"Small Slimes","floor":5,"turns":1},{"damage":24,"enemies":"Gremlin Nob","floor":6,"turns":4},{"damage":5,"enemies":"2 Fungi Beasts","floor":7,"turns":3},{"damage":12,"enemies":"3 Sentries","floor":11,"turns":8},{"damage":0,"enemies":"Red Slaver","floor":13,"turns":2},{"damage":35,"enemies":"The Guardian","floor":16,"turns":8},{"damage":0,"enemies":"2 Thieves","floor":18,"turns":1},{"damage":5,"enemies":"Shell Parasite","floor":22,"turns":4},{"damage":18,"enemies":"Gremlin Leader","floor":25,"turns":8},{"damage":24,"enemies":"Slavers","floor":28,"turns":9},{"damage":9,"enemies":"Snecko","floor":31,"turns":4},{"damage":60,"enemies":"Collector","floor":33,"turns":6}],"seed_played":"5100055211160748205","potions_obtained":[{"floor":1,"key":"AttackPotion"},{"floor":7,"key":"SkillPotion"},{"floor":11,"key":"AttackPotion"},{"floor":16,"key":"SmokeBomb"}],"is_trial":false,"path_per_floor":["M","?","$","M","M","E","M","R","T","R","E","R","M","$","R","B",null,"M","?","?","$","M","R","?","E","T","$","E","$","R","M","R","B"],"character_chosen":"THE_SILENT","items_purchased":["Backflip","Envenom"],"campfire_rested":2,"item_purchase_floors":[3,14],"current_hp_per_floor":[70,63,63,63,63,39,34,55,55,55,43,64,64,64,64,41,70,70,49,49,49,46,46,46,41,41,41,44,44,44,39,39,0],"gold":27,"neow_bonus":"THREE_ENEMY_KILL","is_prod":false,"is_daily":false,"chose_seed":false,"campfire_upgraded":5,"win_rate":0,"timestamp":1561830233,"path_taken":["M","?","$","M","M","E","M","R","T","R","E","R","M","$","R","BOSS","M","?","?","$","M","R","?","E","T","?","E","$","R","M","R","BOSS"],"build_version":"2019-01-23","purchased_purges":3,"victory":false,"max_hp_per_floor":[70,70,70,70,70,70,70,70,70,70,70,70,70,70,70,70,70,70,49,49,49,49,49,49,49,49,49,49,49,49,49,49,49],"card_choices":[{"not_picked":["Prepared","Blade Dance"],"picked":"Poisoned Stab","floor":1},{"not_picked":["Bane","Slice"],"picked":"Riddle With Holes","floor":4},{"not_picked":["Poisoned Stab","Crippling Poison"],"picked":"Adrenaline","floor":5},{"not_picked":["PiercingWail","Poisoned Stab"],"picked":"Well Laid Plans","floor":6},{"not_picked":["Outmaneuver","Poisoned Stab"],"picked":"Bane","floor":7},{"not_picked":["Masterful Stab","Finisher"],"picked":"PiercingWail","floor":11},{"not_picked":["Underhanded Strike","Dagger Spray"],"picked":"PiercingWail","floor":13},{"not_picked":["Glass Knife","Grand Finale"],"picked":"Venomology","floor":16},{"not_picked":["Riddle With Holes+1","Dagger Spray"],"picked":"Backflip","floor":22},{"not_picked":["Cloak And Dagger+1","Well Laid Plans"],"picked":"Crippling Poison","floor":25},{"not_picked":["Dagger Throw","Flying Knee+1"],"picked":"Crippling Poison","floor":28},{"not_picked":["Dagger Spray","Prepared"],"picked":"Leg Sweep","floor":31}],"player_experience":285918,"relics_obtained":[{"floor":6,"key":"War Paint"},{"floor":9,"key":"Meat on the Bone"},{"floor":11,"key":"Bottled Flame"},{"floor":25,"key":"Pen Nib"},{"floor":26,"key":"Vajra"},{"floor":28,"key":"Shuriken"}],"event_choices":[{"damage_healed":0,"gold_gain":0,"player_choice":"Success","damage_taken":7,"relics_obtained":["Pocketwatch"],"max_hp_gain":0,"max_hp_loss":0,"event_name":"Scrap Ooze","floor":2,"gold_loss":0},{"damage_healed":0,"gold_gain":0,"player_choice":"Became a vampire","damage_taken":0,"max_hp_gain":0,"max_hp_loss":21,"event_name":"Vampires","floor":19,"gold_loss":0,"cards_obtained":["Bite","Bite","Bite","Bite","Bite"]},{"damage_healed":0,"gold_gain":0,"player_choice":"Read","damage_taken":0,"max_hp_gain":0,"max_hp_loss":0,"event_name":"The Library","floor":20,"gold_loss":0,"cards_obtained":["Concentrate"]},{"damage_healed":0,"gold_gain":0,"player_choice":"Smashed Altar","damage_taken":0,"max_hp_gain":0,"max_hp_loss":0,"event_name":"Forgotten Altar","floor":24,"gold_loss":0,"cards_obtained":["Decay"]}],"is_beta":false,"boss_relics":[{"not_picked":["Runic Dome","Pandora\u0027s Box"],"picked":"Ectoplasm"}],"items_purged_floors":[3,14,21],"is_endless":false,"potions_floor_spawned":[1,7,11,16,18],"killed_by":"Collector","ascension_level":1}