{"gold_per_floor":[11,30,40,40,60,60,135,161,188,153,163,191,208,224,224,327,327,340,615,633,633,732,732,742,742],"floor_reached":25,"playtime":1006,"items_purged":[],"score":296,"play_id":"c804f787-9d23-4a1c-bac1-2d8b485660d2","local_time":"20180921131046","is_ascension_mode":true,"campfire_choices":[{"data":"Echo Form","floor":6,"key":"SMITH"},{"floor":15,"key":"REST"},{"data":"Double Energy","floor":23,"key":"SMITH"}],"neow_cost":"NO_GOLD","seed_source_timestamp":13331534454154,"circlet_count":0,"master_deck":["Defend_B","Defend_B","Defend_B","Defend_B","Zap","Dualcast","Capacitor","Melter","Sweeping Beam","Echo Form+1","Undo","Sweeping Beam","Redo","Chill","Capacitor","Tempest","Buffer","Conserve Battery","Double Energy+1","Sweeping Beam","Sweeping Beam","Self Repair","Regret","Bite","Bite","Bite","Bite","Bite","Steam"],"relics":["Cracked Core","DataDisk","Odd Mushroom","Orrery"],"potions_floor_usage":[8,11,12,18,20,20,25],"damage_taken":[{"damage":1,"enemies":"Cultist","floor":1,"turns":4},{"damage":9,"enemies":"2 Louse","floor":2,"turns":3},{"damage":7,"enemies":"Small Slimes","floor":3,"turns":3},{"damage":16,"enemies":"Blue Slaver","floor":5,"turns":4},{"damage":20,"enemies":"3 Sentries","floor":8,"turns":5},{"damage":8,"enemies":"2 Fungi Beasts","floor":11,"turns":3},{"damage":16,"enemies":"The Mushroom Lair","floor":12,"turns":4},{"damage":0,"enemies":"3 Louse","floor":13,"turns":3},{"damage":0,"enemies":"Large Slime","floor":14,"turns":5},{"damage":23,"enemies":"Slime Boss","floor":16,"turns":7},{"damage":28,"enemies":"2 Thieves","floor":18,"turns":4},{"damage":9,"enemies":"Chosen","floor":20,"turns":4},{"damage":22,"enemies":"3 Cultists","floor":24,"turns":3},{"damage":56,"enemies":"Slavers","floor":25,"turns":4}],"seed_played":"-7973646063723995082","potions_obtained":[{"floor":2,"key":"Ancient Potion"},{"floor":3,"key":"Energy Potion"},{"floor":8,"key":"EssenceOfSteel"},{"floor":13,"key":"LiquidBronze"},{"floor":14,"key":"Explosive Potion"},{"floor":16,"key":"Fire Potion"},{"floor":18,"key":"SpeedPotion"}],"is_trial":false,"path_per_floor":["M","M","M","?","M","R","?","E","T","?","M","?","M","M","R","B",null,"M","?","M","?","?","R","M"],"character_chosen":"DEFECT","items_purchased":[],"campfire_rested":1,"item_purchase_floors":[],"current_hp_per_floor":[88,79,72,72,56,56,45,25,25,47,41,27,29,31,57,36,89,68,68,68,68,68,68,48,0],"gold":742,"neow_bonus":"TWENTY_PERCENT_HP_BONUS","is_prod":false,"is_daily":false,"chose_seed":false,"campfire_upgraded":2,"win_rate":0,"timestamp":1537524646,"path_taken":["M","M","M","?","M","R","?","E","T","?","M","?","?","M","R","BOSS","M","?","M","?","?","R","M","E"],"build_version":"2018-09-20","purchased_purges":0,"victory":false,"max_hp_per_floor":[89,89,89,89,89,89,89,89,89,89,89,89,89,89,89,89,89,89,89,89,89,89,89,89,89],"card_choices":[{"not_picked":["Redo","Cold Snap"],"picked":"Capacitor","floor":1},{"not_picked":["Steam","Stack"],"picked":"Melter","floor":2},{"not_picked":["Stack","Gash"],"picked":"Sweeping Beam","floor":3},{"not_picked":["Blizzard","Consume"],"picked":"Undo","floor":5},{"not_picked":["Leap","Hello World"],"picked":"Sweeping Beam","floor":8},{"not_picked":["Turbo","Blizzard"],"picked":"Redo","floor":11},{"not_picked":["Go for the Eyes","Gash"],"picked":"Chill","floor":12},{"not_picked":["Amplify","Auto Shields"],"picked":"Capacitor","floor":13},{"not_picked":["Streamline","Hologram"],"picked":"Tempest","floor":14},{"not_picked":["All For One","Biased Cognition"],"picked":"Buffer","floor":16},{"not_picked":["Beam Cell","Streamline"],"picked":"Conserve Battery","floor":17},{"not_picked":["Ball Lightning","Barrage"],"picked":"Double Energy","floor":17},{"not_picked":["Sunder","Leap"],"picked":"Sweeping Beam","floor":17},{"not_picked":["Leap","Streamline"],"picked":"Sweeping Beam","floor":17},{"not_picked":["Barrage","Lockon"],"picked":"Self Repair","floor":17},{"not_picked":["Gash","Leap","Undo"],"picked":"SKIP","floor":18},{"not_picked":["Aggregate","Rebound","Streamline"],"picked":"SKIP","floor":20},{"not_picked":["Genetic Algorithm","Meteor Strike"],"picked":"Steam","floor":24}],"player_experience":365094,"relics_obtained":[{"floor":8,"key":"Blood Vial"},{"floor":9,"key":"DataDisk"},{"floor":12,"key":"Odd Mushroom"}],"event_choices":[{"event_name":"Match and Keep!","player_choice":"1 cards matched","floor":4,"damage_taken":0},{"event_name":"World of Goop","player_choice":"Gather Gold","floor":7,"damage_taken":0},{"event_name":"The Cleric","player_choice":"Healed","floor":10,"damage_taken":0},{"event_name":"Mushrooms","player_choice":"Fought Mushrooms","floor":12,"damage_taken":0},{"event_name":"Golden Shrine","player_choice":"Desecrate","floor":19,"damage_taken":0},{"event_name":"Vampires","player_choice":"Became a vampire (Vial)","floor":21,"damage_taken":0},{"event_name":"Nest","player_choice":"Stole From Cult","floor":22,"damage_taken":0}],"is_beta":false,"boss_relics":[{"not_picked":["Runic Pyramid","Eternal Feather"],"picked":"Orrery"}],"items_purged_floors":[],"is_endless":false,"potions_floor_spawned":[2,3,8,13,14,16,18],"killed_by":"Slavers","ascension_level":4}