{"gold_per_floor":[19,19,32,48,58,92,92,127,127,127,92,104,122,152,152,152],"floor_reached":16,"playtime":819,"items_purged":[],"score":153,"play_id":"4ffe64f4-b05c-4521-8016-9798f68f2821","local_time":"20190706110401","is_ascension_mode":true,"campfire_choices":[{"data":"Footwork","floor":7,"key":"SMITH"},{"floor":10,"key":"REST"},{"floor":15,"key":"RECALL"}],"neow_cost":"NO_GOLD","seed_source_timestamp":14590661849500,"circlet_count":0,"master_deck":["Strike_G","Strike_G","Strike_G","Strike_G","Strike_G","Defend_G","Defend_G","Defend_G","Defend_G","Defend_G","Survivor","Neutralize","Blade Dance+1","Footwork+1","Backflip","PiercingWail","Backflip","Backstab","Dagger Spray","Venomology"],"relics":["Ring of the Snake","Pocketwatch","Vajra","Ancient Tea Set","Ninja Scroll","FossilizedHelix"],"potions_floor_usage":[6,6,14,16,16,16],"damage_taken":[{"damage":0,"enemies":"2 Louse","floor":1,"turns":4},{"damage":0,"enemies":"Jaw Worm","floor":3,"turns":3},{"damage":1,"enemies":"Small Slimes","floor":4,"turns":3},{"damage":8,"enemies":"Exordium Wildlife","floor":5,"turns":7},{"damage":17,"enemies":"3 Sentries","floor":6,"turns":8},{"damage":17,"enemies":"Gremlin Nob","floor":8,"turns":4},{"damage":0,"enemies":"Gremlin Gang","floor":12,"turns":3},{"damage":0,"enemies":"Exordium Thugs","floor":13,"turns":3},{"damage":14,"enemies":"3 Sentries","floor":14,"turns":8},{"damage":53,"enemies":"Slime Boss","floor":16,"turns":12}],"seed_played":"322941852733131237","potions_obtained":[{"floor":1,"key":"Swift Potion"},{"floor":4,"key":"Poison Potion"},{"floor":6,"key":"Dexterity Potion"},{"floor":13,"key":"Energy Potion"},{"floor":14,"key":"Dexterity Potion"}],"is_trial":false,"path_per_floor":["M","?","M","M","M","E","R","E","T","R","?","M","M","E","R","B"],"character_chosen":"THE_SILENT","items_purchased":[],"campfire_rested":1,"item_purchase_floors":[],"current_hp_per_floor":[70,70,70,69,61,44,44,27,27,48,65,65,65,51,51,0],"gold":152,"neow_bonus":"ONE_RARE_RELIC","is_prod":false,"is_daily":false,"chose_seed":false,"campfire_upgraded":1,"win_rate":0,"timestamp":1562400241,"path_taken":["M","?","M","M","M","E","R","E","T","R","?","M","M","E","R","BOSS"],"build_version":"2019-07-05","purchased_purges":0,"victory":false,"max_hp_per_floor":[70,70,70,70,70,70,70,70,70,70,70,70,70,70,70,70],"card_choices":[{"not_picked":["Concentrate","Dash"],"picked":"Blade Dance","floor":1},{"not_picked":["Terror","Slice"],"picked":"Footwork","floor":3},{"not_picked":["Dagger Spray","Deadly Poison"],"picked":"Backflip","floor":4},{"not_picked":["Dodge and Roll","Outmaneuver"],"picked":"PiercingWail","floor":5},{"not_picked":["All Out Attack","Slice"],"picked":"Backflip","floor":6},{"not_picked":["Poisoned Stab","Bullet Time"],"picked":"Backstab","floor":8},{"not_picked":["Escape Plan","Deadly Poison"],"picked":"Dagger Spray","floor":12},{"not_picked":["Acrobatics","Quick Slash","Poisoned Stab"],"picked":"SKIP","floor":13},{"not_picked":["Skewer","Expertise"],"picked":"Venomology","floor":14}],"player_experience":648616,"relics_obtained":[{"floor":6,"key":"Vajra"},{"floor":8,"key":"Ancient Tea Set"},{"floor":9,"key":"Ninja Scroll"},{"floor":14,"key":"FossilizedHelix"}],"event_choices":[{"damage_healed":0,"gold_gain":0,"player_choice":"Grow","damage_taken":0,"max_hp_gain":0,"max_hp_loss":0,"event_name":"Living Wall","floor":2,"gold_loss":0,"cards_upgraded":["Blade Dance"]},{"damage_healed":17,"gold_gain":0,"player_choice":"Healed","damage_taken":0,"max_hp_gain":0,"max_hp_loss":0,"event_name":"The Cleric","floor":11,"gold_loss":35}],"is_beta":false,"boss_relics":[],"items_purged_floors":[],"is_endless":false,"potions_floor_spawned":[1,4,6,13,14],"killed_by":"Slime Boss","ascension_level":5}