{"path_per_floor":["M","?","?","?","M","R","M","R","T","E","?","M","M","M","R","B",null,"M","?","$","M","?","R","E","$","T","M","E","R","M","?","R","B",null,"M","?","?","M","M","R","E","?","T","$","?","$","M","M","R"],"character_chosen":"IRONCLAD","items_purchased":["Matryoshka","Seeing Red","Strength Potion"],"gold_per_floor":[114,114,189,189,204,204,220,220,295,326,326,342,352,369,369,474,474,474,474,139,139,139,139,139,8,8,8,8,8,8,8,8,8,8,8,0,0,0,0,0,0,0,0,0,0,0,0,0,0,0],"floor_reached":50,"campfire_rested":2,"playtime":1842,"current_hp_per_floor":[80,80,69,62,65,65,63,63,63,46,30,29,35,40,64,53,80,72,72,72,72,72,72,71,71,71,60,42,42,43,43,67,20,80,80,80,80,80,79,79,72,72,72,72,72,72,64,70,70,0],"items_purged":["Defend_R"],"gold":0,"score":560,"play_id":"3eb9a9d6-5434-449f-bde9-31497ed0662d","local_time":"20180331130630","is_prod":false,"is_daily":false,"is_ascension_mode":true,"campfire_upgraded":6,"timestamp":1522490790,"path_taken":["M","?","?","?","M","R","M","R","T","E","?","M","?","M","R","BOSS","M","?","$","M","?","R","E","$","T","M","E","R","?","?","R","BOSS","M","?","?","M","M","R","E","?","T","$","?","$","M","M","R","BOSS"],"build_version":"2018-03-29v2","purchased_purges":1,"victory":false,"master_deck":["Strike_R","Strike_R","Strike_R+1","Strike_R+1","Strike_R","Defend_R","Bash","Ghostly Armor+1","Dropkick+1","Battle Trance+1","Ghostly Armor","Fire Breathing","Double Tap+1","Pummel","Fire Breathing+1","Intimidate","Seeing Red+1","Thunderclap","Spot Weakness+1","Heavy Blade+1"],"max_hp_per_floor":[80,80,80,80,80,80,80,80,80,80,80,80,80,80,80,80,80,80,80,80,80,80,80,80,80,80,80,80,80,80,80,80,80,80,80,80,80,80,80,80,87,87,87,87,87,87,87,87,87,87],"relics":["Burning Blood","Shuriken","Mercury Hourglass","Art of War","Ectoplasm","Matryoshka","Bottled Flame","Vajra","Happy Flower","Dead Branch","Prayer Wheel","Mark of Pain","Red Mask","Strawberry","Anchor","Calipers","Spirit Poop"],"card_choices":[{"not_picked":["Heavy Blade","Shrug It Off"],"picked":"Ghostly Armor","floor":1},{"not_picked":["Heavy Blade","Cleave"],"picked":"Dropkick","floor":5},{"not_picked":["Burning Pact","Havoc"],"picked":"Battle Trance","floor":10},{"not_picked":["Sword Boomerang","Perfected Strike"],"picked":"Ghostly Armor","floor":12},{"not_picked":["Corruption","Combust"],"picked":"Fire Breathing","floor":13},{"not_picked":["Demon Form","Limit Break"],"picked":"Double Tap","floor":16},{"not_picked":["Dual Wield","Heavy Blade"],"picked":"Pummel","floor":18},{"not_picked":["Anger","Metallicize"],"picked":"Intimidate","floor":21},{"not_picked":["Dual Wield","Power Through"],"picked":"Bludgeon","floor":24},{"not_picked":["Dual Wield","Twin Strike"],"picked":"Thunderclap","floor":28},{"not_picked":["Pommel Strike","Iron Wave"],"picked":"Spot Weakness","floor":38},{"not_picked":["Thunderclap","Metallicize"],"picked":"Heavy Blade","floor":39}],"player_experience":155819,"potions_floor_usage":[10,13,21,28,33,47,50],"damage_taken":[{"damage":6,"enemies":"Cultist","floor":1,"turns":3},{"damage":3,"enemies":"Jaw Worm","floor":5,"turns":4},{"damage":8,"enemies":"2 Louse","floor":7,"turns":2},{"damage":23,"enemies":"Lagavulin","floor":10,"turns":4},{"damage":7,"enemies":"Exordium Wildlife","floor":12,"turns":3},{"damage":0,"enemies":"Large Slime","floor":13,"turns":4},{"damage":1,"enemies":"Looter","floor":14,"turns":3},{"damage":17,"enemies":"The Guardian","floor":16,"turns":10},{"damage":14,"enemies":"Shell Parasite","floor":18,"turns":4},{"damage":6,"enemies":"3 Byrds","floor":21,"turns":3},{"damage":7,"enemies":"Book of Stabbing","floor":24,"turns":4},{"damage":17,"enemies":"Centurion and Healer","floor":27,"turns":4},{"damage":24,"enemies":"Gremlin Leader","floor":28,"turns":5},{"damage":5,"enemies":"Snecko","floor":30,"turns":3},{"damage":53,"enemies":"Collector","floor":33,"turns":10},{"damage":6,"enemies":"3 Shapes","floor":35,"turns":3},{"damage":2,"enemies":"Orb Walker","floor":38,"turns":3},{"damage":30,"enemies":"Maw","floor":39,"turns":5},{"damage":20,"enemies":"2 Orb Walkers","floor":41,"turns":3},{"damage":14,"enemies":"4 Shapes","floor":47,"turns":2},{"damage":0,"enemies":"Sphere and 2 Shapes","floor":48,"turns":2},{"damage":82,"enemies":"Awakened One","floor":50,"turns":5}],"event_choices":[{"event_name":"Living Wall","player_choice":"Forget","floor":2,"damage_taken":0},{"event_name":"World of Goop","player_choice":"Gather Gold","floor":3,"damage_taken":0},{"event_name":"Scrap Ooze","player_choice":"success","floor":4,"damage_taken":7},{"event_name":"Shining Light","player_choice":"Entered Light","floor":11,"damage_taken":0},{"event_name":"Match and Keep!","player_choice":"1 cards matched","floor":19,"damage_taken":0},{"event_name":"Ghosts","player_choice":"Ignored","floor":22,"damage_taken":0},{"event_name":"The Mausoleum","player_choice":"Yes","floor":31,"damage_taken":0},{"event_name":"Tomb of Lord Red Mask","player_choice":"Paid","floor":36,"damage_taken":0},{"event_name":"Mysterious Sphere","player_choice":"Ignore","floor":42,"damage_taken":0},{"event_name":"Bonfire Elementals","player_choice":"CURSE","floor":45,"damage_taken":0}],"boss_relics":[{"not_picked":["Velvet Choker","Cursed Key"],"picked":"Ectoplasm"},{"not_picked":["Pandora\u0027s Box","Snecko Eye"],"picked":"Mark of Pain"}],"potions_floor_spawned":[5,12,16,21,38,41],"seed_played":"9217547243453559631","killed_by":"Awakened One","ascension_level":2,"is_trial":false}