{"gold_per_floor":[114,114,133,145,157,186,186,186,186,202,127,140,140,40,40,165,165,184,36,36,36],"floor_reached":21,"playtime":803,"items_purged":["Injury","Strike_R"],"score":251,"play_id":"1c35e145-394b-42f1-9666-aa66e25c5bd0","local_time":"20180909141215","is_ascension_mode":true,"campfire_choices":[{"floor":7,"key":"REST"},{"floor":15,"key":"REST"}],"neow_cost":"NONE","seed_source_timestamp":280572126763946,"circlet_count":0,"master_deck":["Strike_R","Strike_R","Strike_R","Strike_R","Defend_R","Defend_R","Bash","Inflame","Seeing Red","Disarm","Sword Boomerang","Limit Break","Shame"],"relics":["Burning Blood","Bag of Preparation","Bird Faced Urn","Golden Idol","Bottled Flame","Oddly Smooth Stone","Empty Cage","Bag of Marbles","Lantern"],"potions_floor_usage":[5,12,16,16,21,21],"damage_taken":[{"damage":8,"enemies":"Small Slimes","floor":1,"turns":4},{"damage":9,"enemies":"2 Louse","floor":3,"turns":4},{"damage":1,"enemies":"Cultist","floor":4,"turns":3},{"damage":25,"enemies":"Gremlin Gang","floor":5,"turns":6},{"damage":33,"enemies":"Gremlin Nob","floor":6,"turns":6},{"damage":9,"enemies":"Blue Slaver","floor":10,"turns":5},{"damage":9,"enemies":"3 Louse","floor":12,"turns":2},{"damage":31,"enemies":"The Guardian","floor":16,"turns":16},{"damage":48,"enemies":"Chosen","floor":18,"turns":6},{"damage":39,"enemies":"Colosseum Slavers","floor":21,"turns":3}],"seed_played":"8657391483672852971","potions_obtained":[{"floor":4,"key":"Regen Potion"},{"floor":6,"key":"Explosive Potion"},{"floor":10,"key":"FearPotion"},{"floor":12,"key":"Poison Potion"},{"floor":16,"key":"Ancient Potion"},{"floor":18,"key":"SkillPotion"}],"is_trial":false,"path_per_floor":["M","?","M","M","M","E","R","?","T","M","$","M","T","$","R","B",null,"M","$","?"],"character_chosen":"IRONCLAD","items_purchased":["Bag of Marbles"],"campfire_rested":2,"item_purchase_floors":[19],"current_hp_per_floor":[78,53,50,55,51,24,50,50,50,49,49,46,46,46,72,49,78,36,36,36,0],"gold":36,"neow_bonus":"TEN_PERCENT_HP_BONUS","is_prod":false,"is_daily":false,"chose_seed":false,"campfire_upgraded":0,"win_rate":0,"timestamp":1536491535,"path_taken":["M","?","?","M","?","E","R","?","T","M","$","M","?","?","R","BOSS","M","$","?","?"],"build_version":"2018-09-06","purchased_purges":2,"victory":false,"max_hp_per_floor":[88,88,88,88,88,88,88,88,88,88,88,88,88,88,88,88,88,88,88,88,88],"card_choices":[{"not_picked":["Clothesline","Dropkick","Shrug It Off"],"picked":"SKIP","floor":1},{"not_picked":["Bloodletting","Headbutt"],"picked":"Inflame","floor":3},{"not_picked":["Clash","Headbutt"],"picked":"Seeing Red","floor":4},{"not_picked":["Entrench","Perfected Strike"],"picked":"Disarm","floor":5},{"not_picked":["Fire Breathing","Armaments","Exhume"],"picked":"SKIP","floor":6},{"not_picked":["Havoc","Twin Strike"],"picked":"Sword Boomerang","floor":10},{"not_picked":["Clash","Barricade","Wild Strike"],"picked":"SKIP","floor":12},{"not_picked":["Fiend Fire","Juggernaut"],"picked":"Limit Break","floor":16},{"not_picked":["Clothesline","Entrench","Feel No Pain+1"],"picked":"SKIP","floor":18}],"player_experience":359776,"relics_obtained":[{"floor":6,"key":"Bird Faced Urn"},{"floor":9,"key":"Bottled Flame"},{"floor":13,"key":"Oddly Smooth Stone"}],"event_choices":[{"event_name":"Scrap Ooze","player_choice":"success","floor":2,"damage_taken":25},{"event_name":"Golden Idol","player_choice":"Take Wound","floor":8,"damage_taken":0},{"event_name":"Addict","player_choice":"Stole Relic","floor":20,"damage_taken":0},{"event_name":"Colosseum","player_choice":"Fight","floor":21,"damage_taken":0}],"is_beta":false,"boss_relics":[{"not_picked":["Mark of Pain","Snecko Eye"],"picked":"Empty Cage"}],"items_purged_floors":[11,14],"is_endless":false,"potions_floor_spawned":[4,6,10,12,16,18],"killed_by":"Colosseum Slavers","ascension_level":8}