{"gold_per_floor":[118,44,44,219,219,252,262,293,293,309,309,339,339],"floor_reached":13,"playtime":336,"items_purged":[],"score":208,"play_id":"0cd23a00-c390-49d9-8530-a8723d9acac4","local_time":"20190406154821","is_ascension_mode":true,"campfire_choices":[{"floor":11,"key":"RECALL"}],"neow_cost":"NONE","seed_source_timestamp":27309845639700,"circlet_count":0,"master_deck":["AscendersBane","Strike_R","Strike_R","Strike_R","Strike_R","Strike_R","Defend_R","Defend_R","Defend_R","Bash","Armaments","Combust","Doubt","Battle Trance","Inflame","Limit Break","Clothesline","Cleave"],"relics":["Burning Blood","NeowsBlessing","Meat on the Bone","Shovel","Happy Flower","Toxic Egg 2"],"potions_floor_usage":[8,12],"damage_taken":[{"damage":0,"enemies":"Cultist","floor":1,"turns":1},{"damage":0,"enemies":"Lagavulin","floor":6,"turns":1},{"damage":0,"enemies":"2 Louse","floor":7,"turns":1},{"damage":67,"enemies":"Gremlin Nob","floor":8,"turns":6},{"damage":4,"enemies":"Jaw Worm","floor":10,"turns":3},{"damage":34,"enemies":"3 Sentries","floor":12,"turns":6},{"damage":31,"enemies":"Gremlin Gang","floor":13,"turns":2}],"seed_played":"-3996972841406493612","potions_obtained":[{"floor":6,"key":"Swift Potion"},{"floor":10,"key":"Weak Potion"}],"is_trial":false,"path_per_floor":["M","$","?","?","T","E","M","E","T","M","R","E","M"],"character_chosen":"IRONCLAD","items_purchased":["Combust"],"campfire_rested":0,"item_purchase_floors":[2],"current_hp_per_floor":[78,78,71,71,71,77,80,31,31,45,45,29,0],"gold":339,"neow_bonus":"THREE_ENEMY_KILL","is_prod":false,"is_daily":false,"chose_seed":false,"campfire_upgraded":0,"win_rate":0,"timestamp":1554554901,"path_taken":["M","$","?","?","?","E","M","E","T","M","R","E","?"],"build_version":"2019-01-23","purchased_purges":0,"victory":false,"max_hp_per_floor":[80,80,80,80,80,80,80,80,80,80,80,80,80],"card_choices":[{"not_picked":["Heavy Blade","Clash"],"picked":"Armaments","floor":1},{"not_picked":["Perfected Strike","Body Slam"],"picked":"Battle Trance","floor":6},{"not_picked":["Sentinel","Intimidate"],"picked":"Inflame","floor":7},{"not_picked":["Reckless Charge","Burning Pact"],"picked":"Limit Break","floor":8},{"not_picked":["Wild Strike","Havoc"],"picked":"Clothesline","floor":10},{"not_picked":["Clash","Flex"],"picked":"Cleave","floor":12}],"player_experience":527037,"relics_obtained":[{"floor":5,"key":"Meat on the Bone"},{"floor":6,"key":"Shovel"},{"floor":8,"key":"Happy Flower"},{"floor":12,"key":"Toxic Egg 2"}],"event_choices":[{"cards_removed":["Defend_R"],"damage_healed":0,"gold_gain":0,"player_choice":"Card Removal","damage_taken":7,"max_hp_gain":0,"max_hp_loss":0,"event_name":"Golden Wing","floor":3,"gold_loss":0},{"damage_healed":0,"gold_gain":175,"player_choice":"AGREE","damage_taken":0,"max_hp_gain":0,"max_hp_loss":0,"event_name":"Liars Game","floor":4,"gold_loss":0,"cards_obtained":["Doubt"]}],"is_beta":false,"boss_relics":[],"items_purged_floors":[],"is_endless":false,"potions_floor_spawned":[6,10],"killed_by":"Gremlin Gang","ascension_level":13}