{"gold_per_floor":[117,134,134,309,161,190,190,190,241,260,225,240,253,288,288,386,386,402,418,149,149,149,149,149],"floor_reached":24,"playtime":1057,"items_purged":["Doubt"],"score":255,"play_id":"0f0e9140-ea36-4c71-9564-e381457d4627","local_time":"20190706160809","is_ascension_mode":true,"campfire_choices":[{"floor":7,"key":"REST"},{"floor":15,"key":"REST"},{"floor":23,"key":"REST"}],"neow_cost":"NONE","seed_source_timestamp":32600001064000,"circlet_count":0,"master_deck":["Strike_G+1","Strike_G","Strike_G","Strike_G","Defend_G","Defend_G","Defend_G","Defend_G","Defend_G+1","Survivor","Neutralize","Noxious Fumes","Accuracy","Footwork","Burst","Dodge and Roll","Caltrops","Caltrops","Leg Sweep","A Thousand Cuts","PiercingWail","Terror","PiercingWail","After Image","PiercingWail+1","Crippling Poison","Infinite Blades"],"relics":["Philosopher\u0027s Stone","Kunai","Dead Branch","Orrery","Happy Flower","Nilry\u0027s Codex"],"potions_floor_usage":[14,18,18,24],"damage_taken":[{"damage":0,"enemies":"2 Louse","floor":1,"turns":3},{"damage":12,"enemies":"Jaw Worm","floor":2,"turns":4},{"damage":20,"enemies":"Lagavulin","floor":6,"turns":9},{"damage":0,"enemies":"Small Slimes","floor":10,"turns":4},{"damage":8,"enemies":"Blue Slaver","floor":12,"turns":6},{"damage":3,"enemies":"Looter","floor":13,"turns":4},{"damage":15,"enemies":"3 Sentries","floor":14,"turns":8},{"damage":17,"enemies":"Hexaghost","floor":16,"turns":12},{"damage":12,"enemies":"3 Byrds","floor":18,"turns":3},{"damage":10,"enemies":"Spheric Guardian","floor":19,"turns":5},{"damage":49,"enemies":"Gremlin Leader","floor":24,"turns":3}],"seed_played":"1351707919778882135","potions_obtained":[{"floor":1,"key":"EssenceOfSteel"},{"floor":6,"key":"Energy Potion"},{"floor":16,"key":"Swift Potion"},{"floor":19,"key":"Weak Potion"}],"is_trial":false,"path_per_floor":["M","M","?","?","$","E","R","?","T","M","?","M","M","E","R","B",null,"M","M","$","?","?","R","E"],"character_chosen":"THE_SILENT","items_purchased":["Footwork","Crippling Poison","Happy Flower","Infinite Blades"],"campfire_rested":3,"item_purchase_floors":[5,20,20,20],"current_hp_per_floor":[70,58,51,51,51,31,52,38,38,38,55,47,44,29,50,33,61,49,39,39,23,23,44,0],"gold":149,"neow_bonus":"BOSS_RELIC","is_prod":false,"is_daily":false,"chose_seed":false,"campfire_upgraded":0,"win_rate":0,"timestamp":1562418489,"path_taken":["M","M","?","?","?","E","R","?","T","?","?","M","M","E","R","BOSS","M","M","$","?","?","R","E"],"build_version":"2019-07-05","purchased_purges":1,"victory":false,"max_hp_per_floor":[70,70,70,70,70,70,70,70,70,70,70,70,70,70,70,70,70,70,70,70,70,70,70,70],"card_choices":[{"not_picked":["Dagger Throw","Skewer"],"picked":"Noxious Fumes","floor":1},{"not_picked":["Bane","Dodge and Roll"],"picked":"Accuracy","floor":2},{"not_picked":["Choke","Eviscerate"],"picked":"Burst","floor":6},{"not_picked":["Acrobatics","Concentrate"],"picked":"Dodge and Roll","floor":10},{"not_picked":["Dagger Throw","Underhanded Strike"],"picked":"Caltrops","floor":12},{"not_picked":["Deflect","Eviscerate"],"picked":"Caltrops","floor":13},{"not_picked":["Deflect","Deadly Poison"],"picked":"Leg Sweep","floor":14},{"not_picked":["Die Die Die","Doppelganger"],"picked":"A Thousand Cuts","floor":16},{"not_picked":["Backflip","Poisoned Stab"],"picked":"PiercingWail","floor":17},{"not_picked":["Deadly Poison","Predator"],"picked":"Terror","floor":17},{"not_picked":["Bouncing Flask","Blade Dance"],"picked":"PiercingWail","floor":17},{"not_picked":["Endless Agony","Outmaneuver"],"picked":"After Image","floor":17},{"not_picked":["Catalyst","Slice"],"picked":"PiercingWail+1","floor":18},{"not_picked":["Slice","Prepared","Dagger Throw"],"picked":"SKIP","floor":19}],"player_experience":649435,"relics_obtained":[{"floor":6,"key":"Kunai"},{"floor":14,"key":"Dead Branch"},{"floor":21,"key":"Nilry\u0027s Codex"}],"event_choices":[{"cards_removed":["Strike_G"],"damage_healed":0,"gold_gain":0,"player_choice":"Card Removal","damage_taken":7,"max_hp_gain":0,"max_hp_loss":0,"event_name":"Golden Wing","floor":3,"gold_loss":0},{"damage_healed":0,"gold_gain":175,"player_choice":"AGREE","damage_taken":0,"max_hp_gain":0,"max_hp_loss":0,"event_name":"Liars Game","floor":4,"gold_loss":0,"cards_obtained":["Doubt"]},{"damage_healed":0,"gold_gain":0,"player_choice":"Entered Light","damage_taken":14,"max_hp_gain":0,"max_hp_loss":0,"event_name":"Shining Light","floor":8,"gold_loss":0,"cards_upgraded":["Defend_G","Strike_G"]},{"damage_healed":17,"gold_gain":0,"player_choice":"Healed","damage_taken":0,"max_hp_gain":0,"max_hp_loss":0,"event_name":"The Cleric","floor":11,"gold_loss":35},{"damage_healed":0,"gold_gain":0,"player_choice":"Obtained Book","damage_taken":16,"max_hp_gain":0,"max_hp_loss":0,"event_name":"Cursed Tome","floor":21,"gold_loss":0},{"damage_healed":0,"gold_gain":0,"player_choice":"Ignored","damage_taken":0,"max_hp_gain":0,"max_hp_loss":0,"event_name":"Vampires","floor":22,"gold_loss":0}],"is_beta":false,"boss_relics":[{"not_picked":["Runic Pyramid","White Beast Statue"],"picked":"Orrery"}],"items_purged_floors":[5],"is_endless":false,"potions_floor_spawned":[1,6,16,19],"killed_by":"Gremlin Leader","ascension_level":5}