{"gold_per_floor":[116,291,291,304,1,1,1,14,39,39,59,72,72,95,95,215,215,228,228,228],"floor_reached":20,"playtime":910,"items_purged":[],"score":238,"play_id":"6c854c28-6d15-4331-9b64-0e5e540d60fd","local_time":"20180929192221","is_ascension_mode":true,"campfire_choices":[{"floor":6,"key":"REST"},{"floor":15,"key":"REST"}],"neow_cost":"PERCENT_DAMAGE","seed_source_timestamp":726912412382916,"circlet_count":0,"master_deck":["Strike_R+1","Strike_R+1","Defend_R+1","Defend_R+1","Bash","Shockwave","Searing Blow","Flame Barrier+1","Doubt","Cleave","Bloodletting","Reaper","Burning Pact+1","Battle Trance+1","Iron Wave+1","Pommel Strike+1"],"relics":["Burning Blood","Bloody Idol","Thread and Needle","Pear","War Paint","Astrolabe"],"potions_floor_usage":[4,14,20,20],"damage_taken":[{"damage":1,"enemies":"Small Slimes","floor":1,"turns":4},{"damage":4,"enemies":"Jaw Worm","floor":4,"turns":4},{"damage":7,"enemies":"2 Louse","floor":8,"turns":3},{"damage":10,"enemies":"2 Fungi Beasts","floor":11,"turns":3},{"damage":4,"enemies":"Blue Slaver","floor":12,"turns":4},{"damage":0,"enemies":"Exordium Thugs","floor":14,"turns":3},{"damage":49,"enemies":"The Guardian","floor":16,"turns":16},{"damage":40,"enemies":"Spheric Guardian","floor":18,"turns":8},{"damage":12,"enemies":"Colosseum Slavers","floor":20,"turns":6},{"damage":92,"enemies":"Colosseum Nobs","floor":20,"turns":5}],"seed_played":"-4057351410841839626","potions_obtained":[{"floor":1,"key":"Block Potion"},{"floor":12,"key":"Strength Potion"},{"floor":16,"key":"Strength Potion"},{"floor":18,"key":"SpeedPotion"}],"is_trial":false,"path_per_floor":["M","?","?","M","$","R","?","M","T","?","M","M","?","M","R","B",null,"M","?"],"character_chosen":"IRONCLAD","items_purchased":["Thread and Needle"],"campfire_rested":2,"item_purchase_floors":[5],"current_hp_per_floor":[56,56,36,38,38,62,54,53,53,35,31,33,33,39,66,23,73,39,39,0],"gold":228,"neow_bonus":"TRANSFORM_TWO_CARDS","is_prod":false,"is_daily":false,"chose_seed":false,"campfire_upgraded":0,"win_rate":0,"timestamp":1538238141,"path_taken":["M","?","?","?","?","R","?","M","T","?","?","M","?","?","R","BOSS","M","?","?"],"build_version":"2018-09-27","purchased_purges":0,"victory":false,"max_hp_per_floor":[80,80,80,80,80,80,90,90,90,90,90,90,90,90,90,90,90,90,90,90],"card_choices":[{"not_picked":["Clash","Rampage"],"picked":"Flame Barrier","floor":1},{"not_picked":["Twin Strike","Heavy Blade"],"picked":"Cleave","floor":4},{"not_picked":["Carnage","True Grit","Brutality"],"picked":"SKIP","floor":8},{"not_picked":["Carnage","Hemokinesis"],"picked":"Bloodletting","floor":11},{"not_picked":["Sword Boomerang","Twin Strike","Thunderclap"],"picked":"SKIP","floor":12},{"not_picked":["Iron Wave","Bloodletting","Hemokinesis"],"picked":"SKIP","floor":14},{"not_picked":["Exhume","Fiend Fire"],"picked":"Reaper","floor":16},{"not_picked":["Havoc","Shrug It Off"],"picked":"Pommel Strike+1","floor":18}],"player_experience":397706,"relics_obtained":[{"floor":9,"key":"War Paint"}],"event_choices":[{"event_name":"Liars Game","player_choice":"agreed","floor":2,"damage_taken":0},{"event_name":"Golden Idol","player_choice":"Take Damage","floor":3,"damage_taken":0},{"event_name":"Scrap Ooze","player_choice":"success","floor":7,"damage_taken":18},{"event_name":"Shining Light","player_choice":"Entered Light","floor":10,"damage_taken":0},{"event_name":"Accursed Blacksmith","player_choice":"Forge","floor":13,"damage_taken":0},{"event_name":"Forgotten Altar","player_choice":"Gave Idol","floor":19,"damage_taken":0},{"event_name":"Colosseum","player_choice":"Fight","floor":20,"damage_taken":0},{"event_name":"Colosseum","player_choice":"Fought Nobs","floor":20,"damage_taken":0}],"is_beta":false,"boss_relics":[{"not_picked":["Cursed Key","Velvet Choker"],"picked":"Astrolabe"}],"items_purged_floors":[],"is_endless":false,"potions_floor_spawned":[1,12,16,18],"killed_by":"Colosseum Nobs","ascension_level":9}