{"gold_per_floor":[117,117,192,205,11,40,40,71,71,89,105,118,134,134,134,229,279,296,296,326,54,69,99,99,99,99,21,21,50,50,63,63,167,167,183,143,158,158],"floor_reached":38,"playtime":1609,"items_purged":["Writhe"],"score":671,"play_id":"03e99102-a00d-4e22-beb3-49dcfbbac9e9","local_time":"20190413215028","is_ascension_mode":true,"campfire_choices":[{"floor":7,"key":"REST"},{"floor":15,"key":"REST"},{"floor":24,"key":"REST"},{"floor":30,"key":"RECALL"},{"floor":32,"key":"REST"}],"neow_cost":"NONE","seed_source_timestamp":48689396652000,"circlet_count":0,"master_deck":["Strike_B","Strike_B","Strike_B","Strike_B","Defend_B","Defend_B","Defend_B+1","Defend_B+1","Zap","Dualcast","Redo+1","White Noise","Meteor Strike","Hello World","Cold Snap","Darkness","Machine Learning","FTL","Conserve Battery+1","Ghostly","Ghostly","Ghostly","Ghostly","Ghostly","Metamorphosis","Barrage+1","Melter","Capacitor","Machine Learning","Coolheaded","Seek","Streamline+1","Streamline+1"],"relics":["Busted Crown","Anchor","Peace Pipe","Boot","Letter Opener","Tiny House","Tiny Chest","Potion Belt","Molten Egg 2","Ornamental Fan","Gremlin Horn","Inserter"],"potions_floor_usage":[6,6,8,11,16,18,22,23,29,33,37,37,37,38,38],"damage_taken":[{"damage":0,"enemies":"2 Louse","floor":1,"turns":2},{"damage":7,"enemies":"Jaw Worm","floor":4,"turns":4},{"damage":23,"enemies":"Lagavulin","floor":6,"turns":6},{"damage":10,"enemies":"3 Sentries","floor":8,"turns":8},{"damage":0,"enemies":"Cultist","floor":10,"turns":3},{"damage":0,"enemies":"2 Fungi Beasts","floor":11,"turns":4},{"damage":0,"enemies":"Blue Slaver","floor":12,"turns":3},{"damage":2,"enemies":"Looter","floor":13,"turns":4},{"damage":13,"enemies":"The Guardian","floor":16,"turns":9},{"damage":0,"enemies":"Chosen","floor":18,"turns":4},{"damage":4,"enemies":"2 Thieves","floor":22,"turns":4},{"damage":12,"enemies":"Book of Stabbing","floor":23,"turns":6},{"damage":0,"enemies":"Slavers","floor":29,"turns":7},{"damage":15,"enemies":"Chosen and Byrds","floor":31,"turns":6},{"damage":0,"enemies":"Collector","floor":33,"turns":7},{"damage":1,"enemies":"3 Shapes","floor":35,"turns":8},{"damage":5,"enemies":"3 Darklings","floor":37,"turns":4},{"damage":45,"enemies":"Writhing Mass","floor":38,"turns":3}],"seed_played":"3534708880877775686","potions_obtained":[{"floor":4,"key":"Strength Potion"},{"floor":6,"key":"EssenceOfSteel"},{"floor":8,"key":"Block Potion"},{"floor":13,"key":"FocusPotion"},{"floor":16,"key":"Swift Potion"},{"floor":17,"key":"Ancient Potion"},{"floor":18,"key":"SneckoOil"},{"floor":22,"key":"SpeedPotion"},{"floor":31,"key":"AttackPotion"},{"floor":33,"key":"Swift Potion"},{"floor":36,"key":"PowerPotion"},{"floor":36,"key":"GamblersBrew"},{"floor":36,"key":"SteroidPotion"},{"floor":37,"key":"FocusPotion"}],"is_trial":false,"path_per_floor":["M","?","?","M","$","E","R","E","T","M","M","M","M","?","R","B",null,"M","?","?","$","M","E","R","?","T","$","T","E","R","M","R","B",null,"M","?","M","M"],"character_chosen":"DEFECT","items_purchased":["Anchor","PowerPotion","Metamorphosis","Capacitor"],"campfire_rested":4,"item_purchase_floors":[5,5,21,27],"current_hp_per_floor":[68,53,42,35,35,12,34,24,24,24,24,24,22,4,26,13,65,65,40,40,40,36,24,36,31,31,31,31,31,31,16,29,29,41,40,40,35,0],"gold":158,"neow_bonus":"BOSS_RELIC","is_prod":false,"is_daily":false,"chose_seed":false,"campfire_upgraded":0,"win_rate":0,"timestamp":1555181428,"path_taken":["M","?","?","M","?","E","R","E","T","M","M","M","M","?","R","BOSS","M","?","?","?","M","E","R","?","T","$","?","E","R","M","R","BOSS","M","?","M","?"],"build_version":"2019-01-23","purchased_purges":1,"victory":false,"max_hp_per_floor":[75,75,75,75,75,75,75,75,75,75,75,75,75,75,75,75,80,80,40,40,40,40,40,40,45,45,45,45,45,45,45,45,45,45,45,45,45,45],"card_choices":[{"not_picked":["Barrage"],"picked":"SKIP","floor":1},{"not_picked":[],"picked":"Redo","floor":4},{"not_picked":[],"picked":"White Noise","floor":6},{"not_picked":[],"picked":"Meteor Strike","floor":8},{"not_picked":[],"picked":"Hello World","floor":10},{"not_picked":[],"picked":"Cold Snap","floor":11},{"not_picked":[],"picked":"Darkness","floor":12},{"not_picked":["Stack"],"picked":"SKIP","floor":13},{"not_picked":[],"picked":"Machine Learning","floor":16},{"not_picked":[],"picked":"FTL","floor":17},{"not_picked":[],"picked":"Conserve Battery+1","floor":18},{"not_picked":[],"picked":"Barrage+1","floor":22},{"not_picked":[],"picked":"Melter","floor":23},{"not_picked":[],"picked":"Machine Learning","floor":29},{"not_picked":[],"picked":"Coolheaded","floor":31},{"not_picked":[],"picked":"Seek","floor":33},{"not_picked":[],"picked":"Streamline+1","floor":35},{"not_picked":[],"picked":"Streamline+1","floor":37}],"player_experience":540405,"relics_obtained":[{"floor":6,"key":"Peace Pipe"},{"floor":8,"key":"Boot"},{"floor":23,"key":"Potion Belt"},{"floor":26,"key":"Molten Egg 2"},{"floor":28,"key":"Ornamental Fan"},{"floor":29,"key":"Gremlin Horn"}],"event_choices":[{"damage_healed":0,"gold_gain":0,"player_choice":"Entered Light","damage_taken":15,"max_hp_gain":0,"max_hp_loss":0,"event_name":"Shining Light","floor":2,"gold_loss":0,"cards_upgraded":["Defend_B","Defend_B"]},{"damage_healed":0,"gold_gain":75,"player_choice":"Gather Gold","damage_taken":11,"max_hp_gain":0,"max_hp_loss":0,"event_name":"World of Goop","floor":3,"gold_loss":0},{"damage_healed":0,"gold_gain":0,"player_choice":"Success","damage_taken":18,"relics_obtained":["Letter Opener"],"max_hp_gain":0,"max_hp_loss":0,"event_name":"Scrap Ooze","floor":14,"gold_loss":0},{"damage_healed":0,"gold_gain":0,"player_choice":"Became a Ghost","damage_taken":0,"max_hp_gain":0,"max_hp_loss":40,"event_name":"Ghosts","floor":19,"gold_loss":0,"cards_obtained":["Ghostly","Ghostly","Ghostly","Ghostly","Ghostly"]},{"damage_healed":0,"gold_gain":0,"player_choice":"Opened","damage_taken":0,"relics_obtained":["Tiny Chest"],"max_hp_gain":0,"max_hp_loss":0,"event_name":"The Mausoleum","floor":20,"gold_loss":0,"cards_obtained":["Writhe"]},{"damage_healed":0,"gold_gain":0,"player_choice":"Shed Blood","damage_taken":10,"max_hp_gain":5,"max_hp_loss":0,"event_name":"Forgotten Altar","floor":25,"gold_loss":0},{"damage_healed":0,"gold_gain":0,"player_choice":"Bought 3 Potions","damage_taken":0,"max_hp_gain":0,"max_hp_loss":0,"event_name":"The Woman in Blue","floor":36,"gold_loss":0}],"is_beta":false,"boss_relics":[{"not_picked":["Fusion Hammer","Cursed Key"],"picked":"Tiny House"},{"not_picked":["Sozu","Orrery"],"picked":"Inserter"}],"items_purged_floors":[21],"is_endless":false,"potions_floor_spawned":[4,6,8,13,16,18,22,31,33,37],"killed_by":"Writhing Mass","ascension_level":6}