{"path_per_floor":["M","?","M","?","?","E","R","?","T","M","R","M","M","M","R","B",null,"M","?","?","?","?","R","M","E","T","?","M","?","M","M","R","B",null,"M"],"character_chosen":"IRONCLAD","items_purchased":[],"gold_per_floor":[119,119,132,132,132,166,166,166,191,211,211,227,245,260,260,358,358,358,358,358,358,358,358,358,358,358,358,358,358,358,358,358,358,358,358,358],"floor_reached":36,"campfire_rested":2,"playtime":1534,"current_hp_per_floor":[78,78,80,64,64,33,33,26,26,27,51,50,56,62,62,62,76,75,75,75,75,75,75,78,53,53,53,48,48,36,21,45,12,63,68,0],"items_purged":[],"gold":358,"score":499,"play_id":"989b84f2-052a-42e6-b8bd-bc9e436c1253","local_time":"20180427215253","is_prod":false,"is_daily":false,"chose_seed":false,"is_ascension_mode":true,"campfire_upgraded":3,"timestamp":1524855173,"path_taken":["M","?","M","?","?","E","R","?","T","M","R","M","M","M","R","BOSS","M","?","?","?","?","R","?","E","T","?","M","?","M","?","R","BOSS","M","?"],"build_version":"2018-04-26","seed_source_timestamp":120107460171209,"purchased_purges":0,"victory":false,"master_deck":["Strike_R+1","Strike_R+1","Strike_R+1","Strike_R+1","Defend_R+1","Defend_R+1","Defend_R+1","Defend_R+1","Bash+1","Shrug It Off+1","Demon Form+1","Barricade+1","Demon Form+1","Seeing Red","Cleave+1","Sword Boomerang+1","Reaper"],"max_hp_per_floor":[80,80,80,80,80,80,80,80,80,80,80,80,80,80,80,80,80,80,80,80,80,80,80,80,80,80,80,80,80,80,80,80,80,80,80,80],"relics":["Burning Blood","Happy Flower","Lantern","Ectoplasm","Whetstone","Nloth\u0027s Gift","Philosopher\u0027s Stone"],"card_choices":[{"not_picked":["True Grit","Body Slam"],"picked":"Shrug It Off","floor":1},{"not_picked":["Fiend Fire","Hemokinesis"],"picked":"Demon Form","floor":6},{"not_picked":["Intimidate","Havoc"],"picked":"Barricade","floor":13},{"not_picked":["Dark Embrace","Barricade"],"picked":"Demon Form","floor":16},{"not_picked":["Searing Blow","Perfected Strike"],"picked":"Seeing Red","floor":24},{"not_picked":["Immolate","Sever Soul"],"picked":"Cleave","floor":25},{"not_picked":["Thunderclap","Anger"],"picked":"Sword Boomerang","floor":30},{"not_picked":["Juggernaut","Demon Form"],"picked":"Reaper","floor":33}],"player_experience":221433,"potions_floor_usage":[12,16,16,18,25,28,28,31,33,33],"damage_taken":[{"damage":0,"enemies":"Small Slimes","floor":1,"turns":3},{"damage":0,"enemies":"Cultist","floor":3,"turns":4},{"damage":37,"enemies":"3 Sentries","floor":6,"turns":12},{"damage":5,"enemies":"2 Louse","floor":10,"turns":3},{"damage":7,"enemies":"Exordium Wildlife","floor":12,"turns":3},{"damage":0,"enemies":"Blue Slaver","floor":13,"turns":4},{"damage":0,"enemies":"Looter","floor":14,"turns":3},{"damage":6,"enemies":"The Guardian","floor":16,"turns":14},{"damage":7,"enemies":"3 Byrds","floor":18,"turns":6},{"damage":3,"enemies":"Shell Parasite","floor":24,"turns":6},{"damage":31,"enemies":"Gremlin Leader","floor":25,"turns":8},{"damage":23,"enemies":"Chosen and Byrds","floor":28,"turns":5},{"damage":18,"enemies":"Slaver and Parasite","floor":30,"turns":6},{"damage":21,"enemies":"Cultist and Chosen","floor":31,"turns":7},{"damage":39,"enemies":"Automaton","floor":33,"turns":7},{"damage":25,"enemies":"Orb Walker","floor":35,"turns":4},{"damage":97,"enemies":"Mysterious Sphere","floor":36,"turns":5}],"event_choices":[{"event_name":"Accursed Blacksmith","player_choice":"Forge","floor":2,"damage_taken":0},{"event_name":"Shining Light","player_choice":"Entered Light","floor":4,"damage_taken":0},{"event_name":"Liars Game","player_choice":"disagreed","floor":5,"damage_taken":0},{"event_name":"Golden Wing","player_choice":"Card Removal","floor":8,"damage_taken":0},{"event_name":"Ghosts","player_choice":"Ignored","floor":19,"damage_taken":0},{"event_name":"Back to Basics","player_choice":"Simplicity","floor":20,"damage_taken":0},{"event_name":"Drug Dealer","player_choice":"Ignored","floor":21,"damage_taken":0},{"event_name":"Beggar","player_choice":"Ignored","floor":22,"damage_taken":0},{"event_name":"The Lab","player_choice":"Got Potions","floor":27,"damage_taken":0},{"event_name":"N\u0027loth","player_choice":"Traded a Torii","floor":29,"damage_taken":0},{"event_name":"Mysterious Sphere","player_choice":"Fight","floor":36,"damage_taken":0}],"boss_relics":[{"not_picked":["Black Blood","Pandora\u0027s Box"],"picked":"Ectoplasm"},{"not_picked":["Black Star","Runic Pyramid"],"picked":"Philosopher\u0027s Stone"}],"potions_floor_spawned":[10,12,13,16,18,25,28,30],"seed_played":"5866650846521363628","killed_by":"Mysterious Sphere","ascension_level":6,"is_trial":false}