{"gold_per_floor":[116,133,133,7,32,32,70,70,70,111,211,211,231,274,274,405,405,428,444,76,91,91,125,149,149,149,169,69,93,106,150,150,274,274,288,306,324,343,164,164,204,204,229,256,268,296,64,64,64,64],"floor_reached":51,"playtime":3906,"items_purged":["Strike_B","Strike_B","Defend_B","Defend_B","Strike_B"],"score":1156,"play_id":"457ecf24-8d7d-4b9f-b262-8a537d0098c2","local_time":"20190928012607","is_ascension_mode":true,"campfire_choices":[{"data":"Streamline","floor":6.0,"key":"SMITH"},{"data":"Self Repair","floor":8.0,"key":"SMITH"},{"data":"Chaos","floor":12.0,"key":"SMITH"},{"data":"Biased Cognition","floor":15,"key":"SMITH"},{"floor":25,"key":"REST"},{"floor":32,"key":"REST"},{"data":"Tempest","floor":40,"key":"SMITH"},{"data":"Steam","floor":42,"key":"SMITH"},{"data":"Chill","floor":49,"key":"SMITH"}],"neow_cost":"NONE","seed_source_timestamp":0,"circlet_count":0,"master_deck":["Strike_B","Defend_B","Zap","Dualcast","Coolheaded","Streamline+1","Cold Snap+1","Self Repair+1","Biased Cognition+1","Chaos+1","Steam+1","Buffer+1","Loop+1","Blizzard","Defragment+1","Gash+1","Biased Cognition+1","Conserve Battery","Rebound+1","Tempest+1","Glacier","Capacitor+1","Core Surge","Parasite","Go for the Eyes","Chill+1"],"special_seed":0,"relics":["Cracked Core","Golden Idol","FossilizedHelix","Nunchaku","Frozen Egg 2","Regal Pillow","Runic Pyramid","MealTicket","Matryoshka","Whetstone","The Courier","Blood Vial","Busted Crown","Shovel","MawBank","Orichalcum"],"potions_floor_usage":[23,31,33,41],"damage_taken":[{"damage":0.0,"enemies":"Small Slimes","floor":1.0,"turns":3.0},{"damage":1.0,"enemies":"2 Louse","floor":2.0,"turns":2.0},{"damage":1.0,"enemies":"Cultist","floor":5.0,"turns":3.0},{"damage":29.0,"enemies":"3 Sentries","floor":7.0,"turns":6.0},{"damage":3.0,"enemies":"Lagavulin","floor":10.0,"turns":6.0},{"damage":0.0,"enemies":"Red Slaver","floor":13.0,"turns":3.0},{"damage":9.0,"enemies":"Gremlin Nob","floor":14.0,"turns":5.0},{"damage":8,"enemies":"The Guardian","floor":16,"turns":11},{"damage":0,"enemies":"Chosen","floor":18,"turns":5},{"damage":25,"enemies":"3 Byrds","floor":19,"turns":5},{"damage":0,"enemies":"Cultist and Chosen","floor":21,"turns":8},{"damage":15,"enemies":"Book of Stabbing","floor":23,"turns":5},{"damage":61,"enemies":"3 Cultists","floor":24,"turns":6},{"damage":0,"enemies":"Sentry and Sphere","floor":27,"turns":6},{"damage":4,"enemies":"Centurion and Healer","floor":29,"turns":5},{"damage":6,"enemies":"Chosen and Byrds","floor":30,"turns":4},{"damage":37,"enemies":"Slavers","floor":31,"turns":3},{"damage":2,"enemies":"Automaton","floor":33,"turns":11},{"damage":2,"enemies":"Orb Walker","floor":35,"turns":4},{"damage":23,"enemies":"3 Shapes","floor":36,"turns":3},{"damage":13,"enemies":"3 Darklings","floor":37,"turns":7},{"damage":0,"enemies":"Maw","floor":38,"turns":7},{"damage":9,"enemies":"Reptomancer","floor":41,"turns":6},{"damage":1,"enemies":"Writhing Mass","floor":44,"turns":4},{"damage":0,"enemies":"Sphere and 2 Shapes","floor":46,"turns":4},{"damage":31,"enemies":"Time Eater","floor":50,"turns":11}],"seed_played":"-2833027056643454859","potions_obtained":[{"floor":1.0,"key":"FocusPotion"},{"floor":7.0,"key":"AttackPotion"},{"floor":10.0,"key":"Weak Potion"},{"floor":19,"key":"SkillPotion"},{"floor":24,"key":"SpeedPotion"},{"floor":29,"key":"PowerPotion"},{"floor":31,"key":"SteroidPotion"},{"floor":35,"key":"Ancient Potion"},{"floor":38,"key":"Fire Potion"},{"floor":41,"key":"SpeedPotion"},{"floor":46,"key":"Swift Potion"}],"is_trial":false,"path_per_floor":["M","M","?","$","M","R","E","R","T","E","?","R","M","E","R","B",null,"M","M","$","M","$","E","M","R","T","M","$","M","M","E","R","B",null,"M","M","M","M","$","R","E","R","T","M","?","M","$","?","R","B",null],"character_chosen":"DEFECT","items_purchased":["Cold Snap","MealTicket","Defragment+1","Capacitor+1","Chill","AttackPotion"],"campfire_rested":2,"item_purchase_floors":[4,20,20,39,47,47],"current_hp_per_floor":[75,74,74,74,73,73,51,51,51,58,58,58,58,59,59,61,72,76,61,61,71,76,71,20,57,57,67,76,76,76,49,76,76,76,74,63,62,74,76,76,76,76,76,76,72,72,72,72,72,51],"gold":64,"neow_bonus":"TEN_PERCENT_HP_BONUS","is_prod":false,"is_daily":false,"chose_seed":false,"campfire_upgraded":7,"win_rate":0,"timestamp":1569648367,"path_taken":["M","M","?","$","M","R","E","R","T","E","?","R","M","E","R","BOSS","M","?","?","M","?","E","M","R","T","M","$","M","M","E","R","BOSS","M","M","M","M","$","R","E","R","T","M","?","M","$","?","R","BOSS"],"build_version":"2019-07-17","purchased_purges":5,"victory":true,"max_hp_per_floor":[82,82,76,76,76,76,76,76,76,76,76,76,76,76,76,76,76,76,76,76,76,76,76,76,76,76,76,76,76,76,76,76,76,76,76,76,76,76,76,76,76,76,76,76,72,72,72,72,72,72],"card_choices":[{"not_picked":["Reinforced Body","Rebound"],"picked":"Coolheaded","floor":1.0},{"not_picked":["Rebound","Compile Driver"],"picked":"Streamline","floor":2.0},{"not_picked":["Heatsinks","Glacier"],"picked":"Self Repair","floor":5.0},{"not_picked":["Rebound","Cold Snap"],"picked":"Biased Cognition","floor":7.0},{"not_picked":["Turbo","Double Energy"],"picked":"Chaos","floor":10.0},{"not_picked":["Hologram","Go for the Eyes"],"picked":"Steam","floor":13.0},{"not_picked":["Force Field","Hologram","Reinforced Body"],"picked":"SKIP","floor":14},{"not_picked":["Rainbow","Multi-Cast"],"picked":"Buffer+1","floor":16},{"not_picked":["Doom and Gloom+1","Steam"],"picked":"Loop+1","floor":18},{"not_picked":["Leap","Self Repair+1"],"picked":"Blizzard","floor":19},{"not_picked":["Rebound","Force Field"],"picked":"Gash","floor":21},{"not_picked":["Hello World+1","Heatsinks+1"],"picked":"Biased Cognition+1","floor":23},{"not_picked":["Steam Power+1","Sunder"],"picked":"Conserve Battery","floor":24},{"not_picked":["Conserve Battery","Recycle","Capacitor+1"],"picked":"SKIP","floor":27},{"not_picked":["Reprogram","Rip and Tear"],"picked":"Rebound+1","floor":29},{"not_picked":["Sweeping Beam","Steam"],"picked":"Tempest","floor":30},{"not_picked":["Reprogram","Hologram"],"picked":"Glacier","floor":31},{"not_picked":["Barrage"],"picked":"SKIP","floor":35},{"not_picked":["Stack+1"],"picked":"SKIP","floor":36},{"not_picked":["Conserve Battery+1"],"picked":"SKIP","floor":37},{"not_picked":["Self Repair+1"],"picked":"SKIP","floor":38},{"not_picked":[],"picked":"Core Surge","floor":41},{"not_picked":[],"picked":"Go for the Eyes","floor":44},{"not_picked":["Sweeping Beam+1"],"picked":"SKIP","floor":46}],"player_experience":285445,"relics_obtained":[{"floor":7.0,"key":"FossilizedHelix"},{"floor":9.0,"key":"Nunchaku"},{"floor":10.0,"key":"Frozen Egg 2"},{"floor":14,"key":"Regal Pillow"},{"floor":23,"key":"Matryoshka"},{"floor":26,"key":"Whetstone"},{"floor":26,"key":"The Courier"},{"floor":31,"key":"Blood Vial"},{"floor":41,"key":"Shovel"},{"floor":43,"key":"MawBank"},{"floor":43,"key":"Orichalcum"}],"event_choices":[{"damage_healed":0.0,"max_hp_gain":0.0,"max_hp_loss":6.0,"gold_gain":0.0,"event_name":"Golden Idol","player_choice":"Lose Max HP","floor":3.0,"gold_loss":0.0,"damage_taken":0.0,"relics_obtained":["Golden Idol"]},{"damage_healed":0.0,"max_hp_gain":0.0,"max_hp_loss":0.0,"gold_gain":100.0,"event_name":"Golden Shrine","player_choice":"Pray","floor":11.0,"gold_loss":0.0,"damage_taken":0.0},{"damage_healed":0,"gold_gain":0,"player_choice":"Max HP","damage_taken":0,"max_hp_gain":0,"max_hp_loss":4,"event_name":"Winding Halls","floor":45,"gold_loss":0},{"cards_removed":["Defend_B"],"damage_healed":0,"gold_gain":0,"player_choice":"Removed Skill","damage_taken":0,"max_hp_gain":0,"max_hp_loss":0,"event_name":"Falling","floor":48,"gold_loss":0}],"is_beta":false,"boss_relics":[{"not_picked":["Nuclear Battery","Fusion Hammer"],"picked":"Runic Pyramid"},{"not_picked":["Astrolabe","Velvet Choker"],"picked":"Busted Crown"}],"items_purged_floors":[4,20,28,39,47],"is_endless":false,"potions_floor_spawned":[1,7,10,19,24,29,31,35,38,41,46],"ascension_level":6}