{"gold_per_floor":[212,312,56,72,4,4,4,36,36,61,61,73,84,119,119,217,217,229,319,338,354,370,370,398,398,422,453,453,453,267,142,142,243,243,256,478,578,111,111,121,121,154,224,237,237,247,247,247,247,247],"floor_reached":51,"playtime":4010,"items_purged":["Strike_B","Defend_B","Strike_B","Defend_B"],"score":1011,"play_id":"90eff82a-9aa9-4349-92cd-ebbe051f355a","local_time":"20190928001248","is_ascension_mode":true,"campfire_choices":[{"data":"Chaos","floor":6.0,"key":"SMITH"},{"data":"Defragment","floor":11.0,"key":"SMITH"},{"floor":15.0,"key":"REST"},{"floor":23.0,"key":"REST"},{"floor":25.0,"key":"REST"},{"data":"Blizzard","floor":29.0,"key":"SMITH"},{"data":"Streamline","floor":32.0,"key":"SMITH"},{"data":"Echo Form","floor":41,"key":"SMITH"},{"data":"Sweeping Beam","floor":45,"key":"SMITH"},{"floor":47,"key":"REST"},{"floor":49,"key":"REST"}],"neow_cost":"NONE","seed_source_timestamp":0,"circlet_count":0,"master_deck":["Strike_B","Strike_B","Defend_B","Defend_B","Zap","Go for the Eyes","Conserve Battery","Chaos+1","Defragment+1","Glacier","Loop","FTL","Streamline+1","Cold Snap","Reboot","Sweeping Beam+1","Hologram+1","Self Repair","Blizzard+1","Flash of Steel","Echo Form+1","Reinforced Body","Coolheaded+1","Doom and Gloom+1","Compile Driver+1"],"special_seed":0,"relics":["Cracked Core","DataDisk","Cables","Question Card","Kunai","Bottled Flame","Juzu Bracelet","Sozu","Lantern","Orichalcum","Red Mask","Lizard Tail","Girya","Letter Opener","The Courier","Molten Egg 2"],"potions_floor_usage":[50],"damage_taken":[{"damage":5.0,"enemies":"Small Slimes","floor":1.0,"turns":3.0},{"damage":0.0,"enemies":"Cultist","floor":4.0,"turns":3.0},{"damage":16.0,"enemies":"Gremlin Nob","floor":8.0,"turns":4.0},{"damage":0.0,"enemies":"Lagavulin","floor":10.0,"turns":6.0},{"damage":0.0,"enemies":"Jaw Worm","floor":12.0,"turns":1.0},{"damage":6.0,"enemies":"2 Fungi Beasts","floor":13.0,"turns":4.0},{"damage":0.0,"enemies":"Gremlin Nob","floor":14.0,"turns":3.0},{"damage":31.0,"enemies":"Hexaghost","floor":16.0,"turns":9.0},{"damage":0.0,"enemies":"3 Byrds","floor":18.0,"turns":4.0},{"damage":0.0,"enemies":"Chosen","floor":20.0,"turns":3.0},{"damage":27.0,"enemies":"Snake Plant","floor":21.0,"turns":4.0},{"damage":0.0,"enemies":"Snecko","floor":22.0,"turns":7.0},{"damage":16.0,"enemies":"Gremlin Leader","floor":24.0,"turns":8.0},{"damage":15.0,"enemies":"Masked Bandits","floor":27.0,"turns":6.0},{"damage":39.0,"enemies":"Champ","floor":33.0,"turns":11.0},{"damage":0.0,"enemies":"3 Darklings","floor":35.0,"turns":5.0},{"damage":5.0,"enemies":"Mind Bloom Boss Battle","floor":37.0,"turns":8.0},{"damage":23,"enemies":"3 Shapes","floor":40,"turns":3},{"damage":18,"enemies":"Giant Head","floor":42,"turns":10},{"damage":11,"enemies":"Transient","floor":44,"turns":5},{"damage":18,"enemies":"Jaw Worm Horde","floor":46,"turns":4},{"damage":57,"enemies":"Donu and Deca","floor":50,"turns":9}],"seed_played":"-3484746986231130932","potions_obtained":[{"floor":4.0,"key":"Energy Potion"},{"floor":10.0,"key":"Fire Potion"},{"floor":12.0,"key":"Block Potion"},{"floor":13.0,"key":"Explosive Potion"}],"is_trial":false,"path_per_floor":["M","?","$","M","$","R","T","E","T","E","R","M","M","E","R","B",null,"M","?","M","M","M","R","E","R","T","?","?","R","$","$","R","B",null,"M","?","?","$","?","M","R","E","T","M","R","M","R","?","R","B",null],"character_chosen":"DEFECT","items_purchased":["Conserve Battery","DataDisk","Defragment","Flash of Steel","Letter Opener","Reinforced Body"],"campfire_rested":5,"item_purchase_floors":[3,3,5,30,38,38],"current_hp_per_floor":[70,70,70,70,70,70,70,54,54,54,54,54,48,48,70,39,66,66,52,52,25,25,47,38,60,60,52,52,52,52,52,52,20,61,75,75,75,75,71,55,55,44,44,40,40,29,50,50,71,21],"gold":247,"neow_bonus":"HUNDRED_GOLD","is_prod":false,"is_daily":false,"chose_seed":false,"campfire_upgraded":6,"win_rate":0,"timestamp":1569643968,"path_taken":["M","?","?","M","$","R","?","E","T","E","R","M","M","E","R","BOSS","M","?","M","M","M","R","E","R","T","?","?","R","?","$","R","BOSS","M","?","?","$","?","M","R","E","T","M","R","M","R","?","R","BOSS"],"build_version":"2019-07-17","purchased_purges":4,"victory":true,"max_hp_per_floor":[75,75,75,75,75,75,75,75,75,75,75,75,75,75,75,75,75,75,75,75,75,75,75,75,75,75,75,75,75,75,75,75,75,75,75,75,75,75,71,71,71,71,71,71,71,71,71,71,71,71],"card_choices":[{"not_picked":["Turbo","Scrape"],"picked":"Go for the Eyes","floor":1.0},{"not_picked":["Stack","Sweeping Beam"],"picked":"Chaos","floor":4.0},{"not_picked":["Fusion","Amplify"],"picked":"Glacier","floor":8.0},{"not_picked":["Turbo","Conserve Battery","Streamline"],"picked":"Loop","floor":10.0},{"not_picked":["Glacier","Compile Driver","Go for the Eyes"],"picked":"FTL","floor":12.0},{"not_picked":["Sweeping Beam","Hologram","Steam"],"picked":"Streamline","floor":13.0},{"not_picked":["Rip and Tear","Chaos","Melter"],"picked":"Cold Snap","floor":14.0},{"not_picked":["Amplify","Seek","Creative AI"],"picked":"Reboot","floor":16.0},{"not_picked":["Aggregate+1","Hello World","Go for the Eyes"],"picked":"Sweeping Beam","floor":18.0},{"not_picked":["Turbo+1","Beam Cell+1","Ball Lightning"],"picked":"Hologram+1","floor":20.0},{"not_picked":["Recycle","Steam","Go for the Eyes","Amplify"],"picked":"SKIP","floor":21.0},{"not_picked":["Compile Driver","Sweeping Beam+1","Undo+1"],"picked":"Self Repair","floor":22.0},{"not_picked":["Reinforced Body","Redo","Steam"],"picked":"Blizzard","floor":24.0},{"not_picked":["Machine Learning","Fission","Reboot"],"picked":"Echo Form","floor":33.0},{"not_picked":["Recycle","Conserve Battery+1","Go for the Eyes+1","Leap"],"picked":"SKIP","floor":35.0},{"not_picked":["BootSequence+1","Conserve Battery","Capacitor+1","Turbo+1"],"picked":"SKIP","floor":40},{"not_picked":["Meteor Strike","Ball Lightning+1","Beam Cell"],"picked":"Coolheaded+1","floor":42},{"not_picked":["Tempest","Gash+1","Coolheaded+1"],"picked":"Doom and Gloom+1","floor":44},{"not_picked":["Defragment+1","Darkness","Double Energy+1"],"picked":"Compile Driver+1","floor":46}],"player_experience":281435,"relics_obtained":[{"floor":7.0,"key":"Cables"},{"floor":8.0,"key":"Question Card"},{"floor":9.0,"key":"Kunai"},{"floor":10.0,"key":"Bottled Flame"},{"floor":14.0,"key":"Juzu Bracelet"},{"floor":24.0,"key":"Lantern"},{"floor":26.0,"key":"Orichalcum"},{"floor":27.0,"key":"Red Mask"},{"floor":37,"key":"Girya"},{"floor":42,"key":"The Courier"},{"floor":43,"key":"Molten Egg 2"}],"event_choices":[{"damage_healed":0.0,"max_hp_gain":0.0,"max_hp_loss":0.0,"gold_gain":100.0,"event_name":"Golden Shrine","player_choice":"Pray","floor":2.0,"gold_loss":0.0,"damage_taken":0.0},{"damage_healed":0.0,"max_hp_gain":0.0,"max_hp_loss":0.0,"gold_gain":90.0,"event_name":"Knowing Skull","player_choice":"GOLD ","floor":19.0,"potions_obtained":[],"gold_loss":0.0,"damage_taken":14.0,"cards_obtained":[]},{"damage_healed":0.0,"max_hp_gain":0.0,"max_hp_loss":0.0,"gold_gain":0.0,"event_name":"Masked Bandits","player_choice":"Fought Bandits","floor":27.0,"gold_loss":0.0,"damage_taken":0.0},{"damage_healed":0.0,"max_hp_gain":0.0,"max_hp_loss":0.0,"gold_gain":0.0,"event_name":"Vampires","player_choice":"Ignored","floor":28.0,"gold_loss":0.0,"damage_taken":0.0},{"damage_healed":0.0,"max_hp_gain":0.0,"max_hp_loss":0.0,"gold_gain":222.0,"event_name":"Tomb of Lord Red Mask","player_choice":"Wore Mask","floor":36.0,"gold_loss":0.0,"damage_taken":0.0},{"damage_healed":0.0,"max_hp_gain":0.0,"max_hp_loss":0.0,"gold_gain":0.0,"event_name":"MindBloom","player_choice":"Fight","floor":37.0,"gold_loss":0.0,"damage_taken":0.0},{"damage_healed":0,"gold_gain":0,"player_choice":"Max HP","damage_taken":0,"max_hp_gain":0,"max_hp_loss":4,"event_name":"Winding Halls","floor":39,"gold_loss":0},{"cards_removed":["Dualcast"],"damage_healed":0,"gold_gain":0,"player_choice":"Removed Skill","damage_taken":0,"max_hp_gain":0,"max_hp_loss":0,"event_name":"Falling","floor":48,"gold_loss":0}],"is_beta":false,"boss_relics":[{"not_picked":["Cursed Key","FrozenCore"],"picked":"Sozu"},{"not_picked":["Empty Cage","Fusion Hammer"],"picked":"Lizard Tail"}],"items_purged_floors":[3,30,31,38],"is_endless":false,"potions_floor_spawned":[4,10,12,13,18,21,27,35,37,46],"ascension_level":5}