{"gold_per_floor":[116,116,132,132,146,146,179,199,199,199,0,63,82,101,101,205,205,215,215,234,254,272,297,297,314,314,97,116,116,144,144,144,248,248,258,55,55,73,73,73,101,101,101,129,148,148],"floor_reached":46,"playtime":3725,"items_purged":["Strike_B","Defend_B"],"score":583,"play_id":"637f7e39-722a-40aa-9e18-eac6ebc0722a","local_time":"20190922141628","is_ascension_mode":true,"campfire_choices":[{"floor":6.0,"key":"REST"},{"floor":10.0,"key":"REST"},{"floor":15.0,"key":"REST"},{"floor":24,"key":"REST"},{"floor":29,"key":"REST"},{"data":"Sweeping Beam","floor":32,"key":"SMITH"},{"data":"Melter","floor":40,"key":"SMITH"},{"data":"Cold Snap","floor":42,"key":"SMITH"}],"neow_cost":"TEN_PERCENT_HP_LOSS","seed_source_timestamp":921726958721900,"circlet_count":0,"master_deck":["Strike_B","Defend_B","Zap","Dualcast+1","Undo+1","Turbo+1","Fusion+1","Cold Snap+1","Glacier+1","Sweeping Beam+1","Doom and Gloom+1","Loop+1","Fission+1","Barrage+1","Hello World+1","Blizzard+1","Hologram+1","Seek+1","Melter+1","Glacier+1","Double Energy+1","White Noise+1","FTL","Coolheaded+1","Creative AI+1","Tempest+1","Aggregate+1","Creative AI+1"],"special_seed":0,"relics":["Cracked Core","Ginger","Toxic Egg 2","Bottled Lightning","Frozen Egg 2","Tiny Chest","Astrolabe","Bag of Preparation","Mummified Hand","Anchor","White Beast Statue","Runic Capacitor","The Courier","Art of War","Prayer Wheel","Bottled Tornado"],"potions_floor_usage":[20,23,45,46],"damage_taken":[{"damage":0.0,"enemies":"Cultist","floor":1.0,"turns":4.0},{"damage":5.0,"enemies":"2 Louse","floor":3.0,"turns":3.0},{"damage":5.0,"enemies":"Small Slimes","floor":5.0,"turns":3.0},{"damage":24.0,"enemies":"Lagavulin","floor":7.0,"turns":7.0},{"damage":10.0,"enemies":"Red Slaver","floor":8.0,"turns":4.0},{"damage":17.0,"enemies":"3 Sentries","floor":12.0,"turns":11.0},{"damage":0.0,"enemies":"Looter","floor":13.0,"turns":4.0},{"damage":2.0,"enemies":"Gremlin Gang","floor":14.0,"turns":3.0},{"damage":20.0,"enemies":"Slime Boss","floor":16.0,"turns":13.0},{"damage":13,"enemies":"3 Byrds","floor":18,"turns":5},{"damage":3,"enemies":"2 Thieves","floor":20,"turns":3},{"damage":6,"enemies":"Snecko","floor":21,"turns":5},{"damage":3,"enemies":"Chosen and Byrds","floor":22,"turns":7},{"damage":18,"enemies":"Slavers","floor":23,"turns":6},{"damage":3,"enemies":"Snake Plant","floor":25,"turns":4},{"damage":4,"enemies":"Centurion and Healer","floor":28,"turns":9},{"damage":7,"enemies":"Book of Stabbing","floor":30,"turns":5},{"damage":8,"enemies":"Automaton","floor":33,"turns":11},{"damage":4,"enemies":"3 Darklings","floor":35,"turns":4},{"damage":0,"enemies":"Orb Walker","floor":38,"turns":2},{"damage":6,"enemies":"Giant Head","floor":41,"turns":4},{"damage":0,"enemies":"Nemesis","floor":44,"turns":5},{"damage":26,"enemies":"Jaw Worm Horde","floor":45,"turns":4},{"damage":64,"enemies":"Reptomancer","floor":46,"turns":2}],"seed_played":"-6448635872276651737","potions_obtained":[{"floor":5.0,"key":"SteroidPotion"},{"floor":7.0,"key":"Block Potion"},{"floor":8.0,"key":"Explosive Potion"},{"floor":12.0,"key":"Weak Potion"},{"floor":13.0,"key":"Explosive Potion"},{"floor":20,"key":"GamblersBrew"},{"floor":21,"key":"Block Potion"},{"floor":28,"key":"Regen Potion"},{"floor":33,"key":"Weak Potion"}],"is_trial":false,"path_per_floor":["M","?","M","?","M","R","E","M","T","R","$","E","M","M","R","B",null,"M","?","M","M","M","E","R","M","T","$","M","R","E","?","R","B",null,"M","$","T","M","?","R","E","R","T","E","M","E"],"character_chosen":"DEFECT","items_purchased":["Cold Snap","Glacier+1","White Noise+1","FTL","Runic Capacitor"],"campfire_rested":5,"item_purchase_floors":[11,11,27,27,36],"current_hp_per_floor":[68,56,51,37,32,52,28,18,18,38,38,21,21,19,39,19,68,55,55,52,46,43,25,45,42,42,42,38,58,51,51,51,43,68,64,64,64,64,64,64,58,58,58,58,41,0],"gold":148,"neow_bonus":"ONE_RARE_RELIC","is_prod":false,"is_daily":false,"chose_seed":false,"campfire_upgraded":3,"win_rate":0,"timestamp":1569176188,"path_taken":["M","?","M","?","M","R","E","M","T","R","$","E","M","M","R","BOSS","M","?","M","M","M","E","R","M","T","$","M","R","E","?","R","BOSS","M","$","?","M","?","R","E","R","T","E","M","E"],"build_version":"2019-07-17","purchased_purges":2,"victory":false,"max_hp_per_floor":[68,68,68,68,68,68,68,68,68,68,68,68,68,68,68,68,68,68,68,68,68,68,68,68,68,68,68,68,68,68,68,68,68,68,68,68,68,68,68,68,68,68,68,68,68,68],"card_choices":[{"not_picked":["Streamline","Go for the Eyes"],"picked":"Undo","floor":1.0},{"not_picked":["Static Discharge","Conserve Battery+1"],"picked":"Turbo+1","floor":3.0},{"not_picked":["Leap+1","Turbo+1","Beam Cell"],"picked":"SKIP","floor":5.0},{"not_picked":["Blizzard","Steam+1","Storm"],"picked":"SKIP","floor":7.0},{"not_picked":["Heatsinks","Melter"],"picked":"Fusion+1","floor":8.0},{"not_picked":["Conserve Battery+1","Scrape"],"picked":"Sweeping Beam","floor":12.0},{"not_picked":["Stack+1","Go for the Eyes"],"picked":"Doom and Gloom","floor":13.0},{"not_picked":["Barrage","Double Energy+1"],"picked":"Loop+1","floor":14.0},{"not_picked":["Meteor Strike","Amplify+1"],"picked":"Fission+1","floor":16.0},{"not_picked":["Barrage","Steam+1"],"picked":"Hologram+1","floor":18},{"not_picked":["Compile Driver+1","Streamline"],"picked":"Seek+1","floor":20},{"not_picked":["Heatsinks+1","Blizzard+1"],"picked":"Melter","floor":21},{"not_picked":["Tempest+1","Beam Cell"],"picked":"Glacier+1","floor":22},{"not_picked":["Stack+1","Doom and Gloom"],"picked":"Double Energy+1","floor":23},{"not_picked":["Sunder","Ball Lightning","Consume+1"],"picked":"SKIP","floor":25},{"not_picked":["Hologram+1","Leap+1"],"picked":"Coolheaded+1","floor":28},{"not_picked":["Beam Cell+1","Storm+1","Thunder Strike"],"picked":"SKIP","floor":30},{"not_picked":["All For One","Machine Learning+1"],"picked":"Creative AI+1","floor":33},{"not_picked":["Sunder","Ball Lightning+1"],"picked":"Tempest+1","floor":35},{"not_picked":["Tempest+1","Ball Lightning"],"picked":"Aggregate+1","floor":38},{"not_picked":["Reinforced Body+1","Steam+1","Compile Driver+1"],"picked":"SKIP","floor":41},{"not_picked":["Sweeping Beam+1","Leap+1","Static Discharge+1"],"picked":"SKIP","floor":44},{"not_picked":["Go for the Eyes","Thunder Strike","Rebound+1"],"picked":"SKIP","floor":45},{"not_picked":["Glacier+1","Sunder+1","Tempest+1"],"picked":"SKIP","floor":45}],"player_experience":242049,"relics_obtained":[{"floor":7.0,"key":"Bottled Lightning"},{"floor":9.0,"key":"Frozen Egg 2"},{"floor":12.0,"key":"Tiny Chest"},{"floor":23,"key":"Bag of Preparation"},{"floor":26,"key":"Mummified Hand"},{"floor":30,"key":"Anchor"},{"floor":37,"key":"The Courier"},{"floor":41,"key":"Art of War"},{"floor":43,"key":"Prayer Wheel"},{"floor":44,"key":"Bottled Tornado"}],"event_choices":[{"damage_healed":0.0,"max_hp_gain":0.0,"max_hp_loss":0.0,"gold_gain":0.0,"event_name":"Scrap Ooze","player_choice":"Success","floor":2.0,"gold_loss":0.0,"damage_taken":12.0,"relics_obtained":["Toxic Egg 2"]},{"damage_healed":0.0,"max_hp_gain":0.0,"max_hp_loss":0.0,"gold_gain":0.0,"event_name":"Shining Light","player_choice":"Entered Light","floor":4.0,"gold_loss":0.0,"damage_taken":14.0,"cards_upgraded":["Dualcast","Undo"]},{"damage_healed":0,"gold_gain":0,"player_choice":"Ignored","damage_taken":0,"max_hp_gain":0,"max_hp_loss":0,"event_name":"Ghosts","floor":19,"gold_loss":0},{"damage_healed":0,"gold_gain":0,"player_choice":"Upgraded","damage_taken":0,"max_hp_gain":0,"max_hp_loss":0,"event_name":"Upgrade Shrine","floor":31,"gold_loss":0,"cards_upgraded":["Doom and Gloom"]},{"damage_healed":0,"gold_gain":0,"cards_transformed":["Defend_B"],"player_choice":"Transformed","damage_taken":0,"max_hp_gain":0,"max_hp_loss":0,"event_name":"Transmorgrifier","floor":39,"gold_loss":0,"cards_obtained":["Creative AI"]}],"is_beta":false,"boss_relics":[{"not_picked":["Philosopher\u0027s Stone","Calling Bell"],"picked":"Astrolabe"},{"not_picked":["Velvet Choker","Fusion Hammer"],"picked":"White Beast Statue"}],"items_purged_floors":[11,27],"is_endless":false,"potions_floor_spawned":[5,7,8,12,13,20,21,28,33,35,38,41,44,45],"killed_by":"Reptomancer","ascension_level":1}