{"gold_per_floor":[113,133,151,151,52,52,69,69,69,79,99,134,147,160,160,160],"floor_reached":16,"playtime":1676,"items_purged":["Defend_R"],"score":106,"play_id":"f4d1a36c-da5f-46ee-b6a4-abef34ecbc17","local_time":"20190901133343","is_ascension_mode":false,"campfire_choices":[{"data":"Armaments","floor":6.0,"key":"SMITH"},{"data":"Rupture","floor":8.0,"key":"SMITH"},{"floor":15,"key":"REST"}],"neow_cost":"TEN_PERCENT_HP_LOSS","seed_source_timestamp":0,"circlet_count":0,"master_deck":["Strike_R","Strike_R","Strike_R","Strike_R","Defend_R","Defend_R","Defend_R","Bash","Offering","Rupture+1","True Grit","Iron Wave","Armaments+1","Headbutt","Cleave","Seeing Red"],"special_seed":0,"relics":["Burning Blood","Ancient Tea Set","Bottled Flame"],"potions_floor_usage":[16,16],"damage_taken":[{"damage":6.0,"enemies":"2 Louse","floor":1.0,"turns":2.0},{"damage":6.0,"enemies":"Cultist","floor":2.0,"turns":2.0},{"damage":14.0,"enemies":"Jaw Worm","floor":3.0,"turns":4.0},{"damage":18.0,"enemies":"Exordium Wildlife","floor":7.0,"turns":6.0},{"damage":6.0,"enemies":"3 Louse","floor":10.0,"turns":4.0},{"damage":6.0,"enemies":"Large Slime","floor":11.0,"turns":6.0},{"damage":19.0,"enemies":"Lagavulin","floor":12.0,"turns":5.0},{"damage":13.0,"enemies":"Exordium Wildlife","floor":13.0,"turns":4.0},{"damage":13.0,"enemies":"Red Slaver","floor":14.0,"turns":2.0},{"damage":50,"enemies":"Slime Boss","floor":16,"turns":9}],"seed_played":"-6445221622089122448","potions_obtained":[{"floor":1.0,"key":"FearPotion"},{"floor":3.0,"key":"FearPotion"},{"floor":7.0,"key":"PowerPotion"}],"is_trial":false,"path_per_floor":["M","M","M","?","$","R","M","R","T","M","M","E","M","M","R","B"],"character_chosen":"IRONCLAD","items_purchased":["Armaments"],"campfire_rested":1,"item_purchase_floors":[5],"current_hp_per_floor":[72,72,64,64,64,64,52,52,52,52,52,39,32,25,46,0],"gold":160,"neow_bonus":"THREE_RARE_CARDS","is_prod":false,"is_daily":false,"chose_seed":false,"campfire_upgraded":2,"win_rate":0.0,"timestamp":1567359223,"path_taken":["M","M","M","?","$","R","M","R","T","M","M","E","M","M","R","BOSS"],"build_version":"2019-07-17","purchased_purges":1,"victory":false,"max_hp_per_floor":[72,72,72,72,72,72,72,72,72,72,72,72,72,72,72,72],"card_choices":[{"not_picked":["Feed","Double Tap"],"picked":"Offering","floor":0.0},{"not_picked":["Disarm","Warcry"],"picked":"Rupture","floor":1.0},{"not_picked":["Whirlwind","Sever Soul"],"picked":"True Grit","floor":2.0},{"not_picked":["Pommel Strike","Twin Strike","Shrug It Off"],"picked":"SKIP","floor":3.0},{"not_picked":["Flame Barrier","Perfected Strike"],"picked":"Headbutt","floor":7.0},{"not_picked":["Shrug It Off","Reckless Charge"],"picked":"Cleave","floor":10.0},{"not_picked":["Shockwave","Pummel"],"picked":"Seeing Red","floor":11.0},{"not_picked":["Bludgeon","Twin Strike","Shockwave"],"picked":"SKIP","floor":12.0},{"not_picked":["Clothesline","Sword Boomerang","Anger"],"picked":"SKIP","floor":13.0},{"not_picked":["Perfected Strike","Dropkick","Clothesline"],"picked":"SKIP","floor":14}],"player_experience":7438,"relics_obtained":[{"floor":9.0,"key":"Ancient Tea Set"},{"floor":12.0,"key":"Bottled Flame"}],"event_choices":[{"cards_removed":["Strike_R"],"damage_healed":0.0,"max_hp_gain":0.0,"max_hp_loss":0.0,"gold_gain":0.0,"event_name":"NoteForYourself","player_choice":"Took Card","floor":4.0,"gold_loss":0.0,"damage_taken":0.0,"cards_obtained":["Iron Wave"]}],"is_beta":false,"boss_relics":[],"items_purged_floors":[5],"is_endless":false,"potions_floor_spawned":[1,3,7],"killed_by":"Slime Boss","ascension_level":0}