{"gold_per_floor":[114,128,141,66,85,118,118,118,145,145,145,245,310,323,323,424,424,442,303,22,35,46,76,76,94,120,120,120,134,134,150,150,247,247,259,259,276,295,295,295,306,306,380,393,393,393,40,51,51,51],"floor_reached":51,"playtime":3081,"items_purged":["Defend_R","Strike_R","Strike_R"],"score":654,"play_id":"bb0cd11d-2542-430f-84b7-21b0b84ea137","local_time":"20190914011248","is_ascension_mode":false,"campfire_choices":[{"data":"Demon Form","floor":7,"key":"SMITH"},{"data":"Iron Wave","floor":10,"key":"SMITH"},{"floor":15,"key":"REST"},{"floor":24,"key":"REST"},{"data":"Iron Wave","floor":27,"key":"SMITH"},{"data":"Ghostly Armor","floor":30,"key":"SMITH"},{"floor":32,"key":"REST"},{"floor":40,"key":"REST"},{"data":"Barricade","floor":42,"key":"SMITH"},{"data":"Shrug It Off","floor":45,"key":"SMITH"},{"data":"Body Slam","floor":49,"key":"SMITH"}],"neow_cost":"NONE","seed_source_timestamp":184362207039200,"circlet_count":0,"master_deck":["Strike_R","Strike_R","Defend_R","Defend_R","Defend_R","Bash","Iron Wave+1","Ghostly Armor+1","Disarm","Demon Form+1","Juggernaut+1","Body Slam+1","Shrug It Off+1","Offering","Metallicize","Whirlwind+1","Flame Barrier","Iron Wave+1","Barricade+1","Flex+1"],"relics":["Burning Blood","Art of War","Juzu Bracelet","Regal Pillow","Tiny Chest","Philosopher\u0027s Stone","Vajra","Letter Opener","Smiling Mask","Runic Pyramid","Bottled Flame","Pantograph","ClockworkSouvenir","Happy Flower"],"potions_floor_usage":[16,16,23,37,50],"damage_taken":[{"damage":2,"enemies":"Small Slimes","floor":1,"turns":4},{"damage":5,"enemies":"Cultist","floor":2,"turns":4},{"damage":0,"enemies":"2 Louse","floor":3,"turns":3},{"damage":12,"enemies":"Gremlin Gang","floor":5,"turns":9},{"damage":16,"enemies":"Lagavulin","floor":6,"turns":7},{"damage":27,"enemies":"3 Sentries","floor":13,"turns":8},{"damage":1,"enemies":"3 Louse","floor":14,"turns":3},{"damage":34,"enemies":"Slime Boss","floor":16,"turns":10},{"damage":30,"enemies":"2 Thieves","floor":18,"turns":4},{"damage":23,"enemies":"Spheric Guardian","floor":21,"turns":6},{"damage":6,"enemies":"Chosen and Byrds","floor":22,"turns":6},{"damage":14,"enemies":"Gremlin Leader","floor":23,"turns":5},{"damage":10,"enemies":"Snecko","floor":25,"turns":4},{"damage":20,"enemies":"Snake Plant","floor":29,"turns":4},{"damage":19,"enemies":"Sentry and Sphere","floor":31,"turns":5},{"damage":7,"enemies":"Champ","floor":33,"turns":9},{"damage":19,"enemies":"3 Shapes","floor":35,"turns":4},{"damage":15,"enemies":"3 Darklings","floor":37,"turns":3},{"damage":27,"enemies":"Jaw Worm Horde","floor":38,"turns":6},{"damage":6,"enemies":"Sphere and 2 Shapes","floor":41,"turns":3},{"damage":6,"enemies":"3 Darklings","floor":44,"turns":1},{"damage":9,"enemies":"Spire Growth","floor":48,"turns":5},{"damage":33,"enemies":"Time Eater","floor":50,"turns":9}],"seed_played":"2567162038811233731","potions_obtained":[{"floor":2,"key":"LiquidBronze"},{"floor":13,"key":"Poison Potion"},{"floor":14,"key":"Swift Potion"},{"floor":16,"key":"Weak Potion"},{"floor":22,"key":"Swift Potion"},{"floor":29,"key":"Energy Potion"}],"is_trial":false,"path_per_floor":["M","M","M","$","M","E","R","?","T","R","?","?","E","M","R","B",null,"M","$","$","M","M","E","R","M","T","R","?","M","R","M","R","B",null,"M","T","M","M","?","R","M","R","T","M","R","?","$","M","R","B",null],"character_chosen":"IRONCLAD","items_purchased":["Metallicize","Vajra","ClockworkSouvenir","Happy Flower"],"campfire_rested":4,"item_purchase_floors":[19,20,47,47],"current_hp_per_floor":[80,80,80,80,74,64,64,64,64,64,46,46,25,30,69,41,80,56,56,56,39,39,31,70,66,66,66,66,52,52,39,78,77,80,67,67,58,37,37,76,76,76,76,76,76,76,76,73,73,49],"gold":51,"neow_bonus":"REMOVE_CARD","is_prod":false,"is_daily":false,"chose_seed":false,"campfire_upgraded":7,"win_rate":0,"timestamp":1568437968,"path_taken":["M","M","M","$","M","E","R","?","T","R","?","?","E","M","R","BOSS","M","?","$","M","M","E","R","M","T","R","?","M","R","M","R","BOSS","M","?","M","M","?","R","M","R","T","M","R","?","$","M","R","BOSS"],"build_version":"2019-07-17","purchased_purges":3,"victory":true,"max_hp_per_floor":[80,80,80,80,80,80,80,80,80,80,80,80,80,80,80,80,80,80,80,80,80,80,80,80,80,80,80,80,80,80,80,80,80,80,80,80,80,80,80,80,80,80,80,80,80,76,76,76,76,76],"card_choices":[{"not_picked":["Perfected Strike","Heavy Blade"],"picked":"Iron Wave","floor":1},{"not_picked":["Spot Weakness","Havoc"],"picked":"Ghostly Armor","floor":2},{"not_picked":["Sword Boomerang","Havoc"],"picked":"Disarm","floor":3},{"not_picked":["Flex","Havoc"],"picked":"Demon Form","floor":5},{"not_picked":["Burning Pact","Demon Form"],"picked":"Juggernaut","floor":6},{"not_picked":["Clothesline","Reaper"],"picked":"Body Slam","floor":13},{"not_picked":["Clothesline","Combust"],"picked":"Shrug It Off","floor":14},{"not_picked":["Dark Embrace","Bludgeon"],"picked":"Offering","floor":16},{"not_picked":["Clothesline","Rage","Clash"],"picked":"SKIP","floor":18},{"not_picked":["Perfected Strike","Twin Strike","Sever Soul+1"],"picked":"SKIP","floor":21},{"not_picked":["Dropkick","Twin Strike"],"picked":"Whirlwind","floor":22},{"not_picked":["Fiend Fire","True Grit"],"picked":"Flame Barrier","floor":23},{"not_picked":["Wild Strike","Hemokinesis"],"picked":"Iron Wave","floor":25},{"not_picked":["Shrug It Off","Anger","True Grit+1"],"picked":"SKIP","floor":29},{"not_picked":["Flame Barrier","Perfected Strike","Havoc"],"picked":"SKIP","floor":31},{"not_picked":["Offering","Double Tap"],"picked":"Barricade","floor":33},{"not_picked":["Body Slam","Sentinel+1","Armaments"],"picked":"SKIP","floor":35},{"not_picked":["Intimidate","Body Slam+1","Pommel Strike"],"picked":"SKIP","floor":37},{"not_picked":["Iron Wave+1","Searing Blow"],"picked":"Flex+1","floor":38},{"not_picked":["Rampage+1","Dark Embrace","Perfected Strike"],"picked":"SKIP","floor":41},{"not_picked":["Armaments","Rage","Whirlwind+1"],"picked":"SKIP","floor":44},{"not_picked":["Shrug It Off","Havoc","Iron Wave"],"picked":"SKIP","floor":48}],"player_experience":146133,"relics_obtained":[{"floor":6,"key":"Art of War"},{"floor":9,"key":"Juzu Bracelet"},{"floor":13,"key":"Tiny Chest"},{"floor":23,"key":"Letter Opener"},{"floor":26,"key":"Smiling Mask"},{"floor":36,"key":"Bottled Flame"},{"floor":43,"key":"Pantograph"}],"event_choices":[{"damage_healed":0,"gold_gain":0,"player_choice":"Upgraded","damage_taken":0,"max_hp_gain":0,"max_hp_loss":0,"event_name":"Upgrade Shrine","floor":8,"gold_loss":0,"cards_upgraded":["Juggernaut"]},{"damage_healed":0,"gold_gain":0,"player_choice":"Success","damage_taken":18,"relics_obtained":["Regal Pillow"],"max_hp_gain":0,"max_hp_loss":0,"event_name":"Scrap Ooze","floor":11,"gold_loss":0},{"damage_healed":0,"gold_gain":100,"player_choice":"Pray","damage_taken":0,"max_hp_gain":0,"max_hp_loss":0,"event_name":"Golden Shrine","floor":12,"gold_loss":0},{"damage_healed":0,"gold_gain":0,"player_choice":"Upgraded","damage_taken":0,"max_hp_gain":0,"max_hp_loss":0,"event_name":"Upgrade Shrine","floor":28,"gold_loss":0,"cards_upgraded":["Whirlwind"]},{"damage_healed":0,"gold_gain":0,"player_choice":"Ignored","damage_taken":0,"max_hp_gain":0,"max_hp_loss":0,"event_name":"Tomb of Lord Red Mask","floor":39,"gold_loss":0},{"damage_healed":0,"gold_gain":0,"player_choice":"Max HP","damage_taken":0,"max_hp_gain":0,"max_hp_loss":4,"event_name":"Winding Halls","floor":46,"gold_loss":0}],"is_beta":false,"boss_relics":[{"not_picked":["Ectoplasm","Black Blood"],"picked":"Philosopher\u0027s Stone"},{"not_picked":["White Beast Statue","Cursed Key"],"picked":"Runic Pyramid"}],"items_purged_floors":[4,19,20],"is_endless":false,"potions_floor_spawned":[2,13,14,16,22,29,35],"ascension_level":0}