{"gold_per_floor":[209,67,142,153,153,168,197,197,220,249,269,269,300,312,312,415,415,429,429,94,106,106,106,121,147,220,1,1,26,26,46,46,141,141,158,172,183,33,33,33,60,60,110,110,126,172,152,179,179,179],"floor_reached":51,"playtime":3073,"items_purged":["Strike_R","Defend_R","Defend_R","Defend_R"],"score":928,"play_id":"2e7150fc-6288-46d8-b689-f42076d653ff","local_time":"20190917200449","is_ascension_mode":true,"campfire_choices":[{"data":"Shockwave","floor":8,"key":"SMITH"},{"floor":12,"key":"REST"},{"data":"Iron Wave","floor":15,"key":"SMITH"},{"data":"Defend_R","floor":23,"key":"PURGE"},{"data":"Strike_R","floor":28,"key":"PURGE"},{"floor":32,"key":"REST"},{"data":"Double Tap","floor":40,"key":"SMITH"},{"data":"Iron Wave","floor":42,"key":"SMITH"},{"data":"Strike_R","floor":44,"key":"PURGE"},{"data":"Strike_R","floor":49,"key":"PURGE"}],"neow_cost":"NONE","seed_source_timestamp":511505834562800,"circlet_count":0,"master_deck":["Bash","Iron Wave+1","Shockwave+1","Pommel Strike","Iron Wave","Thunderclap","Limit Break+1","Feed","Clash","Reaper","Inflame","Shrug It Off","Iron Wave+1","Flash of Steel","Feed","Iron Wave+1","Burning Pact+1","Rage+1","Double Tap+1","Pummel","Metallicize","Infernal Blade+1"],"relics":["Burning Blood","Bag of Marbles","Boot","Shuriken","Peace Pipe","Mark of Pain","Champion Belt","Ornamental Fan","Centennial Puzzle","White Beast Statue","Pocketwatch","Lantern","Gambling Chip","Omamori"],"potions_floor_usage":[10,16,16,33,46,46,50,50,50],"damage_taken":[{"damage":13,"enemies":"Jaw Worm","floor":1,"turns":4},{"damage":0,"enemies":"Small Slimes","floor":4,"turns":3},{"damage":7,"enemies":"2 Louse","floor":6,"turns":2},{"damage":25,"enemies":"Lagavulin","floor":7,"turns":7},{"damage":25,"enemies":"3 Sentries","floor":10,"turns":7},{"damage":19,"enemies":"Gremlin Gang","floor":11,"turns":5},{"damage":14,"enemies":"Gremlin Nob","floor":13,"turns":4},{"damage":2,"enemies":"Looter","floor":14,"turns":4},{"damage":16,"enemies":"The Guardian","floor":16,"turns":11},{"damage":7,"enemies":"Chosen","floor":18,"turns":3},{"damage":6,"enemies":"Spheric Guardian","floor":21,"turns":3},{"damage":17,"enemies":"Cultist and Chosen","floor":24,"turns":5},{"damage":68,"enemies":"Slavers","floor":25,"turns":6},{"damage":12,"enemies":"Gremlin Leader","floor":29,"turns":5},{"damage":18,"enemies":"Snake Plant","floor":31,"turns":3},{"damage":4,"enemies":"Champ","floor":33,"turns":7},{"damage":0,"enemies":"Orb Walker","floor":35,"turns":3},{"damage":0,"enemies":"3 Shapes","floor":36,"turns":5},{"damage":22,"enemies":"3 Darklings","floor":37,"turns":4},{"damage":25,"enemies":"Nemesis","floor":41,"turns":5},{"damage":14,"enemies":"Sphere and 2 Shapes","floor":45,"turns":4},{"damage":32,"enemies":"2 Orb Walkers","floor":46,"turns":4},{"damage":5,"enemies":"Giant Head","floor":48,"turns":6},{"damage":84,"enemies":"Time Eater","floor":50,"turns":10}],"seed_played":"-2091361536094275838","potions_obtained":[{"floor":1,"key":"Dexterity Potion"},{"floor":6,"key":"Swift Potion"},{"floor":14,"key":"PowerPotion"},{"floor":25,"key":"FairyPotion"},{"floor":31,"key":"SteroidPotion"},{"floor":33,"key":"Regen Potion"},{"floor":35,"key":"Weak Potion"},{"floor":36,"key":"Strength Potion"},{"floor":41,"key":"SteroidPotion"},{"floor":46,"key":"GamblersBrew"},{"floor":47,"key":"BloodPotion"}],"is_trial":false,"path_per_floor":["M","$","?","M","?","M","E","R","T","E","M","R","E","M","R","B",null,"M","?","$","M","$","R","M","E","T","$","R","E","?","M","R","B",null,"M","M","M","$","?","R","E","R","T","R","M","?","?","E","R","B",null],"character_chosen":"IRONCLAD","items_purchased":["Shockwave","Reaper","Inflame","Flash of Steel"],"campfire_rested":2,"item_purchase_floors":[2,20,20,27],"current_hp_per_floor":[73,73,62,68,73,72,53,53,53,34,21,46,38,42,42,32,85,84,84,84,84,84,84,79,50,50,50,50,62,45,36,64,96,96,96,96,80,80,80,80,71,71,71,71,69,82,82,83,83,53],"gold":179,"neow_bonus":"HUNDRED_GOLD","is_prod":false,"is_daily":false,"chose_seed":false,"campfire_upgraded":4,"win_rate":0,"timestamp":1568765089,"path_taken":["M","$","?","M","?","M","E","R","T","E","M","R","E","M","R","BOSS","M","?","$","?","$","R","M","E","T","$","R","E","?","M","R","BOSS","M","M","M","$","?","R","E","R","T","R","?","?","?","E","R","BOSS"],"build_version":"2019-07-17","purchased_purges":4,"victory":true,"max_hp_per_floor":[80,80,80,80,85,85,85,85,85,85,85,85,85,85,85,85,85,85,85,85,85,85,85,85,88,88,88,88,88,93,96,96,96,96,96,96,96,96,96,96,96,96,96,96,102,105,105,105,105,105],"card_choices":[{"not_picked":["Havoc","Intimidate"],"picked":"Iron Wave","floor":1},{"not_picked":["Dual Wield","Flex"],"picked":"Pommel Strike","floor":4},{"not_picked":["Bloodletting","Anger","Sever Soul"],"picked":"SKIP","floor":6},{"not_picked":["Clothesline","Havoc","Perfected Strike"],"picked":"SKIP","floor":7},{"not_picked":["Warcry","Dropkick"],"picked":"Iron Wave","floor":10},{"not_picked":["Entrench","Bloodletting","Burning Pact"],"picked":"SKIP","floor":11},{"not_picked":["Pommel Strike","Havoc"],"picked":"Thunderclap","floor":13},{"not_picked":["Headbutt","Clothesline"],"picked":"Limit Break","floor":14},{"not_picked":["Impervious","Demon Form"],"picked":"Feed","floor":16},{"not_picked":["Pommel Strike","Power Through"],"picked":"Clash","floor":18},{"not_picked":["Dropkick","Sword Boomerang"],"picked":"Shrug It Off","floor":21},{"not_picked":["Flame Barrier","Perfected Strike"],"picked":"Iron Wave","floor":24},{"not_picked":["Cleave","Ghostly Armor+1","Pommel Strike"],"picked":"SKIP","floor":25},{"not_picked":["Sentinel","Pummel"],"picked":"Feed","floor":29},{"not_picked":["Thunderclap","Clash"],"picked":"Iron Wave+1","floor":31},{"not_picked":["Clash","Cleave+1"],"picked":"Burning Pact+1","floor":35},{"not_picked":["Flame Barrier","True Grit","Searing Blow"],"picked":"SKIP","floor":36},{"not_picked":["Cleave+1","Anger+1"],"picked":"Rage+1","floor":37},{"not_picked":["Sentinel+1","Hemokinesis","Clothesline"],"picked":"SKIP","floor":41},{"not_picked":["Entrench+1","Sword Boomerang"],"picked":"Pummel","floor":45},{"not_picked":["Sword Boomerang+1","Twin Strike"],"picked":"Metallicize","floor":46},{"not_picked":["Reaper","Uppercut"],"picked":"Infernal Blade+1","floor":48}],"player_experience":204048,"relics_obtained":[{"floor":7,"key":"Bag of Marbles"},{"floor":9,"key":"Boot"},{"floor":10,"key":"Shuriken"},{"floor":13,"key":"Peace Pipe"},{"floor":25,"key":"Champion Belt"},{"floor":26,"key":"Ornamental Fan"},{"floor":29,"key":"Centennial Puzzle"},{"floor":41,"key":"Pocketwatch"},{"floor":43,"key":"Lantern"},{"floor":46,"key":"Gambling Chip"},{"floor":48,"key":"Omamori"}],"event_choices":[{"damage_healed":0,"gold_gain":75,"player_choice":"Gather Gold","damage_taken":11,"max_hp_gain":0,"max_hp_loss":0,"event_name":"World of Goop","floor":3,"gold_loss":0},{"damage_healed":0,"gold_gain":0,"player_choice":"Donut","damage_taken":0,"max_hp_gain":5,"max_hp_loss":0,"event_name":"Big Fish","floor":5,"gold_loss":0},{"damage_healed":0,"gold_gain":0,"player_choice":"Forge","damage_taken":0,"max_hp_gain":0,"max_hp_loss":0,"event_name":"Accursed Blacksmith","floor":19,"gold_loss":0,"cards_upgraded":["Limit Break"]},{"damage_healed":0,"gold_gain":0,"player_choice":"Shed Blood","damage_taken":22,"max_hp_gain":5,"max_hp_loss":0,"event_name":"Forgotten Altar","floor":30,"gold_loss":0},{"damage_healed":0,"gold_gain":0,"cards_transformed":["Strike_R"],"player_choice":"Transformed","damage_taken":0,"max_hp_gain":0,"max_hp_loss":0,"event_name":"Transmorgrifier","floor":39,"gold_loss":0,"cards_obtained":["Double Tap"]},{"damage_healed":0,"gold_gain":0,"player_choice":"Fight","damage_taken":0,"max_hp_gain":0,"max_hp_loss":0,"event_name":"Mysterious Sphere","floor":46,"gold_loss":0},{"damage_healed":0,"gold_gain":0,"player_choice":"Bought 1 Potion","damage_taken":0,"max_hp_gain":0,"max_hp_loss":0,"event_name":"The Woman in Blue","floor":47,"gold_loss":0}],"is_beta":false,"boss_relics":[{"not_picked":["Calling Bell","Runic Dome"],"picked":"Mark of Pain"},{"not_picked":["Astrolabe","Sozu"],"picked":"White Beast Statue"}],"items_purged_floors":[2,20,27,38],"is_endless":false,"potions_floor_spawned":[1,6,14,25,31,33,35,36,37,41,45,46,48],"ascension_level":4}