{"gold_per_floor":[118,118,128,145,164,164,177,102,173,173,208,228,228,178,178,273,273,285,384,384,395,415,415,434,434,434,444,444,60,60,60,60,155,155,167,183,20,20,20,20],"floor_reached":40,"playtime":2553,"items_purged":["Strike_G","Defend_G","Strike_G"],"score":386,"play_id":"022fecad-9684-4ca6-9615-ffdb7584cec6","local_time":"20190907135429","is_ascension_mode":false,"campfire_choices":[{"data":"Dagger Spray","floor":6,"key":"SMITH"},{"data":"Bouncing Flask","floor":10,"key":"SMITH"},{"floor":13,"key":"REST"},{"data":"Poisoned Stab","floor":15,"key":"SMITH"},{"data":"Backflip","floor":23,"key":"SMITH"},{"floor":25,"key":"REST"},{"data":"Outmaneuver","floor":28,"key":"SMITH"},{"floor":32,"key":"REST"}],"neow_cost":"NONE","seed_source_timestamp":528299021231399,"circlet_count":0,"master_deck":["Defend_G","Defend_G","Defend_G","Survivor","Neutralize","Dagger Spray+1","Bouncing Flask+1","Escape Plan","Deadly Poison","Deadly Poison","Poisoned Stab+1","Expertise","Footwork+1","Backflip+1","Outmaneuver+1"],"relics":["Ring of the Serpent","Paper Crane","Calipers","Sozu","Molten Egg 2","Membership Card","Vajra","MealTicket"],"potions_floor_usage":[22,24,40],"damage_taken":[{"damage":5,"enemies":"Jaw Worm","floor":1,"turns":4},{"damage":0,"enemies":"Cultist","floor":3,"turns":3},{"damage":2,"enemies":"Small Slimes","floor":4,"turns":3},{"damage":0,"enemies":"2 Fungi Beasts","floor":5,"turns":3},{"damage":0,"enemies":"3 Louse","floor":7,"turns":1},{"damage":24,"enemies":"3 Sentries","floor":11,"turns":6},{"damage":13,"enemies":"Exordium Thugs","floor":12,"turns":4},{"damage":20,"enemies":"Hexaghost","floor":16,"turns":6},{"damage":1,"enemies":"Spheric Guardian","floor":18,"turns":3},{"damage":18,"enemies":"2 Thieves","floor":21,"turns":4},{"damage":11,"enemies":"Chosen and Byrds","floor":22,"turns":6},{"damage":19,"enemies":"3 Cultists","floor":24,"turns":5},{"damage":5,"enemies":"Snecko","floor":27,"turns":5},{"damage":26,"enemies":"Champ","floor":33,"turns":11},{"damage":10,"enemies":"3 Shapes","floor":35,"turns":4},{"damage":2,"enemies":"Orb Walker","floor":36,"turns":3},{"damage":70,"enemies":"Reptomancer","floor":40,"turns":4}],"seed_played":"2375505655466658127","potions_obtained":[{"floor":1,"key":"SpeedPotion"},{"floor":7,"key":"Explosive Potion"},{"floor":16,"key":"AttackPotion"}],"is_trial":false,"path_per_floor":["M","?","M","M","M","R","M","$","T","R","E","M","R","?","R","B",null,"M","?","?","M","M","R","M","R","T","M","R","$","?","?","R","B",null,"M","M","$","?","?","E"],"character_chosen":"THE_SILENT","items_purchased":["Membership Card","Vajra","MealTicket"],"campfire_rested":3,"item_purchase_floors":[29,29,37],"current_hp_per_floor":[65,65,65,63,63,63,63,63,63,63,39,26,47,47,47,27,70,69,69,69,51,40,40,21,42,42,37,37,37,37,24,46,20,75,65,63,63,63,63,0],"gold":20,"neow_bonus":"TRANSFORM_CARD","is_prod":false,"is_daily":false,"chose_seed":false,"campfire_upgraded":5,"win_rate":0,"timestamp":1567878869,"path_taken":["M","?","M","?","M","R","M","?","T","R","E","?","R","?","R","BOSS","M","?","?","M","?","R","M","R","T","M","R","$","?","?","R","BOSS","M","M","$","?","?","E"],"build_version":"2019-07-17","purchased_purges":3,"victory":false,"max_hp_per_floor":[70,70,70,70,70,70,70,70,70,70,70,70,70,70,70,70,70,70,70,70,70,70,70,70,70,70,70,70,70,70,75,75,75,75,75,75,75,75,71,71],"card_choices":[{"not_picked":["Eviscerate","Dodge and Roll"],"picked":"Bouncing Flask","floor":1},{"not_picked":["Calculated Gamble","Blade Dance"],"picked":"Deadly Poison","floor":3},{"not_picked":["Leg Sweep","Blur","Dodge and Roll"],"picked":"SKIP","floor":4},{"not_picked":["Backstab","Finisher","Prepared"],"picked":"SKIP","floor":5},{"not_picked":["Accuracy","Backflip"],"picked":"Deadly Poison","floor":7},{"not_picked":["Backflip","Prepared"],"picked":"Poisoned Stab","floor":11},{"not_picked":["Masterful Stab","Slice"],"picked":"Expertise","floor":12},{"not_picked":["Choke","Blade Dance","PiercingWail"],"picked":"SKIP","floor":18},{"not_picked":["Blade Dance","Endless Agony"],"picked":"Footwork+1","floor":21},{"not_picked":["All Out Attack+1","Poisoned Stab"],"picked":"Backflip","floor":22},{"not_picked":["Slice","Prepared"],"picked":"Outmaneuver","floor":24},{"not_picked":["Flying Knee+1","Poisoned Stab+1","Slice+1"],"picked":"SKIP","floor":27},{"not_picked":["Dagger Spray+1","Finisher+1","Dagger Throw+1"],"picked":"SKIP","floor":35},{"not_picked":["Choke+1","Expertise","Dagger Throw+1"],"picked":"SKIP","floor":36}],"player_experience":86573,"relics_obtained":[{"floor":9,"key":"Paper Crane"},{"floor":11,"key":"Calipers"},{"floor":26,"key":"Molten Egg 2"}],"event_choices":[{"damage_healed":0,"gold_gain":0,"cards_transformed":["Strike_G"],"player_choice":"Transformed","damage_taken":0,"max_hp_gain":0,"max_hp_loss":0,"event_name":"Transmorgrifier","floor":2,"gold_loss":0,"cards_obtained":["Escape Plan"]},{"cards_removed":["Strike_G"],"damage_healed":0,"gold_gain":0,"player_choice":"Card Removal","damage_taken":0,"max_hp_gain":0,"max_hp_loss":0,"event_name":"The Cleric","floor":14,"gold_loss":50},{"damage_healed":0,"gold_gain":99,"player_choice":"Stole From Cult","damage_taken":0,"max_hp_gain":0,"max_hp_loss":0,"event_name":"Nest","floor":19,"gold_loss":0},{"damage_healed":0,"gold_gain":0,"player_choice":"Ignored","damage_taken":0,"max_hp_gain":0,"max_hp_loss":0,"event_name":"Vampires","floor":20,"gold_loss":0},{"damage_healed":0,"gold_gain":0,"player_choice":"Ignored","damage_taken":0,"max_hp_gain":0,"max_hp_loss":0,"event_name":"The Mausoleum","floor":30,"gold_loss":0},{"damage_healed":0,"gold_gain":0,"player_choice":"Shed Blood","damage_taken":18,"max_hp_gain":5,"max_hp_loss":0,"event_name":"Forgotten Altar","floor":31,"gold_loss":0},{"cards_removed":["Strike_G"],"damage_healed":0,"gold_gain":0,"player_choice":"Removed Attack","damage_taken":0,"max_hp_gain":0,"max_hp_loss":0,"event_name":"Falling","floor":38,"gold_loss":0},{"damage_healed":0,"gold_gain":0,"player_choice":"Max HP","damage_taken":0,"max_hp_gain":0,"max_hp_loss":4,"event_name":"Winding Halls","floor":39,"gold_loss":0}],"is_beta":false,"boss_relics":[{"not_picked":["HoveringKite","Orrery"],"picked":"Sozu"},{"not_picked":["Black Star","Runic Dome"],"picked":"Ring of the Serpent"}],"items_purged_floors":[8,29,37],"is_endless":false,"potions_floor_spawned":[1,7,16,18,21,27,36],"killed_by":"Reptomancer","ascension_level":0}