{"gold_per_floor":[116,116,126,126,145,145,163,193,193,118,137,137,152,52,52,52],"floor_reached":16,"playtime":900,"items_purged":["Strike_B","Strike_B"],"score":112,"play_id":"6322e380-bae5-4291-a734-f7efc7c4c4e8","local_time":"20190923083045","is_ascension_mode":true,"campfire_choices":[{"data":"Stack","floor":6,"key":"SMITH"},{"data":"Recycle","floor":12,"key":"SMITH"},{"floor":15,"key":"REST"}],"neow_cost":"NONE","seed_source_timestamp":990462232058200,"circlet_count":0,"master_deck":["Strike_B","Strike_B+1","Defend_B","Defend_B","Defend_B","Defend_B","Zap+1","Dualcast","Core Surge","Redo","Self Repair","Stack+1","Loop","Recycle+1","Reboot"],"relics":["Cracked Core","Nunchaku","Unceasing Top"],"potions_floor_usage":[8,16],"damage_taken":[{"damage":8,"enemies":"Small Slimes","floor":1,"turns":3},{"damage":1,"enemies":"2 Louse","floor":3,"turns":2},{"damage":2,"enemies":"Jaw Worm","floor":5,"turns":3},{"damage":7,"enemies":"Large Slime","floor":7,"turns":6},{"damage":30,"enemies":"Gremlin Nob","floor":8,"turns":4},{"damage":9,"enemies":"Blue Slaver","floor":11,"turns":3},{"damage":20,"enemies":"3 Louse","floor":13,"turns":3},{"damage":80,"enemies":"Hexaghost","floor":16,"turns":14}],"seed_played":"5879526435678163717","potions_obtained":[{"floor":3,"key":"SteroidPotion"},{"floor":11,"key":"GamblersBrew"},{"floor":13,"key":"Regen Potion"}],"is_trial":false,"path_per_floor":["M","?","M","?","M","R","M","E","T","$","M","R","M","$","R","B"],"character_chosen":"DEFECT","items_purchased":[],"campfire_rested":1,"item_purchase_floors":[],"current_hp_per_floor":[67,52,51,75,75,75,75,52,52,52,50,50,37,37,59,0],"gold":52,"neow_bonus":"ONE_RANDOM_RARE_CARD","is_prod":false,"is_daily":false,"chose_seed":false,"campfire_upgraded":2,"win_rate":0,"timestamp":1569241845,"path_taken":["M","?","M","?","M","R","M","E","T","$","M","R","M","$","R","BOSS"],"build_version":"2019-07-17","purchased_purges":2,"victory":false,"max_hp_per_floor":[75,75,75,75,75,75,75,75,75,75,75,75,75,75,75,75],"card_choices":[{"not_picked":["Lockon","Rebound"],"picked":"Redo","floor":1},{"not_picked":["Conserve Battery","Go for the Eyes"],"picked":"Self Repair","floor":3},{"not_picked":["Rebound","Sweeping Beam"],"picked":"Stack","floor":5},{"not_picked":["Rebound","Barrage","Go for the Eyes"],"picked":"SKIP","floor":7},{"not_picked":["Sweeping Beam","Heatsinks"],"picked":"Loop","floor":8},{"not_picked":["Gash","Capacitor"],"picked":"Recycle","floor":11},{"not_picked":["Static Discharge","Leap"],"picked":"Reboot","floor":13}],"player_experience":258456,"relics_obtained":[{"floor":8,"key":"Nunchaku"},{"floor":9,"key":"Unceasing Top"}],"event_choices":[{"damage_healed":0,"gold_gain":0,"player_choice":"Entered Light","damage_taken":15,"max_hp_gain":0,"max_hp_loss":0,"event_name":"Shining Light","floor":2,"gold_loss":0,"cards_upgraded":["Strike_B","Zap"]},{"damage_healed":25,"gold_gain":0,"player_choice":"Banana","damage_taken":0,"max_hp_gain":0,"max_hp_loss":0,"event_name":"Big Fish","floor":4,"gold_loss":0}],"is_beta":false,"boss_relics":[],"items_purged_floors":[10,14],"is_endless":false,"potions_floor_spawned":[3,11,13],"killed_by":"Hexaghost","ascension_level":2}