{"gold_per_floor":[119,132,149,149,17,17,46,46,46,61,80,109,120,195,195,300,300,311,311,330,363,383,383,439,439,466,189,201,211,136,164,164,260,260,275,289,289],"floor_reached":37,"playtime":6945,"items_purged":[],"score":468,"play_id":"75b55d4c-e00c-44e1-ad25-7ec7c7389bfe","local_time":"20190918223543","daily_mods":["Allstar","Uncertain Future","Binary"],"is_ascension_mode":true,"campfire_choices":[{"data":"Apotheosis","floor":6.0,"key":"SMITH"},{"data":"Bloodletting","floor":8.0,"key":"SMITH"},{"data":"Offering","floor":15.0,"key":"SMITH"},{"data":"Apotheosis","floor":23.0,"key":"SMITH"},{"floor":25.0,"key":"REST"},{"floor":32.0,"key":"REST"}],"neow_cost":"","seed_source_timestamp":0,"circlet_count":0,"master_deck":["Strike_R","Strike_R","Strike_R","Strike_R","Defend_R","Defend_R","Defend_R","Bash","Metamorphosis","Flash of Steel","Apotheosis+1","Apotheosis+1","Impatience","Headbutt","Pommel Strike","Thunderclap","Anger","Pummel","Bloodletting+1","Spot Weakness","Offering+1","Demon Form","Pommel Strike+1","Spot Weakness","Flame Barrier","Pummel+1","Flex","Sword Boomerang+1"],"special_seed":0,"relics":["Burning Blood","FossilizedHelix","Molten Egg 2","Smiling Mask","Empty Cage","Potion Belt","Red Mask","Tiny Chest","Boot","Bottled Tornado","Vajra","Black Star"],"potions_floor_usage":[37],"damage_taken":[{"damage":7.0,"enemies":"Small Slimes","floor":1.0,"turns":3.0},{"damage":11.0,"enemies":"Jaw Worm","floor":2.0,"turns":2.0},{"damage":0.0,"enemies":"Cultist","floor":3.0,"turns":3.0},{"damage":24.0,"enemies":"Gremlin Nob","floor":7.0,"turns":4.0},{"damage":9.0,"enemies":"Gremlin Gang","floor":10.0,"turns":4.0},{"damage":0.0,"enemies":"Exordium Wildlife","floor":11.0,"turns":3.0},{"damage":0.0,"enemies":"Lagavulin","floor":12.0,"turns":4.0},{"damage":0.0,"enemies":"Looter","floor":13.0,"turns":2.0},{"damage":39.0,"enemies":"Hexaghost","floor":16.0,"turns":4.0},{"damage":5.0,"enemies":"Chosen","floor":18.0,"turns":3.0},{"damage":30.0,"enemies":"3 Byrds","floor":20.0,"turns":4.0},{"damage":0.0,"enemies":"Masked Bandits","floor":21.0,"turns":2.0},{"damage":0.0,"enemies":"Cultist and Chosen","floor":22.0,"turns":5.0},{"damage":22.0,"enemies":"Book of Stabbing","floor":24.0,"turns":4.0},{"damage":21.0,"enemies":"3 Cultists","floor":28.0,"turns":3.0},{"damage":23.0,"enemies":"Snake Plant","floor":29.0,"turns":3.0},{"damage":13.0,"enemies":"Gremlin Leader","floor":31.0,"turns":3.0},{"damage":32.0,"enemies":"Automaton","floor":33.0,"turns":6.0},{"damage":0,"enemies":"Orb Walker","floor":35,"turns":2},{"damage":33,"enemies":"3 Darklings","floor":36,"turns":5},{"damage":62,"enemies":"4 Shapes","floor":37,"turns":6}],"seed_played":"-8050890264046433667","potions_obtained":[{"floor":11.0,"key":"EssenceOfSteel"},{"floor":12.0,"key":"Dexterity Potion"},{"floor":13.0,"key":"EntropicBrew"},{"floor":16.0,"key":"SteroidPotion"},{"floor":20.0,"key":"Block Potion"},{"floor":24.0,"key":"SpeedPotion"},{"floor":29.0,"key":"EssenceOfSteel"},{"floor":33.0,"key":"SmokeBomb"},{"floor":35,"key":"Poison Potion"},{"floor":36,"key":"Dexterity Potion"}],"is_trial":true,"path_per_floor":["?","M","?","T","?","?"],"character_chosen":"IRONCLAD","items_purchased":["Anger","Pummel","Bottled Tornado","Flame Barrier"],"campfire_rested":2,"item_purchase_floors":[5,5,27,27],"current_hp_per_floor":[79,74,80,80,80,80,62,62,62,59,65,71,77,69,69,36,80,80,80,56,62,68,68,52,76,76,76,61,44,44,37,61,35,80,80,53,0],"gold":289,"neow_bonus":"","is_prod":false,"is_daily":false,"chose_seed":false,"campfire_upgraded":4,"win_rate":0,"timestamp":1568871343,"path_taken":["M","M","M","?","$","R","E","R","T","M","?","E","M","?","R","BOSS","M","?","M","?","M","R","E","R","T","$","M","M","?","E","R","BOSS","M","M","M"],"build_version":"2019-01-23","purchased_purges":0,"victory":false,"max_hp_per_floor":[80,80,80,80,80,80,80,80,80,80,80,80,80,80,80,80,80,80,80,80,80,80,80,80,80,80,80,80,80,80,80,80,80,80,80,80,80],"card_choices":[{"not_picked":["Rupture"],"picked":"Headbutt","floor":1.0},{"not_picked":["Armaments"],"picked":"Pommel Strike","floor":2.0},{"not_picked":["Impervious"],"picked":"Thunderclap","floor":3.0},{"not_picked":["Burning Pact"],"picked":"Bloodletting","floor":7.0},{"not_picked":["Clash+1","Armaments"],"picked":"SKIP","floor":10.0},{"not_picked":["Entrench"],"picked":"Spot Weakness","floor":11.0},{"not_picked":["Shrug It Off"],"picked":"Offering","floor":12.0},{"not_picked":["Armaments","Warcry"],"picked":"SKIP","floor":13.0},{"not_picked":["Exhume"],"picked":"Demon Form","floor":16.0},{"not_picked":["Anger+1"],"picked":"Pommel Strike+1","floor":18.0},{"not_picked":["Iron Wave+1","Clothesline+1"],"picked":"SKIP","floor":20.0},{"not_picked":["Armaments"],"picked":"Spot Weakness","floor":21.0},{"not_picked":["Sword Boomerang+1","Cleave+1"],"picked":"SKIP","floor":22.0},{"not_picked":["Cleave+1","Uppercut+1"],"picked":"SKIP","floor":24.0},{"not_picked":["Shrug It Off+1","Flex+1"],"picked":"SKIP","floor":28.0},{"not_picked":["Heavy Blade+1"],"picked":"Pummel+1","floor":29.0},{"not_picked":["Sword Boomerang+1","Clothesline+1"],"picked":"SKIP","floor":31.0},{"not_picked":["Heavy Blade+1"],"picked":"Flex","floor":35},{"not_picked":["Searing Blow+1"],"picked":"Sword Boomerang+1","floor":36}],"player_experience":127971,"relics_obtained":[{"floor":7.0,"key":"FossilizedHelix"},{"floor":9.0,"key":"Molten Egg 2"},{"floor":12.0,"key":"Smiling Mask"},{"floor":19.0,"key":"Potion Belt"},{"floor":21.0,"key":"Red Mask"},{"floor":24.0,"key":"Tiny Chest"},{"floor":26.0,"key":"Boot"},{"floor":31.0,"key":"Vajra"}],"event_choices":[{"damage_healed":0.0,"max_hp_gain":0.0,"max_hp_loss":0.0,"gold_gain":0.0,"event_name":"Wheel of Change","player_choice":"Cursed","floor":4.0,"gold_loss":0.0,"damage_taken":0.0,"cards_obtained":["Decay"]},{"damage_healed":0.0,"max_hp_gain":0.0,"max_hp_loss":0.0,"gold_gain":75.0,"event_name":"FaceTrader","player_choice":"Touch","floor":14.0,"gold_loss":0.0,"damage_taken":8.0},{"damage_healed":0.0,"max_hp_gain":0.0,"max_hp_loss":0.0,"gold_gain":0.0,"event_name":"Masked Bandits","player_choice":"Fought Bandits","floor":21.0,"gold_loss":0.0,"damage_taken":0.0},{"cards_removed":["Strike_R"],"damage_healed":0.0,"max_hp_gain":0.0,"max_hp_loss":0.0,"gold_gain":0.0,"event_name":"Beggar","player_choice":"Gave Gold","floor":30.0,"gold_loss":75.0,"damage_taken":0.0}],"is_beta":false,"boss_relics":[{"not_picked":["Orrery","Astrolabe"],"picked":"Empty Cage"},{"not_picked":["Runic Pyramid","White Beast Statue"],"picked":"Black Star"}],"items_purged_floors":[],"is_endless":false,"potions_floor_spawned":[11,12,13,16,20,24,29,33,35,36],"killed_by":"4 Shapes","ascension_level":1}