{"gold_per_floor":[115,127,127,139,24,24,24,37,37,59,71,112,139,151,163,276,288,320,134,134,153,165,165,181,181,259,259,293,293,320,331,331,435,435,455,87,187,187,69,95,112,144,170,186,186,186,186,206,206,206],"floor_reached":51,"playtime":4226,"items_purged":["Defend_R","Strike_R","Sever Soul"],"score":720,"play_id":"64e0555e-21eb-4072-8f9c-da4a591dc447","local_time":"20190914232423","is_ascension_mode":false,"campfire_choices":[{"data":"Shockwave","floor":6.0,"key":"SMITH"},{"data":"Shrug It Off","floor":11.0,"key":"SMITH"},{"data":"True Grit","floor":15.0,"key":"SMITH"},{"data":"Demon Form","floor":23.0,"key":"SMITH"},{"data":"Shrug It Off","floor":27.0,"key":"SMITH"},{"floor":32,"key":"REST"},{"data":"Immolate","floor":46,"key":"SMITH"},{"data":"J.A.X.","floor":49,"key":"SMITH"}],"neow_cost":"NONE","seed_source_timestamp":0,"circlet_count":0,"master_deck":["Defend_R+1","Defend_R+1","Defend_R+1","Bash","Shrug It Off+1","Disarm+1","Shockwave+1","Headbutt","Reaper","True Grit+1","Demon Form+1","Twin Strike","Shrug It Off+1","J.A.X.+1","Pummel+1","Battle Trance","Impervious","Pummel","Armaments+1","Immolate+1","Bloodletting+1","Heavy Blade+1"],"special_seed":0,"relics":["Burning Blood","MawBank","The Courier","Empty Cage","War Paint","Matryoshka","Blood Vial","Strawberry","Runic Pyramid","Sundial","Unceasing Top","Self Forming Clay","Question Card","Bottled Flame","Centennial Puzzle","Bag of Marbles","Red Skull"],"potions_floor_usage":[33,50],"damage_taken":[{"damage":1.0,"enemies":"2 Louse","floor":1.0,"turns":3.0},{"damage":6.0,"enemies":"Small Slimes","floor":2.0,"turns":6.0},{"damage":1.0,"enemies":"Cultist","floor":4.0,"turns":4.0},{"damage":7.0,"enemies":"Blue Slaver","floor":8.0,"turns":4.0},{"damage":4.0,"enemies":"Looter","floor":10.0,"turns":4.0},{"damage":21.0,"enemies":"Gremlin Nob","floor":12.0,"turns":5.0},{"damage":7.0,"enemies":"Exordium Thugs","floor":13.0,"turns":4.0},{"damage":49.0,"enemies":"Slime Boss","floor":16.0,"turns":18.0},{"damage":14.0,"enemies":"3 Byrds","floor":18.0,"turns":9.0},{"damage":10.0,"enemies":"Shell Parasite","floor":21.0,"turns":8.0},{"damage":16.0,"enemies":"Snake Plant","floor":22.0,"turns":7.0},{"damage":16.0,"enemies":"Centurion and Healer","floor":24.0,"turns":8.0},{"damage":27.0,"enemies":"Book of Stabbing","floor":28.0,"turns":8.0},{"damage":76.0,"enemies":"Gremlin Leader","floor":30.0,"turns":10.0},{"damage":14.0,"enemies":"Shelled Parasite and Fungi","floor":31.0,"turns":12.0},{"damage":32,"enemies":"Champ","floor":33,"turns":8},{"damage":43,"enemies":"3 Darklings","floor":35,"turns":7},{"damage":0,"enemies":"Mind Bloom Boss Battle","floor":37,"turns":3},{"damage":12,"enemies":"Nemesis","floor":40,"turns":7},{"damage":22,"enemies":"Orb Walker","floor":41,"turns":5},{"damage":41,"enemies":"Giant Head","floor":42,"turns":9},{"damage":21,"enemies":"3 Darklings","floor":44,"turns":5},{"damage":20,"enemies":"Maw","floor":48,"turns":6},{"damage":117,"enemies":"Donu and Deca","floor":50,"turns":10}],"seed_played":"-1809243391148851685","potions_obtained":[{"floor":2.0,"key":"Weak Potion"},{"floor":4.0,"key":"Energy Potion"},{"floor":12.0,"key":"PowerPotion"},{"floor":16.0,"key":"Swift Potion"},{"floor":21.0,"key":"Ancient Potion"},{"floor":24.0,"key":"Swift Potion"},{"floor":33,"key":"Dexterity Potion"},{"floor":41,"key":"Explosive Potion"},{"floor":48,"key":"GamblersBrew"}],"is_trial":false,"path_per_floor":["M","M","?","M","$","R","$","M","T","M","R","E","M","?","R","B",null,"M","$","?","M","M","R","M","?","T","R","E","?","E","M","R","B",null,"M","$","?","T","$","E","M","E","T","M","?","R","?","M","R","B",null],"character_chosen":"IRONCLAD","items_purchased":["Shockwave","War Paint","Pummel","Sundial","Immolate"],"campfire_rested":1,"item_purchase_floors":[5,19,36,36,39],"current_hp_per_floor":[80,80,80,80,80,80,80,79,79,80,80,71,70,54,54,17,80,80,80,80,78,74,74,78,78,78,78,67,67,30,28,54,66,87,87,87,87,87,87,87,84,87,87,87,87,87,87,87,87,28],"gold":206,"neow_bonus":"REMOVE_CARD","is_prod":false,"is_daily":false,"chose_seed":false,"campfire_upgraded":7,"win_rate":0,"timestamp":1568517863,"path_taken":["M","M","?","M","$","R","$","M","T","M","R","E","M","?","R","BOSS","M","$","?","M","?","R","M","?","T","R","E","?","E","M","R","BOSS","M","$","?","?","$","E","M","E","T","M","?","R","?","M","R","BOSS"],"build_version":"2019-07-17","purchased_purges":3,"victory":true,"max_hp_per_floor":[80,80,80,80,80,80,80,80,80,80,80,80,80,80,80,80,80,80,80,80,80,80,80,80,80,80,80,80,80,87,87,87,87,87,87,87,87,87,87,87,87,87,87,87,87,87,87,87,87,87],"card_choices":[{"not_picked":["Thunderclap","Twin Strike"],"picked":"Shrug It Off","floor":1.0},{"not_picked":["Clash","Perfected Strike","Havoc"],"picked":"SKIP","floor":2.0},{"not_picked":["Armaments","Clothesline"],"picked":"Disarm","floor":4.0},{"not_picked":["Wild Strike","Seeing Red"],"picked":"Headbutt","floor":8.0},{"not_picked":["Searing Blow","Flame Barrier"],"picked":"Reaper","floor":10.0},{"not_picked":["Pummel","Flex"],"picked":"True Grit","floor":12.0},{"not_picked":["Perfected Strike","Headbutt","Cleave"],"picked":"SKIP","floor":13.0},{"not_picked":["Reaper","Limit Break"],"picked":"Demon Form","floor":16.0},{"not_picked":["True Grit","Combust"],"picked":"Twin Strike","floor":18.0},{"not_picked":["Clash","Iron Wave+1","Perfected Strike"],"picked":"SKIP","floor":21.0},{"not_picked":["Corruption","True Grit"],"picked":"Shrug It Off","floor":22.0},{"not_picked":["Anger","Feel No Pain","Corruption"],"picked":"SKIP","floor":24.0},{"not_picked":["Body Slam","Twin Strike"],"picked":"Pummel+1","floor":28.0},{"not_picked":["Perfected Strike+1","Sword Boomerang","Fire Breathing"],"picked":"SKIP","floor":30.0},{"not_picked":["Iron Wave","Rage"],"picked":"Battle Trance","floor":31.0},{"not_picked":["Exhume","Bludgeon"],"picked":"Impervious","floor":33},{"not_picked":["Iron Wave+1","Cleave","Havoc+1"],"picked":"SKIP","floor":35},{"not_picked":["Wild Strike+1","Warcry"],"picked":"Armaments+1","floor":37},{"not_picked":["Uppercut","Perfected Strike","Rage","True Grit+1"],"picked":"SKIP","floor":40},{"not_picked":["True Grit","Perfected Strike+1","Fire Breathing"],"picked":"Bloodletting+1","floor":41},{"not_picked":["Evolve+1","Anger","Perfected Strike","Corruption+1"],"picked":"SKIP","floor":42},{"not_picked":["Rupture","Power Through+1","Intimidate","Heavy Blade"],"picked":"SKIP","floor":44},{"not_picked":["Burning Pact","Inflame","Power Through"],"picked":"Heavy Blade+1","floor":48}],"player_experience":173718,"relics_obtained":[{"floor":9.0,"key":"MawBank"},{"floor":12.0,"key":"The Courier"},{"floor":26.0,"key":"Matryoshka"},{"floor":28.0,"key":"Blood Vial"},{"floor":30.0,"key":"Strawberry"},{"floor":37,"key":"Unceasing Top"},{"floor":38,"key":"Self Forming Clay"},{"floor":38,"key":"Question Card"},{"floor":40,"key":"Bottled Flame"},{"floor":42,"key":"Centennial Puzzle"},{"floor":43,"key":"Bag of Marbles"},{"floor":43,"key":"Red Skull"}],"event_choices":[{"damage_healed":0.0,"max_hp_gain":0.0,"max_hp_loss":0.0,"gold_gain":0.0,"event_name":"Liars Game","player_choice":"Ignored","floor":3.0,"gold_loss":0.0,"damage_taken":0.0},{"damage_healed":0.0,"max_hp_gain":0.0,"max_hp_loss":0.0,"gold_gain":0.0,"event_name":"Shining Light","player_choice":"Entered Light","floor":14.0,"gold_loss":0.0,"damage_taken":16.0,"cards_upgraded":["Defend_R","Defend_R"]},{"damage_healed":0.0,"max_hp_gain":0.0,"max_hp_loss":0.0,"gold_gain":0.0,"cards_transformed":["Strike_R"],"event_name":"Transmorgrifier","player_choice":"Transformed","floor":20.0,"gold_loss":0.0,"damage_taken":0.0,"cards_obtained":["Sever Soul"]},{"damage_healed":0.0,"max_hp_gain":0.0,"max_hp_loss":0.0,"gold_gain":0.0,"event_name":"Drug Dealer","player_choice":"Obtain J.A.X.","floor":25.0,"gold_loss":0.0,"damage_taken":0.0,"cards_obtained":["J.A.X."]},{"damage_healed":0.0,"max_hp_gain":0.0,"max_hp_loss":0.0,"gold_gain":0.0,"event_name":"Ghosts","player_choice":"Ignored","floor":29.0,"gold_loss":0.0,"damage_taken":0.0},{"damage_healed":0,"gold_gain":0,"player_choice":"Fight","damage_taken":0,"max_hp_gain":0,"max_hp_loss":0,"event_name":"MindBloom","floor":37,"gold_loss":0},{"damage_healed":0,"gold_gain":0,"player_choice":"Ignored","damage_taken":0,"max_hp_gain":0,"max_hp_loss":0,"event_name":"Tomb of Lord Red Mask","floor":45,"gold_loss":0},{"damage_healed":0,"gold_gain":0,"player_choice":"Bought 0 Potions","damage_taken":0,"max_hp_gain":0,"max_hp_loss":0,"event_name":"The Woman in Blue","floor":47,"gold_loss":0}],"is_beta":false,"boss_relics":[{"not_picked":["Busted Crown","Eternal Feather"],"picked":"Empty Cage"},{"not_picked":["Black Blood","Lizard Tail"],"picked":"Runic Pyramid"}],"items_purged_floors":[5,19,36],"is_endless":false,"potions_floor_spawned":[2,4,12,16,21,24,33,41,44,48],"ascension_level":0}