{"gold_per_floor":[114,114,114,114,133,171,171,209,209,247,311,86,86,124,124,249,249,268,287,251,251,251,289,289,327,327,327,327,365,365,403,403,528,528,547,566,585,634,99,137,137,175,200,238,238,238,276,295,295,295],"floor_reached":51,"playtime":50360,"items_purged":["Pain"],"score":1061,"play_id":"e2b8d26f-aaf6-4917-a501-98e2458a04d1","local_time":"20190914170856","daily_mods":["Specialized","Green Cards","Elite Swarm"],"is_ascension_mode":false,"campfire_choices":[{"floor":7.0,"key":"REST"},{"floor":13.0,"key":"REST"},{"floor":15.0,"key":"REST"},{"floor":24.0,"key":"REST"},{"floor":27.0,"key":"REST"},{"floor":32.0,"key":"REST"},{"floor":41.0,"key":"REST"},{"floor":49.0,"key":"REST"}],"neow_cost":"","seed_source_timestamp":0,"circlet_count":0,"master_deck":["Strike_R","Strike_R","Strike_R","Strike_R","Defend_R","Defend_R","Bash","Shockwave+1","Shockwave+1","Shockwave","Shockwave","Shockwave","Carnage","Demon Form+1","Exhume","Limit Break+1","Tools of the Trade+1","Grand Finale+1","Flechettes+1","Carnage+1","Battle Trance","Rupture+1","Adrenaline","Wraith Form v2+1","Terror","Purity","Feed","Adrenaline","Brutality+1","Burning Pact+1","Inflame+1","Limit Break","Bullet Time","Madness","Madness","Dark Embrace+1","Parasite"],"special_seed":18152,"relics":["Burning Blood","Golden Idol","WarpedTongs","Frozen Egg 2","Juzu Bracelet","Incense Burner","Orichalcum","Art of War","Pocketwatch","Astrolabe","Pantograph","Smiling Mask","Boot","PreservedInsect","Vajra","Dodecahedron","Mark of Pain","Thread and Needle","Mummified Hand","OrangePellets","Potion Belt","The Courier","Strawberry","Bronze Scales","Shuriken"],"potions_floor_usage":[],"damage_taken":[{"damage":8.0,"enemies":"Jaw Worm","floor":1.0,"turns":4.0},{"damage":4.0,"enemies":"Small Slimes","floor":5.0,"turns":3.0},{"damage":38.0,"enemies":"Gremlin Nob","floor":6.0,"turns":6.0},{"damage":40.0,"enemies":"3 Sentries","floor":8.0,"turns":8.0},{"damage":6.0,"enemies":"Lagavulin","floor":10.0,"turns":7.0},{"damage":14.0,"enemies":"Gremlin Nob","floor":14.0,"turns":4.0},{"damage":25.0,"enemies":"Slime Boss","floor":16.0,"turns":6.0},{"damage":3.0,"enemies":"Shell Parasite","floor":18.0,"turns":3.0},{"damage":12.0,"enemies":"Spheric Guardian","floor":19.0,"turns":4.0},{"damage":41.0,"enemies":"Gremlin Leader","floor":23.0,"turns":4.0},{"damage":21.0,"enemies":"Slavers","floor":25.0,"turns":4.0},{"damage":24.0,"enemies":"Gremlin Leader","floor":29.0,"turns":4.0},{"damage":27.0,"enemies":"Slavers","floor":31.0,"turns":4.0},{"damage":26.0,"enemies":"Automaton","floor":33.0,"turns":5.0},{"damage":5.0,"enemies":"3 Darklings","floor":35.0,"turns":6.0},{"damage":4.0,"enemies":"Orb Walker","floor":36.0,"turns":3.0},{"damage":3.0,"enemies":"Spire Growth","floor":37.0,"turns":4.0},{"damage":58.0,"enemies":"2 Orb Walkers","floor":38.0,"turns":5.0},{"damage":4.0,"enemies":"Nemesis","floor":40.0,"turns":5.0},{"damage":40.0,"enemies":"Reptomancer","floor":42.0,"turns":5.0},{"damage":3.0,"enemies":"Giant Head","floor":44.0,"turns":4.0},{"damage":2.0,"enemies":"Reptomancer","floor":47.0,"turns":3.0},{"damage":8.0,"enemies":"Writhing Mass","floor":48.0,"turns":4.0},{"damage":77,"enemies":"Awakened One","floor":50,"turns":6}],"seed_played":"5230052071374888403","potions_obtained":[{"floor":6.0,"key":"BloodPotion"},{"floor":8.0,"key":"EssenceOfSteel"},{"floor":10.0,"key":"SkillPotion"},{"floor":22.0,"key":"SteroidPotion"},{"floor":22.0,"key":"GamblersBrew"},{"floor":22.0,"key":"EntropicBrew"},{"floor":29.0,"key":"Fruit Juice"},{"floor":31.0,"key":"FairyPotion"},{"floor":33.0,"key":"Block Potion"},{"floor":35.0,"key":"Strength Potion"},{"floor":40.0,"key":"AttackPotion"},{"floor":44.0,"key":"Strength Potion"}],"is_trial":false,"path_per_floor":["?","?","?","?","?","?","?","T","?","?","?"],"character_chosen":"IRONCLAD","items_purchased":["Art of War","Regen Potion","Rupture+1","Inflame+1","Mummified Hand","OrangePellets"],"campfire_rested":8,"item_purchase_floors":[12,12,20,39,39,39],"current_hp_per_floor":[78,58,42,42,44,12,36,10,10,10,10,10,34,35,59,40,80,80,74,74,74,74,39,63,48,48,72,72,54,54,42,68,69,89,89,93,96,47,47,52,82,51,58,64,64,50,54,52,86,43],"gold":295,"neow_bonus":"","is_prod":false,"is_daily":true,"chose_seed":false,"campfire_upgraded":0,"win_rate":0,"timestamp":1568506136,"path_taken":["M","?","?","?","M","E","R","E","T","E","?","$","R","E","R","BOSS","M","M","$","?","?","E","R","E","T","R","?","E","?","E","R","BOSS","M","M","M","?","$","E","R","E","T","E","?","?","E","M","R","BOSS"],"build_version":"2019-01-23","purchased_purges":1,"victory":true,"max_hp_per_floor":[80,80,80,80,80,80,80,80,80,80,80,80,80,80,80,80,80,80,80,80,80,80,80,80,80,80,80,80,80,80,89,89,89,89,89,93,96,99,99,102,102,105,112,115,115,115,115,115,115,118],"card_choices":[{"not_picked":["Clash","Feel No Pain"],"picked":"Carnage","floor":1.0},{"not_picked":["Dodge and Roll","Skewer","Intimidate"],"picked":"SKIP","floor":5.0},{"not_picked":["Brutality","Limit Break"],"picked":"Demon Form","floor":6.0},{"not_picked":["Berserk+1","Phantasmal Killer"],"picked":"Exhume","floor":8.0},{"not_picked":["Fiend Fire","Doppelganger","Offering"],"picked":"SKIP","floor":10.0},{"not_picked":["Demon Form+1","Immolate"],"picked":"Limit Break","floor":14.0},{"not_picked":["Glass Knife","Berserk+1"],"picked":"Tools of the Trade+1","floor":16.0},{"not_picked":["Setup","Intimidate+1"],"picked":"Battle Trance","floor":18.0},{"not_picked":["Dodge and Roll","Backflip","Prepared"],"picked":"SKIP","floor":19.0},{"not_picked":["After Image+1","Exhume"],"picked":"Adrenaline","floor":23.0},{"not_picked":["Brutality+1","Immolate"],"picked":"Wraith Form v2+1","floor":25.0},{"not_picked":["Grand Finale","Barricade+1"],"picked":"Feed","floor":29.0},{"not_picked":["Glass Knife","Double Tap"],"picked":"Adrenaline","floor":31.0},{"not_picked":["Clash","Warcry+1","Shrug It Off+1"],"picked":"SKIP","floor":35.0},{"not_picked":["Shrug It Off","Pommel Strike+1","Clash+1"],"picked":"SKIP","floor":36.0},{"not_picked":["Dagger Throw","Cleave+1"],"picked":"Brutality+1","floor":37.0},{"not_picked":["Footwork+1","Sword Boomerang"],"picked":"Burning Pact+1","floor":38.0},{"not_picked":["Malaise","Unload"],"picked":"Limit Break","floor":40.0},{"not_picked":["Fiend Fire","Impervious"],"picked":"Bullet Time","floor":42.0},{"not_picked":["Die Die Die","A Thousand Cuts+1","Storm of Steel"],"picked":"SKIP","floor":44.0},{"not_picked":["A Thousand Cuts+1","Barricade+1"],"picked":"Dark Embrace+1","floor":47.0},{"not_picked":["Setup+1","Cloak And Dagger","Wild Strike"],"picked":"SKIP","floor":48.0}],"player_experience":47957,"relics_obtained":[{"floor":6.0,"key":"Frozen Egg 2"},{"floor":8.0,"key":"Juzu Bracelet"},{"floor":9.0,"key":"Incense Burner"},{"floor":10.0,"key":"Orichalcum"},{"floor":14.0,"key":"Pocketwatch"},{"floor":23.0,"key":"Pantograph"},{"floor":25.0,"key":"Smiling Mask"},{"floor":26.0,"key":"Boot"},{"floor":29.0,"key":"PreservedInsect"},{"floor":30.0,"key":"Vajra"},{"floor":31.0,"key":"Dodecahedron"},{"floor":38.0,"key":"Thread and Needle"},{"floor":40.0,"key":"Potion Belt"},{"floor":42.0,"key":"The Courier"},{"floor":43.0,"key":"Strawberry"},{"floor":44.0,"key":"Bronze Scales"},{"floor":47.0,"key":"Shuriken"}],"event_choices":[{"damage_healed":0.0,"max_hp_gain":0.0,"max_hp_loss":0.0,"gold_gain":0.0,"event_name":"Golden Idol","player_choice":"Take Damage","floor":2.0,"gold_loss":0.0,"damage_taken":20.0,"relics_obtained":["Golden Idol"]},{"damage_healed":0.0,"max_hp_gain":0.0,"max_hp_loss":0.0,"gold_gain":0.0,"event_name":"Shining Light","player_choice":"Entered Light","floor":3.0,"gold_loss":0.0,"damage_taken":16.0,"cards_upgraded":["Shockwave","Shockwave"]},{"damage_healed":0.0,"max_hp_gain":0.0,"max_hp_loss":0.0,"gold_gain":0.0,"event_name":"Accursed Blacksmith","player_choice":"Rummage","floor":4.0,"gold_loss":0.0,"damage_taken":0.0,"relics_obtained":["WarpedTongs"],"cards_obtained":["Pain"]},{"damage_healed":0.0,"max_hp_gain":0.0,"max_hp_loss":0.0,"gold_gain":64.0,"event_name":"Golden Wing","player_choice":"Gained Gold","floor":11.0,"gold_loss":0.0,"damage_taken":0.0},{"damage_healed":0.0,"max_hp_gain":0.0,"max_hp_loss":0.0,"gold_gain":0.0,"event_name":"Upgrade Shrine","player_choice":"Upgraded","floor":21.0,"gold_loss":0.0,"damage_taken":0.0,"cards_upgraded":["Limit Break"]},{"damage_healed":0.0,"max_hp_gain":0.0,"max_hp_loss":0.0,"gold_gain":0.0,"event_name":"Lab","player_choice":"Got Potions","floor":22.0,"gold_loss":0.0,"damage_taken":0.0},{"damage_healed":0.0,"max_hp_gain":0.0,"max_hp_loss":0.0,"gold_gain":0.0,"event_name":"Match and Keep!","player_choice":"2 cards matched","floor":28.0,"gold_loss":0.0,"damage_taken":0.0,"cards_obtained":["Terror","Purity"]},{"damage_healed":0.0,"max_hp_gain":0.0,"max_hp_loss":0.0,"gold_gain":0.0,"event_name":"Mysterious Sphere","player_choice":"Fight","floor":38.0,"gold_loss":0.0,"damage_taken":0.0},{"damage_healed":0.0,"max_hp_gain":0.0,"max_hp_loss":0.0,"gold_gain":0.0,"event_name":"SecretPortal","player_choice":"Ignored","floor":45.0,"gold_loss":0.0,"damage_taken":0.0},{"damage_healed":0.0,"max_hp_gain":0.0,"max_hp_loss":0.0,"gold_gain":0.0,"event_name":"Winding Halls","player_choice":"Embrace Madness","floor":46.0,"gold_loss":0.0,"damage_taken":14.0,"cards_obtained":["Madness","Madness"]}],"is_beta":false,"boss_relics":[{"not_picked":["Runic Cube","Calling Bell"],"picked":"Astrolabe"},{"not_picked":["Sozu","Black Blood"],"picked":"Mark of Pain"}],"items_purged_floors":[39],"is_endless":false,"potions_floor_spawned":[6,8,10,29,31,33,35,40,44],"ascension_level":0}