{"gold_per_floor":[111,36,55,67,17,51,51,79,128,128,142,42,42,54,54,152,152,166,166,166,41,51,51,81,96,96,96,109,34,45,59,59,161,161,179,179,195,45,45,45,59,59,109,109,134,134,164,179,179,179],"floor_reached":51,"playtime":4224,"items_purged":["Strike_R","Strike_R","Strike_R","Bludgeon"],"score":785,"play_id":"d1078427-10de-4fb6-8507-792790ecad92","local_time":"20190903225030","is_ascension_mode":false,"campfire_choices":[{"data":"Metallicize","floor":7,"key":"SMITH"},{"data":"Shrug It Off","floor":10,"key":"SMITH"},{"floor":15,"key":"REST"},{"data":"True Grit","floor":23,"key":"SMITH"},{"data":"Barricade","floor":27,"key":"SMITH"},{"data":"Entrench","floor":32,"key":"SMITH"},{"data":"Demon Form","floor":40,"key":"SMITH"},{"data":"Shrug It Off","floor":42,"key":"SMITH"},{"data":"Offering","floor":44,"key":"SMITH"},{"data":"Flame Barrier","floor":46,"key":"SMITH"},{"data":"Impervious","floor":49,"key":"SMITH"}],"neow_cost":"NONE","seed_source_timestamp":213162469881800,"circlet_count":0,"master_deck":["Strike_R+1","Defend_R+1","Bash","Warcry","Metallicize+1","Flex+1","Offering+1","Shrug It Off+1","Cleave+1","Flame Barrier+1","Barricade+1","Battle Trance+1","True Grit+1","Metallicize","Shrug It Off+1","Entrench+1","Impervious+1","Demon Form+1"],"relics":["Burning Blood","Mercury Hourglass","War Paint","Whetstone","Sozu","Regal Pillow","Self Forming Clay","Empty Cage","Red Skull","Anchor","Bag of Marbles"],"potions_floor_usage":[6,24],"damage_taken":[{"damage":5,"enemies":"Small Slimes","floor":1,"turns":3},{"damage":4,"enemies":"Jaw Worm","floor":3,"turns":5},{"damage":6,"enemies":"Cultist","floor":4,"turns":3},{"damage":33,"enemies":"Lagavulin","floor":6,"turns":8},{"damage":40,"enemies":"Gremlin Nob","floor":8,"turns":4},{"damage":9,"enemies":"Exordium Thugs","floor":11,"turns":4},{"damage":4,"enemies":"2 Fungi Beasts","floor":14,"turns":2},{"damage":10,"enemies":"Hexaghost","floor":16,"turns":9},{"damage":6,"enemies":"Chosen","floor":18,"turns":5},{"damage":6,"enemies":"Spheric Guardian","floor":22,"turns":7},{"damage":34,"enemies":"Slavers","floor":24,"turns":6},{"damage":6,"enemies":"3 Cultists","floor":25,"turns":5},{"damage":8,"enemies":"Shelled Parasite and Fungi","floor":28,"turns":7},{"damage":0,"enemies":"Centurion and Healer","floor":30,"turns":13},{"damage":0,"enemies":"Snake Plant","floor":31,"turns":6},{"damage":10,"enemies":"Automaton","floor":33,"turns":17},{"damage":6,"enemies":"3 Darklings","floor":35,"turns":5},{"damage":6,"enemies":"Orb Walker","floor":37,"turns":6},{"damage":31,"enemies":"Transient","floor":41,"turns":5},{"damage":6,"enemies":"Nemesis","floor":45,"turns":9},{"damage":6,"enemies":"Reptomancer","floor":47,"turns":12},{"damage":6,"enemies":"Maw","floor":48,"turns":8},{"damage":6,"enemies":"Time Eater","floor":50,"turns":15}],"seed_played":"-6523117299055088578","potions_obtained":[{"floor":1,"key":"Poison Potion"},{"floor":8,"key":"EssenceOfSteel"},{"floor":16,"key":"Energy Potion"}],"is_trial":false,"path_per_floor":["M","$","M","M","?","E","R","E","T","R","M","$","?","M","R","B",null,"M","?","?","$","M","R","E","M","T","R","M","$","M","M","R","B",null,"M","?","M","$","?","R","M","R","T","R","E","R","E","M","R","B",null],"character_chosen":"IRONCLAD","items_purchased":["Entrench"],"campfire_rested":1,"item_purchase_floors":[29],"current_hp_per_floor":[88,88,88,88,88,61,61,27,27,27,24,24,24,26,52,48,88,88,71,71,71,71,71,43,43,43,43,41,41,47,53,53,49,93,93,93,93,93,93,93,68,68,68,68,68,68,68,68,68,68],"gold":179,"neow_bonus":"TEN_PERCENT_HP_BONUS","is_prod":false,"is_daily":false,"chose_seed":false,"campfire_upgraded":10,"win_rate":0,"timestamp":1567565430,"path_taken":["M","$","M","M","?","E","R","E","T","R","M","$","?","?","R","BOSS","M","?","?","$","?","R","E","M","T","R","?","$","M","M","R","BOSS","M","?","?","$","?","R","M","R","T","R","E","R","E","M","R","BOSS"],"build_version":"2019-07-17","purchased_purges":4,"victory":true,"max_hp_per_floor":[88,88,88,88,88,88,88,88,88,88,88,88,88,88,88,88,88,88,93,93,93,93,93,93,93,93,93,93,93,93,93,93,93,93,93,93,93,93,93,93,93,93,93,93,93,93,93,93,93,93],"card_choices":[{"not_picked":["Infernal Blade","Reckless Charge"],"picked":"Warcry","floor":1},{"not_picked":["Seeing Red","Clash"],"picked":"Metallicize","floor":3},{"not_picked":["Twin Strike","Havoc"],"picked":"Flex","floor":4},{"not_picked":["Reckless Charge","Twin Strike"],"picked":"Offering","floor":6},{"not_picked":["Burning Pact","Rampage"],"picked":"Shrug It Off","floor":8},{"not_picked":["Clash","Hemokinesis"],"picked":"Cleave","floor":11},{"not_picked":["Heavy Blade","Twin Strike"],"picked":"Flame Barrier","floor":14},{"not_picked":["Immolate","Exhume"],"picked":"Barricade","floor":16},{"not_picked":["Warcry+1","True Grit"],"picked":"Battle Trance+1","floor":18},{"not_picked":["Uppercut","Intimidate"],"picked":"True Grit","floor":22},{"not_picked":["Headbutt","Searing Blow"],"picked":"Metallicize","floor":24},{"not_picked":["Warcry+1","Clash+1","Pommel Strike"],"picked":"SKIP","floor":25},{"not_picked":["Pommel Strike","Warcry"],"picked":"Shrug It Off","floor":28},{"not_picked":["Twin Strike","Cleave"],"picked":"Impervious","floor":30},{"not_picked":["Thunderclap","Battle Trance+1","Rage"],"picked":"SKIP","floor":31},{"not_picked":["Double Tap","Fiend Fire"],"picked":"Demon Form","floor":33},{"not_picked":["Cleave","Anger+1","Havoc+1"],"picked":"SKIP","floor":35},{"not_picked":["Twin Strike+1","Flex","Sever Soul"],"picked":"SKIP","floor":37},{"not_picked":["Pommel Strike","Heavy Blade","Wild Strike"],"picked":"SKIP","floor":41},{"not_picked":["Second Wind","Exhume","True Grit"],"picked":"SKIP","floor":45},{"not_picked":["Intimidate+1","Clothesline+1","Twin Strike+1"],"picked":"SKIP","floor":47},{"not_picked":["Blood for Blood+1","Bloodletting","Evolve"],"picked":"SKIP","floor":48}],"player_experience":54749,"relics_obtained":[{"floor":6,"key":"Mercury Hourglass"},{"floor":8,"key":"War Paint"},{"floor":9,"key":"Whetstone"},{"floor":24,"key":"Regal Pillow"},{"floor":26,"key":"Self Forming Clay"},{"floor":43,"key":"Red Skull"},{"floor":45,"key":"Anchor"},{"floor":47,"key":"Bag of Marbles"}],"event_choices":[{"cards_removed":["Defend_R"],"damage_healed":0,"gold_gain":0,"player_choice":"Card Removal","damage_taken":0,"max_hp_gain":0,"max_hp_loss":0,"event_name":"The Cleric","floor":5,"gold_loss":50},{"damage_healed":0,"gold_gain":0,"player_choice":"Forge","damage_taken":0,"max_hp_gain":0,"max_hp_loss":0,"event_name":"Accursed Blacksmith","floor":13,"gold_loss":0,"cards_upgraded":["Cleave"]},{"damage_healed":0,"gold_gain":0,"player_choice":"Shed Blood","damage_taken":22,"max_hp_gain":5,"max_hp_loss":0,"event_name":"Forgotten Altar","floor":19,"gold_loss":0},{"damage_healed":0,"gold_gain":0,"player_choice":"Ignored","damage_taken":0,"max_hp_gain":0,"max_hp_loss":0,"event_name":"NoteForYourself","floor":20,"gold_loss":0},{"damage_healed":0,"gold_gain":0,"player_choice":"1 cards matched","damage_taken":0,"max_hp_gain":0,"max_hp_loss":0,"event_name":"Match and Keep!","floor":36,"gold_loss":0,"cards_obtained":["Bludgeon"]},{"cards_removed":["Strike_R"],"damage_healed":0,"gold_gain":0,"player_choice":"Removed Attack","damage_taken":0,"max_hp_gain":0,"max_hp_loss":0,"event_name":"Falling","floor":39,"gold_loss":0}],"is_beta":false,"boss_relics":[{"not_picked":["Fusion Hammer","Astrolabe"],"picked":"Sozu"},{"not_picked":["Coffee Dripper","Black Star"],"picked":"Empty Cage"}],"items_purged_floors":[2,12,21,38],"is_endless":false,"potions_floor_spawned":[1,8,16,22,24,30,35,45,48],"ascension_level":0}