{"gold_per_floor":[117,42,42,42,58,89,89,123,176,192,269,269,280,291,291,389,389,401,351,365,54,54,80,92,110,110,35,35,35,54,64,64,169,169,180,180,200,200],"floor_reached":38,"playtime":2412,"items_purged":["Strike_R"],"score":426,"play_id":"12154fba-f3a3-4b97-8d90-92d62bbb23d1","local_time":"20190915012251","is_ascension_mode":true,"campfire_choices":[{"data":"Thunderclap","floor":7,"key":"SMITH"},{"data":"Shrug It Off","floor":12,"key":"SMITH"},{"data":"Shrug It Off","floor":15,"key":"SMITH"},{"floor":29,"key":"REST"},{"floor":32,"key":"REST"}],"neow_cost":"NONE","seed_source_timestamp":272046577632999,"circlet_count":0,"master_deck":["Strike_R","Defend_R","Bash+1","Shrug It Off+1","Pommel Strike","Thunderclap+1","Shrug It Off+1","Bloodletting","Demon Form","Whirlwind+1","Battle Trance","Iron Wave+1","Pummel","Decay","Double Tap","Warcry+1"],"relics":["Burning Blood","Pen Nib","Unceasing Top","Dream Catcher","Self Forming Clay","Empty Cage","Thread and Needle","Darkstone Periapt","The Courier","Velvet Choker"],"potions_floor_usage":[6,8,23,33,33],"damage_taken":[{"damage":4,"enemies":"Jaw Worm","floor":1,"turns":5},{"damage":0,"enemies":"2 Louse","floor":5,"turns":3},{"damage":30,"enemies":"3 Sentries","floor":6,"turns":9},{"damage":14,"enemies":"Gremlin Nob","floor":8,"turns":3},{"damage":0,"enemies":"Cultist","floor":10,"turns":2},{"damage":0,"enemies":"3 Louse","floor":13,"turns":2},{"damage":0,"enemies":"Large Slime","floor":14,"turns":4},{"damage":21,"enemies":"Slime Boss","floor":16,"turns":9},{"damage":11,"enemies":"3 Byrds","floor":18,"turns":6},{"damage":6,"enemies":"Chosen","floor":20,"turns":4},{"damage":29,"enemies":"Book of Stabbing","floor":23,"turns":7},{"damage":19,"enemies":"Shelled Parasite and Fungi","floor":24,"turns":6},{"damage":16,"enemies":"Snake Plant","floor":25,"turns":5},{"damage":14,"enemies":"Chosen and Byrds","floor":30,"turns":4},{"damage":3,"enemies":"3 Cultists","floor":31,"turns":4},{"damage":71,"enemies":"Collector","floor":33,"turns":9},{"damage":22,"enemies":"3 Darklings","floor":35,"turns":4},{"damage":12,"enemies":"3 Shapes","floor":37,"turns":1},{"damage":82,"enemies":"2 Orb Walkers","floor":38,"turns":5}],"seed_played":"911408397279859078","potions_obtained":[{"floor":1,"key":"Swift Potion"},{"floor":5,"key":"SteroidPotion"},{"floor":6,"key":"AttackPotion"},{"floor":13,"key":"Swift Potion"},{"floor":14,"key":"Block Potion"},{"floor":23,"key":"LiquidBronze"},{"floor":24,"key":"Poison Potion"},{"floor":30,"key":"Dexterity Potion"},{"floor":37,"key":"Dexterity Potion"}],"is_trial":false,"path_per_floor":["M","$","?","?","M","E","R","E","T","M","T","R","M","M","R","B",null,"M","?","M","$","?","E","M","M","T","?","?","R","M","M","R","B",null,"M","?","M","?"],"character_chosen":"IRONCLAD","items_purchased":["Thread and Needle"],"campfire_rested":2,"item_purchase_floors":[21],"current_hp_per_floor":[80,80,73,73,79,55,55,47,47,53,53,53,59,65,65,50,80,75,75,75,75,75,52,39,29,29,29,35,60,52,55,80,15,86,70,70,64,0],"gold":200,"neow_bonus":"UPGRADE_CARD","is_prod":false,"is_daily":false,"chose_seed":false,"campfire_upgraded":3,"win_rate":0,"timestamp":1568524971,"path_taken":["M","$","?","?","M","E","R","E","T","M","?","R","?","M","R","BOSS","M","?","?","$","?","E","M","M","T","?","?","R","?","M","R","BOSS","M","?","M","?"],"build_version":"2019-07-17","purchased_purges":1,"victory":false,"max_hp_per_floor":[80,80,80,80,80,80,80,80,80,80,80,80,80,80,80,80,80,80,80,80,80,80,80,80,80,80,80,86,86,86,86,86,86,86,86,86,86,86],"card_choices":[{"not_picked":["Blood for Blood","Body Slam"],"picked":"Shrug It Off","floor":1},{"not_picked":["Inflame","Clothesline"],"picked":"Pommel Strike","floor":5},{"not_picked":["Limit Break","Clothesline"],"picked":"Thunderclap","floor":6},{"not_picked":["Sentinel","Perfected Strike","Headbutt"],"picked":"SKIP","floor":8},{"not_picked":["Evolve","Shockwave"],"picked":"Shrug It Off","floor":10},{"not_picked":["Dual Wield","Cleave","Body Slam"],"picked":"SKIP","floor":13},{"not_picked":["Clash","Rupture"],"picked":"Bloodletting","floor":14},{"not_picked":["Brutality","Berserk"],"picked":"Demon Form","floor":16},{"not_picked":["Hemokinesis","Body Slam"],"picked":"Whirlwind+1","floor":18},{"not_picked":["Disarm","Headbutt+1"],"picked":"Battle Trance","floor":20},{"not_picked":["Pommel Strike","Armaments"],"picked":"Iron Wave+1","floor":23},{"not_picked":["Entrench","Clash"],"picked":"Pummel","floor":24},{"not_picked":["Battle Trance+1","Wild Strike","Havoc+1"],"picked":"SKIP","floor":25},{"not_picked":["Pummel","Twin Strike","Iron Wave+1"],"picked":"SKIP","floor":30},{"not_picked":["Combust","Havoc","Rage"],"picked":"SKIP","floor":31},{"not_picked":["Impervious","Juggernaut"],"picked":"Double Tap","floor":33},{"not_picked":["Feel No Pain+1","Pommel Strike"],"picked":"Warcry+1","floor":35},{"not_picked":["Infernal Blade+1","Headbutt+1","Thunderclap+1"],"picked":"SKIP","floor":37}],"player_experience":179249,"relics_obtained":[{"floor":6,"key":"Pen Nib"},{"floor":8,"key":"Unceasing Top"},{"floor":9,"key":"Dream Catcher"},{"floor":11,"key":"Self Forming Clay"},{"floor":23,"key":"Darkstone Periapt"},{"floor":26,"key":"The Courier"}],"event_choices":[{"cards_removed":["Defend_R"],"damage_healed":0,"gold_gain":0,"player_choice":"Card Removal","damage_taken":7,"max_hp_gain":0,"max_hp_loss":0,"event_name":"Golden Wing","floor":3,"gold_loss":0},{"cards_removed":["Defend_R"],"damage_healed":0,"gold_gain":0,"player_choice":"Forget","damage_taken":0,"max_hp_gain":0,"max_hp_loss":0,"event_name":"Living Wall","floor":4,"gold_loss":0},{"damage_healed":0,"gold_gain":0,"player_choice":"Bet on Owner","damage_taken":0,"max_hp_gain":0,"max_hp_loss":0,"event_name":"The Joust","floor":19,"gold_loss":50},{"damage_healed":0,"gold_gain":0,"player_choice":"Ignored","damage_taken":0,"max_hp_gain":0,"max_hp_loss":0,"event_name":"Vampires","floor":22,"gold_loss":0},{"cards_removed":["Strike_R"],"damage_healed":0,"gold_gain":0,"player_choice":"Gave Gold","damage_taken":0,"max_hp_gain":0,"max_hp_loss":0,"event_name":"Beggar","floor":27,"gold_loss":75},{"damage_healed":0,"gold_gain":0,"player_choice":"Cursed","damage_taken":0,"max_hp_gain":0,"max_hp_loss":0,"event_name":"Wheel of Change","floor":28,"gold_loss":0,"cards_obtained":["Decay"]},{"cards_removed":["Strike_R"],"damage_healed":0,"gold_gain":0,"player_choice":"Removed Attack","damage_taken":0,"max_hp_gain":0,"max_hp_loss":0,"event_name":"Falling","floor":36,"gold_loss":0},{"damage_healed":0,"gold_gain":0,"player_choice":"Fight","damage_taken":0,"max_hp_gain":0,"max_hp_loss":0,"event_name":"Mysterious Sphere","floor":38,"gold_loss":0}],"is_beta":false,"boss_relics":[{"not_picked":["Tiny House","Runic Cube"],"picked":"Empty Cage"},{"not_picked":["Black Star","Cursed Key"],"picked":"Velvet Choker"}],"items_purged_floors":[2],"is_endless":false,"potions_floor_spawned":[1,5,6,13,14,23,24,30,31,37],"killed_by":"2 Orb Walkers","ascension_level":1}