{"gold_per_floor":[111,111,124,49,124,124,151,171,194,207,207,207,225,54,54,149,149,167,167,178,228,25,25,25],"floor_reached":24,"playtime":1604,"items_purged":["Defend_R","Strike_R","Strike_R"],"score":233,"play_id":"f8b82f9f-5d15-4196-95ac-e44dc58a331a","local_time":"20190916232053","is_ascension_mode":true,"campfire_choices":[{"data":"Shrug It Off","floor":6.0,"key":"SMITH"},{"floor":11.0,"key":"REST"},{"floor":15.0,"key":"REST"},{"floor":23,"key":"REST"}],"neow_cost":"NONE","seed_source_timestamp":0,"circlet_count":0,"master_deck":["Strike_R","Strike_R+1","Defend_R","Defend_R+1","Defend_R","Bash+1","Shrug It Off+1","Battle Trance+1","Cleave","Headbutt","Ghostly Armor","Inflame","Brutality","Hemokinesis","Inflame"],"special_seed":0,"relics":["Burning Blood","Whetstone","War Paint","Runic Cube","Nilry\u0027s Codex"],"potions_floor_usage":[20],"damage_taken":[{"damage":13.0,"enemies":"2 Louse","floor":1.0,"turns":4.0},{"damage":6.0,"enemies":"Jaw Worm","floor":3.0,"turns":6.0},{"damage":54.0,"enemies":"Gremlin Nob","floor":7.0,"turns":6.0},{"damage":0.0,"enemies":"Cultist","floor":8.0,"turns":3.0},{"damage":7.0,"enemies":"Blue Slaver","floor":10.0,"turns":3.0},{"damage":6.0,"enemies":"Exordium Thugs","floor":13.0,"turns":4.0},{"damage":26.0,"enemies":"The Guardian","floor":16.0,"turns":16.0},{"damage":18,"enemies":"Shell Parasite","floor":18,"turns":12},{"damage":27,"enemies":"3 Byrds","floor":20,"turns":6},{"damage":42,"enemies":"Snake Plant","floor":24,"turns":5}],"seed_played":"4585005701297757339","potions_obtained":[{"floor":7.0,"key":"SpeedPotion"},{"floor":8.0,"key":"Fire Potion"},{"floor":10.0,"key":"Strength Potion"},{"floor":20,"key":"Poison Potion"}],"is_trial":false,"path_per_floor":["M","?","M","$","?","R","E","M","T","M","R","?","M","$","R","B",null,"M","?","M","?","$","R","M"],"character_chosen":"IRONCLAD","items_purchased":["Inflame","Inflame"],"campfire_rested":3,"item_purchase_floors":[14,22],"current_hp_per_floor":[73,73,73,73,62,62,14,20,20,19,43,43,43,43,67,47,80,68,52,31,31,31,55,13],"gold":25,"neow_bonus":"THREE_CARDS","is_prod":false,"is_daily":false,"chose_seed":false,"campfire_upgraded":1,"win_rate":0,"timestamp":1568690453,"path_taken":["M","?","M","$","?","R","E","M","T","M","R","?","M","$","R","BOSS","M","?","M","?","$","R","?"],"build_version":"2019-07-17","purchased_purges":3,"victory":false,"max_hp_per_floor":[80,80,80,80,80,80,80,80,80,80,80,80,80,80,80,80,80,80,80,80,80,80,80,80],"card_choices":[{"not_picked":["Battle Trance","Armaments"],"picked":"Shrug It Off","floor":0.0},{"not_picked":["Clothesline","Feel No Pain","Sever Soul"],"picked":"SKIP","floor":1.0},{"not_picked":["True Grit","Body Slam"],"picked":"Battle Trance","floor":3.0},{"not_picked":["Twin Strike","Warcry"],"picked":"Cleave","floor":7.0},{"not_picked":["True Grit","Twin Strike"],"picked":"Headbutt","floor":8.0},{"not_picked":["Clothesline","Headbutt","Second Wind"],"picked":"SKIP","floor":10.0},{"not_picked":["Cleave","Thunderclap"],"picked":"Ghostly Armor","floor":13.0},{"not_picked":["Double Tap","Reaper"],"picked":"Brutality","floor":16.0},{"not_picked":["Spot Weakness","Rage"],"picked":"Hemokinesis","floor":18},{"not_picked":["Disarm","Fire Breathing+1","Armaments"],"picked":"SKIP","floor":20}],"player_experience":198471,"relics_obtained":[{"floor":7.0,"key":"Whetstone"},{"floor":9.0,"key":"War Paint"},{"floor":19,"key":"Nilry\u0027s Codex"}],"event_choices":[{"cards_removed":["Strike_R"],"damage_healed":0.0,"max_hp_gain":0.0,"max_hp_loss":0.0,"gold_gain":0.0,"event_name":"Living Wall","player_choice":"Forget","floor":2.0,"gold_loss":0.0,"damage_taken":0.0},{"damage_healed":0.0,"max_hp_gain":0.0,"max_hp_loss":0.0,"gold_gain":75.0,"event_name":"World of Goop","player_choice":"Gather Gold","floor":5.0,"gold_loss":0.0,"damage_taken":11.0},{"damage_healed":0.0,"max_hp_gain":0.0,"max_hp_loss":0.0,"gold_gain":0.0,"event_name":"The Woman in Blue","player_choice":"Bought 0 Potions","floor":12.0,"gold_loss":0.0,"damage_taken":0.0},{"damage_healed":0,"gold_gain":0,"player_choice":"Obtained Book","damage_taken":16,"max_hp_gain":0,"max_hp_loss":0,"event_name":"Cursed Tome","floor":19,"gold_loss":0},{"damage_healed":0,"gold_gain":100,"player_choice":"Bet on Murderer","damage_taken":0,"max_hp_gain":0,"max_hp_loss":0,"event_name":"The Joust","floor":21,"gold_loss":50}],"is_beta":false,"boss_relics":[{"not_picked":["Runic Dome","Coffee Dripper"],"picked":"Runic Cube"}],"items_purged_floors":[4,14,22],"is_endless":false,"potions_floor_spawned":[7,8,10,16,20],"killed_by":"Snake Plant","ascension_level":4}