{"gold_per_floor":[115,128,144,160,110,110,137,155,155,181,206,218,330,342,354,466,478,510,537,577,601,633,645,674,686],"floor_reached":25,"playtime":3994,"items_purged":[],"score":211,"play_id":"a9580277-2c30-403e-832f-f9f3613124c6","local_time":"20190917165115","is_ascension_mode":false,"campfire_choices":[{"data":"Terror","floor":6.0,"key":"SMITH"},{"floor":12.0,"key":"REST"},{"floor":15.0,"key":"REST"},{"floor":23,"key":"REST"}],"neow_cost":"NONE","seed_source_timestamp":0,"circlet_count":0,"master_deck":["Strike_G","Strike_G","Strike_G","Strike_G","Strike_G","Defend_G","Defend_G","Defend_G","Defend_G","Defend_G","Survivor","Neutralize","Dagger Throw","Terror+1","Poisoned Stab","Caltrops","Quick Slash","Skewer","Backflip","Deflect","Predator","Doppelganger","Sucker Punch","Dagger Spray+1","Quick Slash+1","Crippling Poison","Dodge and Roll+1","Underhanded Strike"],"special_seed":0,"relics":["Ring of the Snake","Shuriken","MawBank","Snecko Eye"],"potions_floor_usage":[22,24],"damage_taken":[{"damage":4.0,"enemies":"2 Louse","floor":1.0,"turns":3.0},{"damage":0.0,"enemies":"Cultist","floor":2.0,"turns":3.0},{"damage":0.0,"enemies":"Small Slimes","floor":3.0,"turns":3.0},{"damage":2.0,"enemies":"Blue Slaver","floor":4.0,"turns":4.0},{"damage":31.0,"enemies":"Gremlin Nob","floor":7.0,"turns":4.0},{"damage":11.0,"enemies":"Exordium Wildlife","floor":8.0,"turns":3.0},{"damage":3.0,"enemies":"Red Slaver","floor":10.0,"turns":4.0},{"damage":8.0,"enemies":"Blue Slaver","floor":11.0,"turns":4.0},{"damage":27.0,"enemies":"The Guardian","floor":16.0,"turns":8.0},{"damage":13.0,"enemies":"Chosen","floor":18.0,"turns":5.0},{"damage":2.0,"enemies":"Shell Parasite","floor":19.0,"turns":4.0},{"damage":31.0,"enemies":"Snake Plant","floor":20.0,"turns":4.0},{"damage":6,"enemies":"Snecko","floor":21,"turns":3},{"damage":35,"enemies":"Centurion and Healer","floor":22,"turns":8},{"damage":23,"enemies":"3 Cultists","floor":24,"turns":6},{"damage":9,"enemies":"Cultist and Chosen","floor":25,"turns":6}],"seed_played":"-7068500323994898129","potions_obtained":[{"floor":2.0,"key":"GhostInAJar"},{"floor":3.0,"key":"FairyPotion"},{"floor":4.0,"key":"Poison Potion"},{"floor":18.0,"key":"Fire Potion"}],"is_trial":false,"path_per_floor":["M","M","M","M","$","R","E","M","T","M","M","R","?","$","R","B",null,"M","M","M","M","M","R","M","M"],"character_chosen":"THE_SILENT","items_purchased":["Quick Slash"],"campfire_rested":3,"item_purchase_floors":[5],"current_hp_per_floor":[73,73,73,71,71,71,40,29,29,26,18,41,41,41,64,37,77,64,62,31,25,7,30,7,0],"gold":686,"neow_bonus":"TEN_PERCENT_HP_BONUS","is_prod":false,"is_daily":false,"chose_seed":false,"campfire_upgraded":1,"win_rate":0.0,"timestamp":1568757075,"path_taken":["M","M","M","M","$","R","E","M","T","M","M","R","?","?","R","BOSS","M","M","M","M","M","R","M","M"],"build_version":"2019-07-17","purchased_purges":0,"victory":false,"max_hp_per_floor":[77,77,77,77,77,77,77,77,77,77,77,77,77,77,77,77,77,77,77,77,77,77,77,77,77],"card_choices":[{"not_picked":["Dodge and Roll","Endless Agony"],"picked":"Dagger Throw","floor":1.0},{"not_picked":["Prepared","Heel Hook"],"picked":"Terror","floor":2.0},{"not_picked":["Deadly Poison","Tactician"],"picked":"Poisoned Stab","floor":3.0},{"not_picked":["Sucker Punch","Eviscerate"],"picked":"Caltrops","floor":4.0},{"not_picked":["Accuracy","Adrenaline"],"picked":"Skewer","floor":7.0},{"not_picked":["Blade Dance","Prepared"],"picked":"Backflip","floor":8.0},{"not_picked":["Flechettes","Calculated Gamble"],"picked":"Deflect","floor":10.0},{"not_picked":["Flechettes","Prepared"],"picked":"Predator","floor":11.0},{"not_picked":["A Thousand Cuts","Glass Knife"],"picked":"Doppelganger","floor":16.0},{"not_picked":["Acrobatics","Deadly Poison"],"picked":"Sucker Punch","floor":18.0},{"not_picked":["Flying Knee","Outmaneuver"],"picked":"Dagger Spray+1","floor":19.0},{"not_picked":["Dagger Throw","Underhanded Strike"],"picked":"Quick Slash+1","floor":20},{"not_picked":["Blade Dance","Deflect"],"picked":"Crippling Poison","floor":21},{"not_picked":["Backflip+1","Catalyst+1"],"picked":"Dodge and Roll+1","floor":22},{"not_picked":["Distraction+1","Bullet Time"],"picked":"Underhanded Strike","floor":24}],"player_experience":43107,"relics_obtained":[{"floor":7.0,"key":"Shuriken"},{"floor":9.0,"key":"MawBank"}],"event_choices":[{"damage_healed":0.0,"max_hp_gain":0.0,"max_hp_loss":0.0,"gold_gain":100.0,"event_name":"Golden Shrine","player_choice":"Pray","floor":13.0,"gold_loss":0.0,"damage_taken":0.0}],"is_beta":false,"boss_relics":[{"not_picked":["Astrolabe","Black Star"],"picked":"Snecko Eye"}],"items_purged_floors":[],"is_endless":false,"potions_floor_spawned":[2,3,4,11,18,19],"killed_by":"Cultist and Chosen","ascension_level":0}