{"gold_per_floor":[114,130,14,14,14,14,14,14,41,52,62,81,81,107,107,207,207,207,207,207,207,207,207,207,207,207,207,122,122,122,122,122,122,122,122,122,122,122,122,122,122,122,122,122,122],"floor_reached":45,"playtime":3229,"items_purged":[],"score":417,"play_id":"55ad4e3d-b188-408a-886b-d8d11e84521c","local_time":"20190901231444","is_ascension_mode":false,"campfire_choices":[{"data":"Heavy Blade","floor":6.0,"key":"SMITH"},{"data":"Inflame","floor":8.0,"key":"SMITH"},{"data":"Whirlwind","floor":15.0,"key":"SMITH"},{"data":"Rage","floor":23.0,"key":"SMITH"},{"data":"Fiend Fire","floor":25.0,"key":"SMITH"},{"data":"Carnage","floor":27.0,"key":"SMITH"},{"floor":32.0,"key":"REST"},{"floor":40,"key":"REST"},{"data":"Inflame","floor":42,"key":"SMITH"},{"data":"Headbutt","floor":44,"key":"SMITH"}],"neow_cost":"NONE","seed_source_timestamp":0,"circlet_count":0,"master_deck":["Strike_R+1","Strike_R+1","Strike_R+1","Strike_R+1","Strike_R+1","Defend_R+1","Defend_R+1","Defend_R+1","Defend_R+1","Bash","Heavy Blade+1","Headbutt+1","Rage+1","Inflame+1","Carnage+1","Whirlwind+1","Battle Trance","Headbutt","Fiend Fire+1","Inflame+1","Flex+1","Spot Weakness+1","Double Tap+1","Parasite"],"special_seed":0,"relics":["Burning Blood","Dream Catcher","Bronze Scales","Happy Flower","Ectoplasm","Red Skull","Centennial Puzzle","Toxic Egg 2","Eternal Feather","Calipers","Molten Egg 2"],"potions_floor_usage":[45],"damage_taken":[{"damage":2.0,"enemies":"2 Louse","floor":1.0,"turns":4.0},{"damage":0.0,"enemies":"Small Slimes","floor":2.0,"turns":4.0},{"damage":1.0,"enemies":"Jaw Worm","floor":10.0,"turns":3.0},{"damage":9.0,"enemies":"Blue Slaver","floor":11.0,"turns":3.0},{"damage":13.0,"enemies":"2 Fungi Beasts","floor":12.0,"turns":3.0},{"damage":19.0,"enemies":"Lagavulin","floor":14.0,"turns":5.0},{"damage":5.0,"enemies":"Slime Boss","floor":16.0,"turns":6.0},{"damage":12.0,"enemies":"Spheric Guardian","floor":18.0,"turns":3.0},{"damage":0.0,"enemies":"3 Byrds","floor":21.0,"turns":2.0},{"damage":13.0,"enemies":"Snake Plant","floor":22.0,"turns":2.0},{"damage":12.0,"enemies":"Centurion and Healer","floor":24.0,"turns":4.0},{"damage":15.0,"enemies":"Snecko","floor":29.0,"turns":3.0},{"damage":6.0,"enemies":"Cultist and Chosen","floor":30.0,"turns":2.0},{"damage":19.0,"enemies":"Snake Plant","floor":31.0,"turns":3.0},{"damage":62.0,"enemies":"Collector","floor":33.0,"turns":10.0},{"damage":10.0,"enemies":"Orb Walker","floor":35.0,"turns":2.0},{"damage":65.0,"enemies":"2 Orb Walkers","floor":36.0,"turns":4.0},{"damage":7.0,"enemies":"3 Darklings","floor":37.0,"turns":3.0},{"damage":2,"enemies":"Jaw Worm Horde","floor":39,"turns":4},{"damage":30,"enemies":"Writhing Mass","floor":41,"turns":4},{"damage":69,"enemies":"Giant Head","floor":45,"turns":7}],"seed_played":"-3592660546139756178","potions_obtained":[{"floor":2.0,"key":"Strength Potion"},{"floor":12.0,"key":"EssenceOfSteel"},{"floor":16.0,"key":"LiquidBronze"},{"floor":24.0,"key":"AttackPotion"},{"floor":33.0,"key":"Block Potion"},{"floor":36.0,"key":"AttackPotion"},{"floor":39,"key":"EssenceOfSteel"}],"is_trial":false,"path_per_floor":["M","M","$","?","$","R","$","R","T","M","M","M","?","E","R","B",null,"M","?","?","M","M","R","M","R","T","R","?","M","M","M","R","B",null,"M","?","M","$","M","R","M","R","T","R","E"],"character_chosen":"IRONCLAD","items_purchased":["Inflame","Carnage"],"campfire_rested":2,"item_purchase_floors":[3,3],"current_hp_per_floor":[80,80,80,80,80,80,80,80,80,80,77,70,52,39,39,40,80,74,74,74,80,73,73,67,67,67,67,67,58,58,45,69,13,80,76,17,16,16,20,56,32,44,44,56,0],"gold":122,"neow_bonus":"THREE_CARDS","is_prod":false,"is_daily":false,"chose_seed":false,"campfire_upgraded":8,"win_rate":0,"timestamp":1567394084,"path_taken":["M","M","$","?","$","R","$","R","T","M","M","M","?","E","R","BOSS","M","?","?","M","M","R","M","R","T","R","?","?","M","M","R","BOSS","M","?","M","$","M","R","M","R","T","R","E"],"build_version":"2019-07-17","purchased_purges":0,"victory":false,"max_hp_per_floor":[80,80,80,80,80,80,80,80,80,80,80,80,80,80,80,80,80,80,80,80,80,80,80,80,80,80,80,80,80,80,80,80,80,80,80,80,80,80,80,80,80,80,80,80,80],"card_choices":[{"not_picked":["Fire Breathing","Warcry"],"picked":"Heavy Blade","floor":0.0},{"not_picked":["Spot Weakness","Flame Barrier"],"picked":"Headbutt","floor":1.0},{"not_picked":["Heavy Blade","Body Slam"],"picked":"Rage","floor":2.0},{"not_picked":["Burning Pact","Hemokinesis","Warcry"],"picked":"SKIP","floor":10.0},{"not_picked":["True Grit","Iron Wave"],"picked":"Whirlwind","floor":11.0},{"not_picked":["Clothesline","Flex"],"picked":"Battle Trance","floor":12.0},{"not_picked":["Double Tap","Clothesline"],"picked":"Headbutt","floor":14.0},{"not_picked":["Bludgeon","Double Tap"],"picked":"Fiend Fire","floor":16.0},{"not_picked":["Clash","Headbutt","Perfected Strike"],"picked":"SKIP","floor":18.0},{"not_picked":["Reckless Charge","Ghostly Armor","Sword Boomerang"],"picked":"SKIP","floor":21.0},{"not_picked":["Blood for Blood+1","Hemokinesis+1","Perfected Strike"],"picked":"SKIP","floor":22.0},{"not_picked":["Armaments","Burning Pact","Headbutt"],"picked":"SKIP","floor":24.0},{"not_picked":["Warcry+1","Entrench+1"],"picked":"Inflame","floor":29.0},{"not_picked":["Headbutt","Metallicize","Cleave"],"picked":"SKIP","floor":30.0},{"not_picked":["Warcry+1","Armaments+1"],"picked":"Flex+1","floor":31.0},{"not_picked":["Power Through+1","Clash"],"picked":"Spot Weakness+1","floor":32.0},{"not_picked":["Berserk","Feed"],"picked":"Double Tap+1","floor":33.0},{"not_picked":["Combust+1","Pommel Strike+1","Iron Wave"],"picked":"SKIP","floor":35.0},{"not_picked":["Anger","Reaper","Twin Strike+1"],"picked":"SKIP","floor":37},{"not_picked":["Iron Wave+1","Heavy Blade+1","Sever Soul+1"],"picked":"SKIP","floor":39},{"not_picked":["Pommel Strike+1","Bloodletting+1","Clash"],"picked":"SKIP","floor":41}],"player_experience":20513,"relics_obtained":[{"floor":9.0,"key":"Dream Catcher"},{"floor":14.0,"key":"Happy Flower"},{"floor":26.0,"key":"Centennial Puzzle"},{"floor":36.0,"key":"Calipers"},{"floor":43,"key":"Molten Egg 2"}],"event_choices":[{"damage_healed":0.0,"max_hp_gain":0.0,"max_hp_loss":0.0,"gold_gain":0.0,"event_name":"Liars Game","player_choice":"Ignored","floor":4.0,"gold_loss":0.0,"damage_taken":0.0},{"damage_healed":0.0,"max_hp_gain":0.0,"max_hp_loss":0.0,"gold_gain":0.0,"event_name":"Scrap Ooze","player_choice":"Success","floor":13.0,"gold_loss":0.0,"damage_taken":18.0,"relics_obtained":["Bronze Scales"]},{"damage_healed":0.0,"max_hp_gain":0.0,"max_hp_loss":0.0,"gold_gain":0.0,"event_name":"The Mausoleum","player_choice":"Opened","floor":19.0,"gold_loss":0.0,"damage_taken":0.0,"relics_obtained":["Red Skull"]},{"damage_healed":0.0,"max_hp_gain":0.0,"max_hp_loss":0.0,"gold_gain":0.0,"event_name":"Back to Basics","player_choice":"Simplicity","floor":20.0,"gold_loss":0.0,"damage_taken":0.0,"cards_upgraded":["Strike_R","Strike_R","Strike_R","Strike_R","Strike_R","Defend_R","Defend_R","Defend_R","Defend_R"]},{"damage_healed":0.0,"max_hp_gain":0.0,"max_hp_loss":0.0,"gold_gain":0.0,"event_name":"Addict","player_choice":"Obtained Relic","floor":28.0,"gold_loss":85.0,"damage_taken":0.0,"relics_obtained":["Toxic Egg 2"]},{"damage_healed":0.0,"max_hp_gain":0.0,"max_hp_loss":0.0,"gold_gain":0.0,"event_name":"Mysterious Sphere","player_choice":"Fight","floor":36.0,"gold_loss":0.0,"damage_taken":0.0}],"is_beta":false,"boss_relics":[{"not_picked":["Orrery","Fusion Hammer"],"picked":"Ectoplasm"},{"not_picked":["Mark of Pain","Astrolabe"],"picked":"Eternal Feather"}],"items_purged_floors":[],"is_endless":false,"potions_floor_spawned":[2,12,16,24,29,31,33,36,37,39],"killed_by":"Giant Head","ascension_level":0}