{"gold_per_floor":[209,219,239,252,267,267,297,297,297,144,144,170,187,203,203,302,302,312,68,86,86,86,114,114,39,39,39,39,39,55,87,87,189,189,206,224,235,235,235,252,252,152,198,0,19,19,19,38,38,38],"floor_reached":50,"playtime":3173,"items_purged":["Strike_G","Strike_G"],"score":517,"play_id":"b6deb0c1-9a8c-454e-865b-e1a23a5794db","local_time":"20190913224341","is_ascension_mode":false,"campfire_choices":[{"data":"Noxious Fumes","floor":6,"key":"SMITH"},{"floor":8,"key":"REST"},{"data":"Backflip","floor":11,"key":"SMITH"},{"data":"Accuracy","floor":15,"key":"SMITH"},{"data":"Infinite Blades","floor":24,"key":"SMITH"},{"data":"Blade Dance","floor":27,"key":"SMITH"},{"floor":32,"key":"REST"},{"data":"Cloak And Dagger","floor":41,"key":"SMITH"},{"floor":46,"key":"REST"},{"floor":49,"key":"REST"}],"neow_cost":"NONE","seed_source_timestamp":175332378032900,"circlet_count":0,"master_deck":["Strike_G","Defend_G","Defend_G","Defend_G","Defend_G","Survivor","Neutralize","Blade Dance+1","Noxious Fumes+1","All Out Attack","Backflip+1","Accuracy+1","Blade Dance","Infinite Blades+1","Calculated Gamble","Terror","Accuracy+1","Cloak And Dagger+1","Secret Technique","Parasite"],"relics":["Ring of the Snake","Bottled Lightning","Sundial","Vajra","WristBlade","Kunai","Mango","Matryoshka","Juzu Bracelet","White Beast Statue","Molten Egg 2","Bronze Scales","Red Mask","Bag of Marbles","Pear"],"potions_floor_usage":[12,16,18,31,45,48,50,50],"damage_taken":[{"damage":3,"enemies":"Cultist","floor":1,"turns":5},{"damage":1,"enemies":"Jaw Worm","floor":2,"turns":4},{"damage":0,"enemies":"2 Louse","floor":3,"turns":2},{"damage":11,"enemies":"Large Slime","floor":4,"turns":8},{"damage":8,"enemies":"Exordium Thugs","floor":5,"turns":4},{"damage":22,"enemies":"Gremlin Nob","floor":7,"turns":5},{"damage":7,"enemies":"3 Sentries","floor":12,"turns":5},{"damage":4,"enemies":"Exordium Wildlife","floor":13,"turns":4},{"damage":0,"enemies":"2 Fungi Beasts","floor":14,"turns":3},{"damage":26,"enemies":"Hexaghost","floor":16,"turns":10},{"damage":16,"enemies":"2 Thieves","floor":18,"turns":4},{"damage":0,"enemies":"Chosen","floor":20,"turns":3},{"damage":15,"enemies":"Book of Stabbing","floor":23,"turns":6},{"damage":15,"enemies":"Snecko","floor":30,"turns":3},{"damage":18,"enemies":"Slavers","floor":31,"turns":5},{"damage":31,"enemies":"Collector","floor":33,"turns":7},{"damage":9,"enemies":"Orb Walker","floor":35,"turns":3},{"damage":0,"enemies":"3 Shapes","floor":36,"turns":6},{"damage":23,"enemies":"Sphere and 2 Shapes","floor":37,"turns":5},{"damage":17,"enemies":"Writhing Mass","floor":40,"turns":6},{"damage":31,"enemies":"Spire Growth","floor":45,"turns":4},{"damage":1,"enemies":"Maw","floor":48,"turns":4},{"damage":114,"enemies":"Awakened One","floor":50,"turns":12}],"seed_played":"-946395116433287039","potions_obtained":[{"floor":1,"key":"GhostInAJar"},{"floor":5,"key":"FairyPotion"},{"floor":7,"key":"Regen Potion"},{"floor":12,"key":"SpeedPotion"},{"floor":16,"key":"Fruit Juice"},{"floor":23,"key":"SteroidPotion"},{"floor":33,"key":"Weak Potion"},{"floor":37,"key":"Dexterity Potion"},{"floor":40,"key":"Regen Potion"},{"floor":45,"key":"SteroidPotion"},{"floor":48,"key":"AttackPotion"}],"is_trial":false,"path_per_floor":["M","M","M","M","M","R","E","R","T","$","R","E","M","M","R","B",null,"M","$","M","?","$","E","R","?","T","R","$","?","M","E","R","B",null,"M","M","M","?","?","M","R","$","T","?","M","R","T","M","R","B"],"character_chosen":"THE_SILENT","items_purchased":["Accuracy","Kunai"],"campfire_rested":4,"item_purchase_floors":[10,19],"current_hp_per_floor":[67,66,66,55,47,47,25,46,46,46,46,53,49,49,49,23,70,59,59,59,59,59,58,58,58,58,58,58,58,43,25,51,20,89,80,80,57,57,57,40,40,40,40,40,14,39,49,48,76,0],"gold":38,"neow_bonus":"HUNDRED_GOLD","is_prod":false,"is_daily":false,"chose_seed":false,"campfire_upgraded":6,"win_rate":0,"timestamp":1568429021,"path_taken":["M","M","?","?","M","R","E","R","T","?","R","E","M","M","R","BOSS","M","$","M","?","$","E","R","?","T","R","$","?","?","E","R","BOSS","M","M","M","?","?","M","R","$","T","?","M","R","?","M","R","BOSS"],"build_version":"2019-07-17","purchased_purges":2,"victory":false,"max_hp_per_floor":[70,70,70,70,70,70,70,70,70,70,70,70,70,70,70,70,70,75,75,75,75,75,89,89,89,89,89,89,89,89,89,89,89,89,89,89,89,85,85,85,85,85,85,85,85,85,95,95,95,95],"card_choices":[{"not_picked":["Crippling Poison","Tactician","Bane"],"picked":"SKIP","floor":1},{"not_picked":["Heel Hook","Deadly Poison"],"picked":"Blade Dance","floor":2},{"not_picked":["Distraction","Underhanded Strike"],"picked":"Noxious Fumes","floor":3},{"not_picked":["Heel Hook","Masterful Stab"],"picked":"All Out Attack","floor":4},{"not_picked":["Bane","Tactician","Setup"],"picked":"SKIP","floor":5},{"not_picked":["Unload","Deflect"],"picked":"Backflip","floor":7},{"not_picked":["Dodge and Roll","Dash","Eviscerate"],"picked":"SKIP","floor":12},{"not_picked":["Distraction","Underhanded Strike","Deflect"],"picked":"SKIP","floor":13},{"not_picked":["Backflip","Sucker Punch"],"picked":"Blade Dance","floor":14},{"not_picked":["Flying Knee","Bouncing Flask","Dagger Spray+1"],"picked":"SKIP","floor":18},{"not_picked":["Poisoned Stab","PiercingWail","Underhanded Strike+1"],"picked":"SKIP","floor":20},{"not_picked":["Bane+1","Bouncing Flask"],"picked":"Terror","floor":23},{"not_picked":["Blur+1","Noxious Fumes","Deflect"],"picked":"SKIP","floor":30},{"not_picked":["Deflect","Noxious Fumes","Dagger Spray+1"],"picked":"SKIP","floor":31},{"not_picked":["Poisoned Stab+1","Underhanded Strike","Sucker Punch+1"],"picked":"SKIP","floor":35},{"not_picked":["Flying Knee+1","Backstab"],"picked":"Cloak And Dagger","floor":36},{"not_picked":["Quick Slash","Poisoned Stab+1","Cloak And Dagger"],"picked":"SKIP","floor":37},{"not_picked":["Transmutation","Flash of Steel"],"picked":"Secret Technique","floor":39},{"not_picked":["Underhanded Strike+1","Endless Agony","Dodge and Roll"],"picked":"SKIP","floor":40},{"not_picked":["Sucker Punch+1","All Out Attack+1","Prepared+1"],"picked":"SKIP","floor":45},{"not_picked":["Concentrate","Bane+1","Crippling Poison+1"],"picked":"SKIP","floor":48}],"player_experience":139512,"relics_obtained":[{"floor":7,"key":"Bottled Lightning"},{"floor":9,"key":"Sundial"},{"floor":12,"key":"Vajra"},{"floor":23,"key":"Mango"},{"floor":26,"key":"Matryoshka"},{"floor":31,"key":"Juzu Bracelet"},{"floor":43,"key":"Molten Egg 2"},{"floor":43,"key":"Bronze Scales"},{"floor":47,"key":"Bag of Marbles"},{"floor":47,"key":"Pear"}],"event_choices":[{"damage_healed":0,"gold_gain":0,"cards_transformed":["Strike_G","Defend_G"],"player_choice":"Became Test Subject","damage_taken":0,"max_hp_gain":0,"max_hp_loss":0,"event_name":"Drug Dealer","floor":21,"gold_loss":0,"cards_obtained":["Infinite Blades","Calculated Gamble"]},{"cards_removed":["Strike_G"],"damage_healed":0,"gold_gain":0,"player_choice":"Gave Gold","damage_taken":0,"max_hp_gain":0,"max_hp_loss":0,"event_name":"Beggar","floor":25,"gold_loss":75},{"damage_healed":0,"gold_gain":0,"player_choice":"Copied","damage_taken":0,"max_hp_gain":0,"max_hp_loss":0,"event_name":"Duplicator","floor":29,"gold_loss":0,"cards_obtained":["Accuracy"]},{"damage_healed":0,"gold_gain":0,"player_choice":"Max HP","damage_taken":0,"max_hp_gain":0,"max_hp_loss":4,"event_name":"Winding Halls","floor":38,"gold_loss":0},{"damage_healed":0,"gold_gain":0,"player_choice":"Memory 1","damage_taken":0,"max_hp_gain":0,"max_hp_loss":0,"event_name":"SensoryStone","floor":39,"gold_loss":0},{"damage_healed":0,"gold_gain":0,"player_choice":"Paid","damage_taken":0,"relics_obtained":["Red Mask"],"max_hp_gain":0,"max_hp_loss":0,"event_name":"Tomb of Lord Red Mask","floor":44,"gold_loss":198}],"is_beta":false,"boss_relics":[{"not_picked":["Empty Cage","Tiny House"],"picked":"WristBlade"},{"not_picked":["Calling Bell","Snecko Eye"],"picked":"White Beast Statue"}],"items_purged_floors":[10,42],"is_endless":false,"potions_floor_spawned":[1,5,7,12,16,23,30,33,35,36,37,40,45,48],"killed_by":"Awakened One","ascension_level":0}