{"gold_per_floor":[109,0,0,18,193,193,225,225,279,291,80,80,80,100,100,205,205,220,232,232,39,57,57,156,173,173,173,200,211,211,223,223,325,325,344,389,239,250,6,41,53,78,90,102,124,236,273,302,314,326],"floor_reached":51,"playtime":3368,"items_purged":["Defend_B","Doubt","Strike_B","Strike_B","Strike_B"],"score":850,"play_id":"7e50976b-d6d6-4501-8285-622ef463c4e3","local_time":"20190930002624","is_ascension_mode":false,"campfire_choices":[{"data":"Consume","floor":6.0,"key":"SMITH"},{"data":"Loop","floor":13.0,"key":"SMITH"},{"data":"Coolheaded","floor":15.0,"key":"SMITH"},{"data":"Chill","floor":23.0,"key":"SMITH"},{"data":"Electrodynamics","floor":27.0,"key":"SMITH"},{"data":"Steam","floor":30.0,"key":"SMITH"},{"data":"Glacier","floor":32.0,"key":"SMITH"},{"data":"Storm","floor":41,"key":"SMITH"},{"data":"Force Field","floor":44,"key":"SMITH"},{"floor":49,"key":"DIG"}],"neow_cost":"NONE","seed_source_timestamp":0,"circlet_count":0,"master_deck":["Defend_B+1","Defend_B+1","Defend_B","Zap","Dualcast","Consume+1","Loop+1","Coolheaded+1","Cold Snap","Steam+1","BootSequence+1","Capacitor+1","Static Discharge","Electrodynamics+1","Tempest+1","Cold Snap","Chill+1","Undo+1","Glacier+1","Force Field+1","White Noise+1","Storm+1","Double Energy"],"special_seed":0,"relics":["Cracked Core","Mummified Hand","Blue Candle","Ancient Tea Set","Coffee Dripper","Bottled Tornado","Vajra","Runic Pyramid","Calipers","MawBank","War Paint","Mango","Shovel","Bird Faced Urn"],"potions_floor_usage":[50,50],"damage_taken":[{"damage":0.0,"enemies":"Jaw Worm","floor":1.0,"turns":3.0},{"damage":0.0,"enemies":"Cultist","floor":4.0,"turns":3.0},{"damage":25.0,"enemies":"Gremlin Nob","floor":7.0,"turns":4.0},{"damage":0.0,"enemies":"2 Louse","floor":10.0,"turns":3.0},{"damage":0.0,"enemies":"Blue Slaver","floor":14.0,"turns":3.0},{"damage":0.0,"enemies":"Slime Boss","floor":16.0,"turns":9.0},{"damage":0.0,"enemies":"Chosen","floor":18.0,"turns":4.0},{"damage":0.0,"enemies":"2 Thieves","floor":19.0,"turns":3.0},{"damage":16.0,"enemies":"Snake Plant","floor":22.0,"turns":2.0},{"damage":1.0,"enemies":"Sentry and Sphere","floor":25.0,"turns":5.0},{"damage":3.0,"enemies":"Gremlin Leader","floor":28.0,"turns":4.0},{"damage":0.0,"enemies":"3 Cultists","floor":29.0,"turns":1.0},{"damage":0.0,"enemies":"Shelled Parasite and Fungi","floor":31.0,"turns":5.0},{"damage":0.0,"enemies":"Champ","floor":33.0,"turns":15.0},{"damage":0.0,"enemies":"3 Shapes","floor":35.0,"turns":2.0},{"damage":18.0,"enemies":"2 Orb Walkers","floor":36.0,"turns":4.0},{"damage":0.0,"enemies":"Orb Walker","floor":38.0,"turns":4.0},{"damage":0.0,"enemies":"Reptomancer","floor":40.0,"turns":7.0},{"damage":8,"enemies":"Spire Growth","floor":42,"turns":5},{"damage":4,"enemies":"Maw","floor":45,"turns":8},{"damage":0,"enemies":"Mind Bloom Boss Battle","floor":46,"turns":7},{"damage":9,"enemies":"Nemesis","floor":47,"turns":7},{"damage":18,"enemies":"Writhing Mass","floor":48,"turns":5},{"damage":2,"enemies":"Donu and Deca","floor":50,"turns":8}],"seed_played":"-894586721734601164","potions_obtained":[{"floor":1.0,"key":"Swift Potion"},{"floor":7.0,"key":"Fire Potion"},{"floor":14.0,"key":"Explosive Potion"},{"floor":16.0,"key":"AttackPotion"},{"floor":19.0,"key":"LiquidBronze"},{"floor":22.0,"key":"SpeedPotion"},{"floor":31.0,"key":"EssenceOfSteel"},{"floor":35.0,"key":"SkillPotion"},{"floor":38.0,"key":"FearPotion"},{"floor":42,"key":"EssenceOfSteel"}],"is_trial":false,"path_per_floor":["M","$","?","M","?","R","E","?","T","M","$","?","R","M","R","B",null,"M","M","?","$","M","R","?","M","T","R","E","M","R","M","R","B",null,"M","?","$","M","$","E","R","M","T","R","M","?","E","M","R","B",null],"character_chosen":"DEFECT","items_purchased":["Loop","BootSequence","Capacitor","Chill","Storm"],"campfire_rested":0,"item_purchase_floors":[2,11,11,21,39],"current_hp_per_floor":[75,75,75,75,75,75,50,75,75,75,75,60,60,60,60,60,75,75,75,75,75,59,59,59,58,58,58,55,55,55,55,55,55,75,75,57,57,57,57,57,57,49,49,49,45,59,50,32,32,42],"gold":338,"neow_bonus":"TRANSFORM_CARD","is_prod":false,"is_daily":false,"chose_seed":false,"campfire_upgraded":9,"win_rate":0,"timestamp":1569817584,"path_taken":["M","$","?","?","?","R","E","?","T","?","$","?","R","M","R","BOSS","M","M","?","$","M","R","?","M","T","R","E","M","R","M","R","BOSS","M","?","$","M","$","E","R","M","T","R","M","?","E","M","R","BOSS"],"build_version":"2019-07-17","purchased_purges":5,"victory":true,"max_hp_per_floor":[75,75,75,75,75,75,75,75,75,75,75,75,75,75,75,75,75,75,75,75,75,75,75,75,75,75,75,75,75,75,75,75,75,75,75,75,75,75,75,75,75,75,75,75,75,89,89,89,89,89],"card_choices":[{"not_picked":["Sweeping Beam","Darkness"],"picked":"Consume","floor":1.0},{"not_picked":["Beam Cell","Chaos"],"picked":"Coolheaded","floor":4.0},{"not_picked":["Steam","Turbo"],"picked":"Cold Snap","floor":7.0},{"not_picked":["Tempest","Reinforced Body"],"picked":"Steam","floor":10.0},{"not_picked":["Force Field","Steam"],"picked":"Static Discharge","floor":14.0},{"not_picked":["All For One","Multi-Cast"],"picked":"Electrodynamics","floor":16.0},{"not_picked":["Redo","Beam Cell"],"picked":"Tempest+1","floor":18.0},{"not_picked":["Hello World","FTL"],"picked":"Cold Snap","floor":19.0},{"not_picked":["Sweeping Beam","Streamline","Beam Cell"],"picked":"SKIP","floor":22.0},{"not_picked":["Leap","Stack+1"],"picked":"Undo+1","floor":25.0},{"not_picked":["Cold Snap+1","Consume","Sweeping Beam+1"],"picked":"SKIP","floor":28.0},{"not_picked":["Aggregate","Go for the Eyes"],"picked":"Glacier","floor":29.0},{"not_picked":["Redo","Melter","Compile Driver+1"],"picked":"SKIP","floor":31.0},{"not_picked":["Beam Cell","Sweeping Beam+1"],"picked":"Force Field","floor":35.0},{"not_picked":["Sweeping Beam+1","Fusion"],"picked":"White Noise+1","floor":36.0},{"not_picked":["Chaos+1","Hologram","Darkness"],"picked":"SKIP","floor":38.0},{"not_picked":["Go for the Eyes+1","BootSequence","Reboot"],"picked":"SKIP","floor":40.0},{"not_picked":["Steam+1","Barrage","Streamline"],"picked":"SKIP","floor":42},{"not_picked":["Beam Cell+1","Cold Snap+1","Gash"],"picked":"SKIP","floor":45},{"not_picked":["Aggregate","Sweeping Beam+1"],"picked":"Double Energy","floor":46},{"not_picked":["Compile Driver+1","Genetic Algorithm+1","Barrage+1"],"picked":"SKIP","floor":47},{"not_picked":["Consume","Go for the Eyes","Conserve Battery"],"picked":"SKIP","floor":48}],"player_experience":307124,"relics_obtained":[{"floor":3.0,"key":"Mummified Hand"},{"floor":7.0,"key":"Blue Candle"},{"floor":9.0,"key":"Ancient Tea Set"},{"floor":26.0,"key":"Bottled Tornado"},{"floor":28.0,"key":"Vajra"},{"floor":36.0,"key":"Calipers"},{"floor":40.0,"key":"MawBank"},{"floor":43,"key":"War Paint"},{"floor":46,"key":"Mango"},{"floor":47,"key":"Shovel"},{"floor":49,"key":"Bird Faced Urn"}],"event_choices":[{"damage_healed":0.0,"max_hp_gain":0.0,"max_hp_loss":0.0,"gold_gain":0.0,"event_name":"Wheel of Change","player_choice":"Relic","floor":3.0,"gold_loss":0.0,"damage_taken":0.0},{"damage_healed":0.0,"max_hp_gain":0.0,"max_hp_loss":0.0,"gold_gain":175.0,"event_name":"Liars Game","player_choice":"AGREE","floor":5.0,"gold_loss":0.0,"damage_taken":0.0,"cards_obtained":["Doubt"]},{"cards_removed":["Steam Power"],"damage_healed":25.0,"max_hp_gain":0.0,"max_hp_loss":0.0,"gold_gain":0.0,"event_name":"Bonfire Elementals","player_choice":"Offered Uncommon","floor":8.0,"gold_loss":0.0,"damage_taken":0.0},{"damage_healed":0.0,"max_hp_gain":0.0,"max_hp_loss":0.0,"gold_gain":0.0,"event_name":"Shining Light","player_choice":"Entered Light","floor":12.0,"gold_loss":0.0,"damage_taken":15.0,"cards_upgraded":["Defend_B","Capacitor"]},{"damage_healed":0.0,"max_hp_gain":0.0,"max_hp_loss":0.0,"gold_gain":0.0,"event_name":"Vampires","player_choice":"Ignored","floor":20.0,"gold_loss":0.0,"damage_taken":0.0},{"damage_healed":0.0,"max_hp_gain":0.0,"max_hp_loss":0.0,"gold_gain":99.0,"event_name":"Nest","player_choice":"Stole From Cult","floor":24.0,"gold_loss":0.0,"damage_taken":0.0},{"damage_healed":0.0,"max_hp_gain":0.0,"max_hp_loss":0.0,"gold_gain":0.0,"event_name":"Mysterious Sphere","player_choice":"Fight","floor":36.0,"gold_loss":0.0,"damage_taken":0.0},{"damage_healed":0,"gold_gain":0,"player_choice":"Fight","damage_taken":0,"max_hp_gain":0,"max_hp_loss":0,"event_name":"MindBloom","floor":46,"gold_loss":0}],"is_beta":false,"boss_relics":[{"not_picked":["Eternal Feather","Astrolabe"],"picked":"Coffee Dripper"},{"not_picked":["Busted Crown","Snecko Eye"],"picked":"Runic Pyramid"}],"items_purged_floors":[2,11,21,37,39],"is_endless":false,"potions_floor_spawned":[1,7,14,16,19,22,31,35,38,42,47],"ascension_level":0}