{"gold_per_floor":[114,129,129,129,148,167,167,186,211,23,198,48,67,86,86,211,211,230,145,31,31,31,69,69,107,132,132,151,151,170,170],"floor_reached":31,"playtime":5009,"items_purged":["Doubt"],"score":290,"play_id":"140321a1-0200-43eb-bd3c-1453aa679d88","local_time":"20190916143011","daily_mods":["Heirloom","Time Dilation","Lethality"],"is_ascension_mode":false,"campfire_choices":[{"floor":7.0,"key":"REST"},{"floor":15.0,"key":"REST"},{"floor":24.0,"key":"REST"},{"floor":29.0,"key":"REST"}],"neow_cost":"","seed_source_timestamp":0,"circlet_count":0,"master_deck":["Strike_B","Strike_B","Strike_B","Strike_B","Defend_B","Defend_B","Defend_B+1","Zap","Dualcast","Defragment","Hologram","Glacier","Hello World","Turbo","Apotheosis","Hologram","Seek","Doom and Gloom+1","Defragment","J.A.X.+1","Static Discharge","Tempest","Stack","Consume"],"special_seed":18155,"relics":["Cracked Core","Girya","Anchor","Golden Idol","Art of War","Bag of Preparation","Black Star","Happy Flower","Bottled Tornado","Mercury Hourglass","Darkstone Periapt","Smiling Mask","War Paint"],"potions_floor_usage":[30],"damage_taken":[{"damage":14.0,"enemies":"Jaw Worm","floor":1.0,"turns":2.0},{"damage":8.0,"enemies":"Small Slimes","floor":2.0,"turns":3.0},{"damage":0.0,"enemies":"2 Louse","floor":5.0,"turns":2.0},{"damage":7.0,"enemies":"Large Slime","floor":6.0,"turns":6.0},{"damage":11.0,"enemies":"2 Fungi Beasts","floor":8.0,"turns":3.0},{"damage":9.0,"enemies":"Red Slaver","floor":13.0,"turns":4.0},{"damage":0.0,"enemies":"Looter","floor":14.0,"turns":2.0},{"damage":32.0,"enemies":"The Guardian","floor":16.0,"turns":11.0},{"damage":0.0,"enemies":"Chosen","floor":18.0,"turns":3.0},{"damage":35.0,"enemies":"Book of Stabbing","floor":23.0,"turns":5.0},{"damage":3.0,"enemies":"Gremlin Leader","floor":25.0,"turns":4.0},{"damage":51.0,"enemies":"2 Thieves","floor":28.0,"turns":3.0},{"damage":12,"enemies":"Centurion and Healer","floor":30,"turns":5},{"damage":23,"enemies":"Colosseum Slavers","floor":31,"turns":2}],"seed_played":"8700848566336590006","potions_obtained":[{"floor":2.0,"key":"FearPotion"},{"floor":5.0,"key":"SpeedPotion"},{"floor":6.0,"key":"FocusPotion"},{"floor":16.0,"key":"Energy Potion"},{"floor":23.0,"key":"Fire Potion"},{"floor":28.0,"key":"EssenceOfSteel"}],"is_trial":false,"path_per_floor":["?","?","?","$","?","?","?","?","M","?"],"character_chosen":"DEFECT","items_purchased":["Apotheosis","Bag of Preparation","Defragment"],"campfire_rested":4,"item_purchase_floors":[10,12,20],"current_hp_per_floor":[61,53,46,28,28,21,43,32,32,32,32,32,23,23,45,13,75,75,75,75,75,75,40,62,59,59,59,8,30,18,0],"gold":170,"neow_bonus":"","is_prod":false,"is_daily":true,"chose_seed":false,"campfire_upgraded":0,"win_rate":0,"timestamp":1568669411,"path_taken":["M","M","?","?","M","M","R","M","T","$","?","?","M","M","R","BOSS","M","?","$","?","?","E","R","E","T","?","M","R","?","?"],"build_version":"2019-01-23","purchased_purges":1,"victory":false,"max_hp_per_floor":[75,75,75,75,75,75,75,75,75,75,75,75,75,75,75,75,75,75,75,75,75,75,75,75,75,75,75,75,75,75,75],"card_choices":[{"not_picked":["Turbo","Gash"],"picked":"Defragment","floor":1.0},{"not_picked":["Cold Snap","BootSequence"],"picked":"Hologram","floor":2.0},{"not_picked":["Leap","Gash"],"picked":"Glacier","floor":5.0},{"not_picked":["Sunder","Auto Shields"],"picked":"Hello World","floor":6.0},{"not_picked":["Go for the Eyes","Gash"],"picked":"Turbo","floor":8.0},{"not_picked":["Cold Snap","Chaos"],"picked":"Hologram","floor":13.0},{"not_picked":["Go for the Eyes","Barrage","Static Discharge"],"picked":"SKIP","floor":14.0},{"not_picked":["Creative AI","Core Surge"],"picked":"Seek","floor":16.0},{"not_picked":["Hologram","Redo"],"picked":"Doom and Gloom+1","floor":18.0},{"not_picked":["Coolheaded","Ball Lightning"],"picked":"Static Discharge","floor":23.0},{"not_picked":["Amplify","Ball Lightning+1"],"picked":"Tempest","floor":25.0},{"not_picked":["Streamline+1","Glacier+1","Reprogram"],"picked":"SKIP","floor":28.0},{"not_picked":["Steam Power","Redo"],"picked":"Consume","floor":30}],"player_experience":116937,"relics_obtained":[{"floor":9.0,"key":"Art of War"},{"floor":23.0,"key":"Bottled Tornado"},{"floor":23.0,"key":"Mercury Hourglass"},{"floor":25.0,"key":"Darkstone Periapt"},{"floor":25.0,"key":"Smiling Mask"},{"floor":26.0,"key":"War Paint"}],"event_choices":[{"damage_healed":0.0,"max_hp_gain":0.0,"max_hp_loss":0.0,"gold_gain":0.0,"event_name":"Scrap Ooze","player_choice":"Success","floor":3.0,"gold_loss":0.0,"damage_taken":7.0,"relics_obtained":["Anchor"]},{"damage_healed":0.0,"max_hp_gain":0.0,"max_hp_loss":0.0,"gold_gain":0.0,"event_name":"Golden Idol","player_choice":"Take Damage","floor":4.0,"gold_loss":0.0,"damage_taken":18.0,"relics_obtained":["Golden Idol"]},{"damage_healed":0.0,"max_hp_gain":0.0,"max_hp_loss":0.0,"gold_gain":175.0,"event_name":"Liars Game","player_choice":"AGREE","floor":11.0,"gold_loss":0.0,"damage_taken":0.0,"cards_obtained":["Doubt"]},{"damage_healed":0.0,"max_hp_gain":0.0,"max_hp_loss":0.0,"gold_gain":0.0,"event_name":"Addict","player_choice":"Obtained Relic","floor":19.0,"gold_loss":85.0,"damage_taken":0.0,"relics_obtained":["Happy Flower"]},{"damage_healed":0.0,"max_hp_gain":0.0,"max_hp_loss":0.0,"gold_gain":0.0,"event_name":"Drug Dealer","player_choice":"Obtain J.A.X.","floor":21.0,"gold_loss":0.0,"damage_taken":0.0,"cards_obtained":["J.A.X."]},{"damage_healed":0.0,"max_hp_gain":0.0,"max_hp_loss":0.0,"gold_gain":0.0,"event_name":"Beggar","player_choice":"Ignored","floor":22.0,"gold_loss":0.0,"damage_taken":0.0},{"damage_healed":0.0,"max_hp_gain":0.0,"max_hp_loss":0.0,"gold_gain":0.0,"cards_transformed":["Defend_B"],"event_name":"Transmorgrifier","player_choice":"Transformed","floor":27.0,"gold_loss":0.0,"damage_taken":0.0,"cards_obtained":["Stack"]},{"damage_healed":0,"gold_gain":0,"player_choice":"Fight","damage_taken":0,"max_hp_gain":0,"max_hp_loss":0,"event_name":"Colosseum","floor":31,"gold_loss":0}],"is_beta":false,"boss_relics":[{"not_picked":["Snecko Eye","Runic Pyramid"],"picked":"Black Star"}],"items_purged_floors":[20],"is_endless":false,"potions_floor_spawned":[2,5,6,16,23,28],"killed_by":"Colosseum Slavers","ascension_level":0}