{"gold_per_floor":[109,124,124,137,312,262,262,262,262,274,301,316,16,33,33,33],"floor_reached":16,"playtime":1516,"items_purged":[],"score":102,"play_id":"c4170e9a-5d23-401c-99da-2e3a2ea7f094","local_time":"20190815223024","is_ascension_mode":false,"campfire_choices":[{"data":"Bash","floor":7,"key":"SMITH"},{"floor":15,"key":"REST"}],"neow_cost":"","seed_source_timestamp":5842498998045,"circlet_count":0,"master_deck":["Strike_R","Strike_R","Strike_R","Strike_R","Strike_R","Defend_R","Defend_R","Defend_R","Defend_R","Bash+1","Perfected Strike","Pommel Strike","Regret","Perfected Strike","Corruption","Offering","Flame Barrier","Armaments","Inflame","Mayhem","Shockwave"],"relics":["Burning Blood","Vajra","Pear","Pen Nib","Gremlin Horn"],"potions_floor_usage":[11,16,16],"damage_taken":[{"damage":10,"enemies":"Jaw Worm","floor":1,"turns":4},{"damage":5,"enemies":"2 Louse","floor":2,"turns":2},{"damage":3,"enemies":"Cultist","floor":4,"turns":2},{"damage":18,"enemies":"Looter","floor":10,"turns":3},{"damage":19,"enemies":"Lagavulin","floor":11,"turns":4},{"damage":33,"enemies":"Exordium Thugs","floor":12,"turns":5},{"damage":15,"enemies":"Exordium Wildlife","floor":14,"turns":2},{"damage":58,"enemies":"The Guardian","floor":16,"turns":6}],"seed_played":"-4147133932318651587","potions_obtained":[{"floor":2,"key":"Dexterity Potion"},{"floor":10,"key":"Weak Potion"},{"floor":14,"key":"LiquidBronze"}],"is_trial":false,"path_per_floor":["?","?","?","T","M"],"character_chosen":"IRONCLAD","items_purchased":["Armaments","Inflame","Mayhem"],"campfire_rested":1,"item_purchase_floors":[13,13,13],"current_hp_per_floor":[76,77,77,80,80,80,80,90,90,78,65,38,38,29,56,0],"gold":33,"neow_bonus":"","is_prod":false,"is_daily":false,"chose_seed":false,"campfire_upgraded":1,"win_rate":0.0,"timestamp":1565933424,"path_taken":["M","M","?","M","?","?","R","?","T","M","E","M","$","?","R","BOSS"],"build_version":"2019-01-23","purchased_purges":0,"victory":false,"max_hp_per_floor":[80,80,80,80,80,80,80,90,90,90,90,90,90,90,90,90],"card_choices":[{"not_picked":["Sword Boomerang","Thunderclap"],"picked":"Perfected Strike","floor":1},{"not_picked":["Shrug It Off","Combust"],"picked":"Pommel Strike","floor":2},{"not_picked":["Iron Wave","Second Wind"],"picked":"Perfected Strike","floor":4},{"not_picked":["Shrug It Off","Disarm"],"picked":"Corruption","floor":10},{"not_picked":["Whirlwind","Twin Strike"],"picked":"Offering","floor":11},{"not_picked":["Iron Wave","Pummel"],"picked":"Flame Barrier","floor":12},{"not_picked":["Dropkick","True Grit"],"picked":"Shockwave","floor":14}],"player_experience":0,"relics_obtained":[{"floor":8,"key":"Pear"},{"floor":9,"key":"Pen Nib"},{"floor":11,"key":"Gremlin Horn"}],"event_choices":[{"damage_healed":0,"gold_gain":0,"player_choice":"Box","damage_taken":0,"relics_obtained":["Vajra"],"max_hp_gain":0,"max_hp_loss":0,"event_name":"Big Fish","floor":3,"gold_loss":0,"cards_obtained":["Regret"]},{"damage_healed":0,"gold_gain":175,"player_choice":"AGREE","damage_taken":0,"max_hp_gain":0,"max_hp_loss":0,"event_name":"Liars Game","floor":5,"gold_loss":0,"cards_obtained":["Doubt"]},{"cards_removed":["Doubt"],"damage_healed":0,"gold_gain":0,"player_choice":"Card Removal","damage_taken":0,"max_hp_gain":0,"max_hp_loss":0,"event_name":"The Cleric","floor":6,"gold_loss":50}],"is_beta":false,"boss_relics":[],"items_purged_floors":[],"is_endless":false,"potions_floor_spawned":[2,10,14],"killed_by":"The Guardian","ascension_level":0}