{"gold_per_floor":[119,130,55,55,55,90,50,15,38,38,63,138,156,172,172,302,302,325,4,4,17,27,53,53,64,90,90,124,137,153,169,169,265,265,284,298,310,310,324,324,343,343,343,369,369,423,523,177,177,177],"floor_reached":51,"playtime":4319,"items_purged":["Defend_B","Panacea"],"score":972,"play_id":"e8cff660-fc64-4cb2-981e-fd56bed292d2","local_time":"20190929001447","is_ascension_mode":true,"campfire_choices":[{"floor":10.0,"key":"REST"},{"floor":15.0,"key":"REST"},{"floor":27.0,"key":"REST"},{"data":"Buffer","floor":32.0,"key":"SMITH"},{"data":"Buffer","floor":40.0,"key":"SMITH"},{"data":"Chill","floor":42,"key":"SMITH"},{"data":"Glacier","floor":45,"key":"SMITH"},{"data":"Buffer","floor":49,"key":"SMITH"}],"neow_cost":"NONE","seed_source_timestamp":0,"circlet_count":0,"master_deck":["Zap","Dualcast","Undo","Reinforced Body","Buffer+1","Self Repair","Steam Power","Doom and Gloom","Steam","Rainbow","Rainbow","All For One","Buffer+1","Biased Cognition","Melter+1","Fusion","Conserve Battery","Glacier+1","Steam","Streamline+1","Chill","Chill+1","Biased Cognition","Genetic Algorithm+1","Hologram","Steam+1","Consume+1","Buffer+1","Apotheosis","Streamline"],"special_seed":0,"relics":["Cracked Core","StoneCalendar","Bloody Idol","Ancient Tea Set","Bronze Scales","Calipers","Whetstone","Nloth\u0027s Gift","Lantern","Happy Flower","Snecko Eye","Cables","Bottled Flame","Girya","Emotion Chip"],"potions_floor_usage":[46,50,50,50],"damage_taken":[{"damage":1.0,"enemies":"Cultist","floor":1.0,"turns":4.0},{"damage":0.0,"enemies":"Jaw Worm","floor":2.0,"turns":4.0},{"damage":31.0,"enemies":"3 Sentries","floor":6.0,"turns":7.0},{"damage":0.0,"enemies":"2 Louse","floor":11.0,"turns":2.0},{"damage":10.0,"enemies":"Large Slime","floor":13.0,"turns":6.0},{"damage":8.0,"enemies":"Blue Slaver","floor":14.0,"turns":3.0},{"damage":5.0,"enemies":"Slime Boss","floor":16.0,"turns":7.0},{"damage":0.0,"enemies":"Spheric Guardian","floor":18.0,"turns":1.0},{"damage":27.0,"enemies":"2 Thieves","floor":21.0,"turns":5.0},{"damage":11.0,"enemies":"Snake Plant","floor":22.0,"turns":4.0},{"damage":33.0,"enemies":"Gremlin Leader","floor":23.0,"turns":9.0},{"damage":3.0,"enemies":"Shelled Parasite and Fungi","floor":25.0,"turns":6.0},{"damage":15.0,"enemies":"Book of Stabbing","floor":28.0,"turns":5.0},{"damage":31.0,"enemies":"Snecko","floor":29.0,"turns":5.0},{"damage":6.0,"enemies":"Cultist and Chosen","floor":30.0,"turns":7.0},{"damage":0.0,"enemies":"Sentry and Sphere","floor":31.0,"turns":3.0},{"damage":41.0,"enemies":"Champ","floor":33.0,"turns":13.0},{"damage":0.0,"enemies":"3 Darklings","floor":35.0,"turns":7.0},{"damage":0.0,"enemies":"Orb Walker","floor":36.0,"turns":1.0},{"damage":5.0,"enemies":"4 Shapes","floor":37.0,"turns":4.0},{"damage":0.0,"enemies":"3 Darklings","floor":39.0,"turns":4.0},{"damage":0.0,"enemies":"Maw","floor":41.0,"turns":7.0},{"damage":0,"enemies":"Reptomancer","floor":44,"turns":7},{"damage":0,"enemies":"2 Orb Walkers","floor":46,"turns":4},{"damage":0,"enemies":"Mind Bloom Boss Battle","floor":47,"turns":7},{"damage":12,"enemies":"Awakened One","floor":50,"turns":21}],"seed_played":"4698731142778635210","potions_obtained":[{"floor":1.0,"key":"Weak Potion"},{"floor":6.0,"key":"Explosive Potion"},{"floor":11.0,"key":"SmokeBomb"},{"floor":16.0,"key":"Energy Potion"},{"floor":21.0,"key":"LiquidBronze"},{"floor":22.0,"key":"Fire Potion"},{"floor":23.0,"key":"Fire Potion"},{"floor":30.0,"key":"FearPotion"},{"floor":31.0,"key":"Block Potion"},{"floor":36.0,"key":"SpeedPotion"},{"floor":39.0,"key":"Weak Potion"},{"floor":41,"key":"EssenceOfSteel"}],"is_trial":false,"path_per_floor":["M","M","$","?","?","E","$","?","T","R","M","?","M","M","R","B",null,"M","$","?","M","M","E","?","M","T","R","E","M","M","M","R","B",null,"M","M","M","?","M","R","M","R","T","E","R","?","?","$","R","B",null],"character_chosen":"DEFECT","items_purchased":["Self Repair","Calipers","Glacier","Apotheosis","Streamline","SkillPotion"],"campfire_rested":3,"item_purchase_floors":[7,19,19,48,48,48],"current_hp_per_floor":[67,67,67,42,42,11,11,28,28,48,55,44,41,40,60,55,66,66,66,66,51,45,24,24,33,38,58,55,36,42,47,47,18,56,68,69,69,69,69,69,69,69,69,69,69,69,69,69,69,67],"gold":177,"neow_bonus":"RANDOM_COLORLESS","is_prod":false,"is_daily":false,"chose_seed":false,"campfire_upgraded":5,"win_rate":0,"timestamp":1569730487,"path_taken":["M","M","$","?","?","E","$","?","T","R","M","?","M","?","R","BOSS","M","$","?","M","M","E","?","M","T","R","E","M","M","?","R","BOSS","M","M","?","?","M","R","M","R","T","E","R","?","?","$","R","BOSS"],"build_version":"2019-07-17","purchased_purges":2,"victory":true,"max_hp_per_floor":[75,75,75,75,69,69,69,69,69,69,69,69,69,69,69,69,69,69,69,69,69,69,69,69,69,69,69,69,69,69,69,69,69,69,69,69,69,69,69,69,69,69,69,69,69,69,69,69,69,69],"card_choices":[{"not_picked":["Rebound","Hologram"],"picked":"Undo","floor":1.0},{"not_picked":["Chaos","Hologram"],"picked":"Reinforced Body","floor":2.0},{"not_picked":["Gash","Beam Cell"],"picked":"Buffer","floor":6.0},{"not_picked":["Rebound","Redo"],"picked":"Steam Power","floor":11.0},{"not_picked":["Scrape","FTL"],"picked":"Doom and Gloom","floor":13.0},{"not_picked":["Lockon","Glacier"],"picked":"Steam","floor":14.0},{"not_picked":["Meteor Strike","Creative AI"],"picked":"Rainbow","floor":16.0},{"not_picked":["Gash+1","Go for the Eyes","Steam Power+1"],"picked":"SKIP","floor":18.0},{"not_picked":["Undo+1","Reprogram"],"picked":"Steam","floor":21.0},{"not_picked":["Auto Shields","Steam"],"picked":"Streamline","floor":22.0},{"not_picked":["Beam Cell","Compile Driver"],"picked":"Chill","floor":23.0},{"not_picked":["Ball Lightning","Turbo"],"picked":"Chill","floor":25.0},{"not_picked":["Sweeping Beam","Lockon"],"picked":"Biased Cognition","floor":28.0},{"not_picked":["Sunder","Chaos"],"picked":"Genetic Algorithm+1","floor":29.0},{"not_picked":["Rebound","Lockon","Chaos"],"picked":"SKIP","floor":30.0},{"not_picked":["Streamline","Undo+1"],"picked":"Hologram","floor":31.0},{"not_picked":["Force Field","Go for the Eyes","Compile Driver"],"picked":"SKIP","floor":35.0},{"not_picked":["Gash+1","Consume+1","Streamline"],"picked":"SKIP","floor":36.0},{"not_picked":["Rebound+1","Cold Snap+1","Barrage+1"],"picked":"SKIP","floor":37.0},{"not_picked":["Aggregate","Beam Cell"],"picked":"Steam+1","floor":39.0},{"not_picked":["Conserve Battery+1","Barrage+1"],"picked":"Consume+1","floor":41},{"not_picked":["Aggregate+1","Seek","Self Repair+1"],"picked":"SKIP","floor":44},{"not_picked":["Lockon","Steam Power+1"],"picked":"Buffer","floor":47}],"player_experience":295663,"relics_obtained":[{"floor":6.0,"key":"Ancient Tea Set"},{"floor":9.0,"key":"Bronze Scales"},{"floor":23.0,"key":"Whetstone"},{"floor":26.0,"key":"Lantern"},{"floor":28.0,"key":"Happy Flower"},{"floor":43,"key":"Cables"},{"floor":44,"key":"Bottled Flame"},{"floor":46,"key":"Girya"},{"floor":47,"key":"Emotion Chip"}],"event_choices":[{"damage_healed":0.0,"max_hp_gain":0.0,"max_hp_loss":0.0,"gold_gain":0.0,"event_name":"Scrap Ooze","player_choice":"Success","floor":4.0,"gold_loss":0.0,"damage_taken":25.0,"relics_obtained":["StoneCalendar"]},{"damage_healed":0.0,"max_hp_gain":0.0,"max_hp_loss":6.0,"gold_gain":0.0,"event_name":"Golden Idol","player_choice":"Lose Max HP","floor":5.0,"gold_loss":0.0,"damage_taken":0.0,"relics_obtained":["Golden Idol"]},{"damage_healed":17.0,"max_hp_gain":0.0,"max_hp_loss":0.0,"gold_gain":0.0,"event_name":"The Cleric","player_choice":"Healed","floor":8.0,"gold_loss":35.0,"damage_taken":0.0},{"damage_healed":0.0,"max_hp_gain":0.0,"max_hp_loss":0.0,"gold_gain":75.0,"event_name":"World of Goop","player_choice":"Gather Gold","floor":12.0,"gold_loss":0.0,"damage_taken":11.0},{"damage_healed":0.0,"max_hp_gain":0.0,"max_hp_loss":0.0,"gold_gain":0.0,"event_name":"Forgotten Altar","player_choice":"Gave Idol","floor":20.0,"relics_lost":["Golden Idol"],"gold_loss":0.0,"damage_taken":0.0,"relics_obtained":["Bloody Idol"]},{"damage_healed":0.0,"max_hp_gain":0.0,"max_hp_loss":0.0,"gold_gain":0.0,"event_name":"N\u0027loth","player_choice":"Traded Relic","floor":24.0,"relics_lost":["Pandora\u0027s Box"],"gold_loss":0.0,"damage_taken":0.0,"relics_obtained":["Nloth\u0027s Gift"]},{"damage_healed":0.0,"max_hp_gain":0.0,"max_hp_loss":0.0,"gold_gain":0.0,"event_name":"Tomb of Lord Red Mask","player_choice":"Ignored","floor":38.0,"gold_loss":0.0,"damage_taken":0.0},{"damage_healed":0,"gold_gain":0,"player_choice":"Fight","damage_taken":0,"max_hp_gain":0,"max_hp_loss":0,"event_name":"Mysterious Sphere","floor":46,"gold_loss":0},{"damage_healed":0,"gold_gain":0,"player_choice":"Fight","damage_taken":0,"max_hp_gain":0,"max_hp_loss":0,"event_name":"MindBloom","floor":47,"gold_loss":0}],"is_beta":false,"boss_relics":[{"not_picked":["Lizard Tail","Calling Bell"],"picked":"Pandora\u0027s Box"},{"not_picked":["Empty Cage","Tiny House"],"picked":"Snecko Eye"}],"items_purged_floors":[3,48],"is_endless":false,"potions_floor_spawned":[1,6,11,16,21,22,23,25,30,31,36,39,41],"ascension_level":8}