{"gold_per_floor":[114,39,57,76,94,94,122,122,195,195,195,4,20,195,195,300,300,319,319,352,147,164,164,182,182,182,182,47,59,77,102,102,205,205,221,221,274,289,301,301,318,352,364,376,108,119,119,119,119,119],"floor_reached":51,"playtime":3917,"items_purged":["Defend_B","Strike_B","Defend_B","Strike_B"],"score":795,"play_id":"3f2e0b74-9419-413f-a5b5-8909e9b4441c","local_time":"20190930235646","is_ascension_mode":false,"campfire_choices":[{"data":"Steam","floor":6.0,"key":"SMITH"},{"data":"Glacier","floor":8.0,"key":"SMITH"},{"data":"Static Discharge","floor":15.0,"key":"SMITH"},{"floor":23.0,"key":"REST"},{"data":"Defragment","floor":25.0,"key":"SMITH"},{"data":"Machine Learning","floor":32.0,"key":"SMITH"},{"floor":40.0,"key":"REST"},{"data":"Ball Lightning","floor":44,"key":"SMITH"},{"floor":49,"key":"REST"}],"neow_cost":"NONE","seed_source_timestamp":0,"circlet_count":0,"master_deck":["Strike_B+1","Defend_B+1","Zap+1","Dualcast+1","Steam+1","Static Discharge+1","Cold Snap+1","Glacier+1","Reboot+1","Zap+1","Seek+1","Ball Lightning+1","Doubt","Conserve Battery+1","Undo+1","Defragment+1","Reinforced Body+1","Rebound+1","Skim+1","Tempest+1","Machine Learning+1","Hologram+1","Biased Cognition+1","Blizzard+1"],"special_seed":0,"relics":["FrozenCore","Bird Faced Urn","Symbiotic Virus","Juzu Bracelet","Membership Card","Velvet Choker","Red Mask","MealTicket","Shuriken","Ornamental Fan","Anchor","Thread and Needle","Ice Cream","MawBank","Blue Candle","StoneCalendar","Mark of the Bloom"],"potions_floor_usage":[50,50,50],"damage_taken":[{"damage":1.0,"enemies":"2 Louse","floor":1.0,"turns":2.0},{"damage":1.0,"enemies":"Cultist","floor":3.0,"turns":3.0},{"damage":5.0,"enemies":"Small Slimes","floor":4.0,"turns":4.0},{"damage":2.0,"enemies":"Blue Slaver","floor":5.0,"turns":3.0},{"damage":20.0,"enemies":"3 Sentries","floor":7.0,"turns":9.0},{"damage":8.0,"enemies":"Looter","floor":13.0,"turns":3.0},{"damage":12.0,"enemies":"Hexaghost","floor":16.0,"turns":11.0},{"damage":17.0,"enemies":"2 Thieves","floor":18.0,"turns":4.0},{"damage":12.0,"enemies":"Masked Bandits","floor":20.0,"turns":4.0},{"damage":4.0,"enemies":"Shell Parasite","floor":22.0,"turns":6.0},{"damage":7.0,"enemies":"Chosen and Byrds","floor":24.0,"turns":6.0},{"damage":9.0,"enemies":"Snake Plant","floor":29.0,"turns":2.0},{"damage":10.0,"enemies":"Sentry and Sphere","floor":30.0,"turns":5.0},{"damage":0.0,"enemies":"Book of Stabbing","floor":31.0,"turns":7.0},{"damage":23.0,"enemies":"Champ","floor":33.0,"turns":17.0},{"damage":0.0,"enemies":"3 Darklings","floor":35.0,"turns":8.0},{"damage":75.0,"enemies":"2 Orb Walkers","floor":37.0,"turns":5.0},{"damage":1.0,"enemies":"Orb Walker","floor":38.0,"turns":4.0},{"damage":3.0,"enemies":"Sphere and 2 Shapes","floor":39.0,"turns":4.0},{"damage":0.0,"enemies":"Transient","floor":41.0,"turns":5.0},{"damage":0.0,"enemies":"Nemesis","floor":42.0,"turns":9.0},{"damage":7,"enemies":"Spire Growth","floor":46,"turns":4},{"damage":31,"enemies":"Awakened One","floor":50,"turns":17}],"seed_played":"6328711014558005911","potions_obtained":[{"floor":4.0,"key":"Regen Potion"},{"floor":5.0,"key":"Energy Potion"},{"floor":7.0,"key":"Weak Potion"},{"floor":16.0,"key":"Weak Potion"},{"floor":20.0,"key":"Fire Potion"},{"floor":30.0,"key":"EssenceOfSteel"},{"floor":31.0,"key":"Block Potion"},{"floor":38.0,"key":"Poison Potion"},{"floor":39.0,"key":"Explosive Potion"}],"is_trial":false,"path_per_floor":["M","$","M","M","M","R","E","R","T","?","?","$","M","?","R","B",null,"M","?","?","$","M","R","M","R","T","T","$","M","M","E","R","B",null,"M","?","?","M","M","R","M","E","T","R","$","M","?","?","R","B",null],"character_chosen":"DEFECT","items_purchased":["Membership Card","Defragment","Reinforced Body","MealTicket","Anchor","StoneCalendar","Regen Potion","AttackPotion"],"campfire_rested":3,"item_purchase_floors":[12,21,21,21,28,45,45,45],"current_hp_per_floor":[74,74,73,68,66,66,46,46,46,43,43,43,44,44,44,34,75,60,46,36,36,36,60,57,57,57,57,72,67,61,67,67,50,80,80,76,7,12,17,39,45,53,53,53,68,69,69,69,69,38],"gold":119,"neow_bonus":"REMOVE_CARD","is_prod":false,"is_daily":false,"chose_seed":false,"campfire_upgraded":6,"win_rate":0,"timestamp":1569902206,"path_taken":["M","$","M","M","M","R","E","R","T","?","?","$","M","?","R","BOSS","M","?","?","$","M","R","M","R","T","?","$","M","M","E","R","BOSS","M","?","?","M","M","R","M","E","T","R","$","M","?","?","R","BOSS"],"build_version":"2019-07-17","purchased_purges":4,"victory":true,"max_hp_per_floor":[75,75,75,75,75,75,75,75,75,75,75,75,75,75,75,75,75,75,80,80,80,80,80,80,80,80,80,80,80,80,80,80,80,80,80,76,76,76,76,76,76,76,76,76,76,76,76,76,76,76],"card_choices":[{"not_picked":["Barrage","Sweeping Beam"],"picked":"Steam","floor":1.0},{"not_picked":["Steam","Hello World"],"picked":"Static Discharge","floor":3.0},{"not_picked":["Steam","Redo"],"picked":"Cold Snap","floor":4.0},{"not_picked":["Compile Driver","Stack"],"picked":"Glacier","floor":5.0},{"not_picked":["Core Surge","Turbo"],"picked":"Reboot","floor":7.0},{"not_picked":["Gash","Aggregate"],"picked":"Ball Lightning","floor":13.0},{"not_picked":["Ball Lightning","Streamline"],"picked":"Conserve Battery","floor":18.0},{"not_picked":["Gash+1","Steam+1"],"picked":"Undo+1","floor":20.0},{"not_picked":["Steam Power","Turbo"],"picked":"Rebound+1","floor":22.0},{"not_picked":["Steam+1","Go for the Eyes+1"],"picked":"Skim","floor":24.0},{"not_picked":["Stack","Chaos"],"picked":"Tempest+1","floor":29.0},{"not_picked":["Darkness","Leap+1"],"picked":"Machine Learning","floor":30.0},{"not_picked":["Scrape","Melter+1"],"picked":"Hologram","floor":31.0},{"not_picked":["Hyperbeam","Reboot"],"picked":"Biased Cognition","floor":33.0},{"not_picked":["Self Repair","Steam Power+1","Undo"],"picked":"SKIP","floor":35.0},{"not_picked":["Scrape","Coolheaded+1"],"picked":"Blizzard+1","floor":37.0},{"not_picked":["Cold Snap+1","Redo","Barrage+1"],"picked":"SKIP","floor":38.0},{"not_picked":["Beam Cell+1","Rebound+1","Aggregate+1"],"picked":"SKIP","floor":39.0},{"not_picked":["Storm+1","Force Field","Consume+1"],"picked":"SKIP","floor":41.0},{"not_picked":["Gash+1","Tempest","Rebound"],"picked":"SKIP","floor":42.0},{"not_picked":["Compile Driver+1","Cold Snap","Leap"],"picked":"SKIP","floor":46}],"player_experience":310492,"relics_obtained":[{"floor":7.0,"key":"Bird Faced Urn"},{"floor":9.0,"key":"Symbiotic Virus"},{"floor":20.0,"key":"Red Mask"},{"floor":26.0,"key":"Shuriken"},{"floor":27.0,"key":"Ornamental Fan"},{"floor":31.0,"key":"Thread and Needle"},{"floor":37.0,"key":"Ice Cream"},{"floor":42.0,"key":"MawBank"},{"floor":43,"key":"Blue Candle"}],"event_choices":[{"damage_healed":0.0,"max_hp_gain":0.0,"max_hp_loss":0.0,"gold_gain":0.0,"event_name":"Scrap Ooze","player_choice":"Success","floor":10.0,"gold_loss":0.0,"damage_taken":3.0,"relics_obtained":["Juzu Bracelet"]},{"damage_healed":0.0,"max_hp_gain":0.0,"max_hp_loss":0.0,"gold_gain":0.0,"event_name":"Match and Keep!","player_choice":"2 cards matched","floor":11.0,"gold_loss":0.0,"damage_taken":0.0,"cards_obtained":["Zap","Seek"]},{"damage_healed":0.0,"max_hp_gain":0.0,"max_hp_loss":0.0,"gold_gain":175.0,"event_name":"Liars Game","player_choice":"AGREE","floor":14.0,"gold_loss":0.0,"damage_taken":0.0,"cards_obtained":["Doubt"]},{"damage_healed":0.0,"max_hp_gain":5.0,"max_hp_loss":0.0,"gold_gain":0.0,"event_name":"Forgotten Altar","player_choice":"Shed Blood","floor":19.0,"gold_loss":0.0,"damage_taken":19.0},{"damage_healed":0.0,"max_hp_gain":0.0,"max_hp_loss":0.0,"gold_gain":0.0,"event_name":"Masked Bandits","player_choice":"Fought Bandits","floor":20.0,"gold_loss":0.0,"damage_taken":0.0},{"damage_healed":0.0,"max_hp_gain":0.0,"max_hp_loss":4.0,"gold_gain":0.0,"event_name":"Winding Halls","player_choice":"Max HP","floor":36.0,"gold_loss":0.0,"damage_taken":0.0},{"damage_healed":0.0,"max_hp_gain":0.0,"max_hp_loss":0.0,"gold_gain":0.0,"event_name":"Mysterious Sphere","player_choice":"Fight","floor":37.0,"gold_loss":0.0,"damage_taken":0.0},{"damage_healed":0,"gold_gain":0,"player_choice":"Upgrade","damage_taken":0,"relics_obtained":["Mark of the Bloom"],"max_hp_gain":0,"max_hp_loss":0,"event_name":"MindBloom","floor":47,"gold_loss":0,"cards_upgraded":["Strike_B","Defend_B","Defend_B","Zap","Dualcast","Cold Snap","Reboot","Zap","Seek","Conserve Battery","Reinforced Body","Skim","Hologram","Biased Cognition"]},{"cards_removed":["Defend_B"],"damage_healed":0,"gold_gain":0,"player_choice":"Purged","damage_taken":0,"max_hp_gain":0,"max_hp_loss":0,"event_name":"Purifier","floor":48,"gold_loss":0}],"is_beta":false,"boss_relics":[{"not_picked":["Coffee Dripper","Empty Cage"],"picked":"Velvet Choker"},{"not_picked":["Cursed Key","Sozu"],"picked":"FrozenCore"}],"items_purged_floors":[2,21,28,45],"is_endless":false,"potions_floor_spawned":[4,5,7,16,20,30,31,38,39],"ascension_level":0}