{"gold_per_floor":[116,116,116,216,233,267,267,23,23,23,40,53,79,104,116,233,245,277,289,226,226,237,272,287,287,287,306,341,165,182,193,193,294,294,311,311,326,345,148,448,448,467,467,486,15,15,15,15],"floor_reached":48,"playtime":4031,"items_purged":["Strike_B","Defend_B","Defend_B","Defend_B"],"score":507,"play_id":"5d8e9880-238a-4445-90ba-445543604d48","local_time":"20191004234109","is_ascension_mode":false,"campfire_choices":[{"data":"Tempest","floor":7.0,"key":"SMITH"},{"floor":10.0,"key":"REST"},{"data":"Steam","floor":15.0,"key":"SMITH"},{"floor":25.0,"key":"REST"},{"floor":32.0,"key":"REST"},{"floor":41.0,"key":"REST"}],"neow_cost":"TEN_PERCENT_HP_LOSS","seed_source_timestamp":0,"circlet_count":0,"master_deck":["Strike_B","Zap","Dualcast","Tempest+1","Go for the Eyes","Coolheaded","Steam+1","Defragment","Conserve Battery","Machine Learning","Ball Lightning","Sweeping Beam","Coolheaded+1","Glacier+1","Undo","Electrodynamics","Chill","Parasite","Cold Snap"],"special_seed":0,"relics":["FrozenCore","Du-Vu Doll","Cables","Symbiotic Virus","MawBank","Lizard Tail","Anchor","Shuriken","Pantograph","Pear","Gremlin Horn"],"potions_floor_usage":[],"damage_taken":[{"damage":4.0,"enemies":"2 Louse","floor":1.0,"turns":3.0},{"damage":1.0,"enemies":"Jaw Worm","floor":5.0,"turns":3.0},{"damage":21.0,"enemies":"Lagavulin","floor":6.0,"turns":6.0},{"damage":0.0,"enemies":"Cultist","floor":11.0,"turns":2.0},{"damage":5.0,"enemies":"3 Louse","floor":12.0,"turns":2.0},{"damage":8.0,"enemies":"3 Sentries","floor":13.0,"turns":6.0},{"damage":3.0,"enemies":"2 Fungi Beasts","floor":14.0,"turns":3.0},{"damage":10.0,"enemies":"The Guardian","floor":16.0,"turns":10.0},{"damage":18.0,"enemies":"2 Thieves","floor":18.0,"turns":5.0},{"damage":0.0,"enemies":"Chosen","floor":22.0,"turns":4.0},{"damage":24.0,"enemies":"Book of Stabbing","floor":23.0,"turns":7.0},{"damage":13.0,"enemies":"Snecko","floor":24.0,"turns":5.0},{"damage":0.0,"enemies":"Cultist and Chosen","floor":27.0,"turns":6.0},{"damage":55.0,"enemies":"Gremlin Leader","floor":28.0,"turns":11.0},{"damage":11.0,"enemies":"3 Cultists","floor":30.0,"turns":7.0},{"damage":3.0,"enemies":"Shelled Parasite and Fungi","floor":31.0,"turns":7.0},{"damage":106.0,"enemies":"Automaton","floor":33.0,"turns":20.0},{"damage":24.0,"enemies":"3 Darklings","floor":35.0,"turns":7.0},{"damage":5.0,"enemies":"Orb Walker","floor":37.0,"turns":6.0},{"damage":42.0,"enemies":"Jaw Worm Horde","floor":38.0,"turns":5.0},{"damage":11.0,"enemies":"Writhing Mass","floor":42.0,"turns":16.0},{"damage":9.0,"enemies":"Sphere and 2 Shapes","floor":44.0,"turns":6.0},{"damage":65,"enemies":"Maw","floor":48,"turns":11}],"seed_played":"4741182180823737417","potions_obtained":[{"floor":1.0,"key":"SteroidPotion"},{"floor":6.0,"key":"Poison Potion"},{"floor":12.0,"key":"SneckoOil"},{"floor":16.0,"key":"SpeedPotion"},{"floor":18.0,"key":"SteroidPotion"},{"floor":22.0,"key":"Dexterity Potion"},{"floor":27.0,"key":"FearPotion"},{"floor":28.0,"key":"Energy Potion"},{"floor":42.0,"key":"SteroidPotion"}],"is_trial":false,"path_per_floor":["M","?","?","?","M","E","R","$","T","R","M","M","E","M","R","B",null,"M","?","$","?","M","E","M","R","T","M","E","$","M","M","R","B",null,"M","?","M","M","$","?","R","M","T","M","$","?","?","M"],"character_chosen":"DEFECT","items_purchased":["Cables","Undo","Chill","Weak Potion","Cold Snap","Gremlin Horn"],"campfire_rested":4,"item_purchase_floors":[8,29,39,45,45,45],"current_hp_per_floor":[64,57,62,62,61,40,40,40,40,61,61,63,62,66,66,63,73,62,49,49,49,56,39,33,56,56,63,15,15,4,8,31,1,78,61,61,63,28,28,28,51,47,57,55,55,55,55,0],"gold":15,"neow_bonus":"REMOVE_TWO","is_prod":false,"is_daily":false,"chose_seed":false,"campfire_upgraded":2,"win_rate":0,"timestamp":1570246869,"path_taken":["M","?","?","?","M","E","R","$","T","R","M","M","E","?","R","BOSS","M","?","$","?","?","E","M","R","T","M","E","$","M","M","R","BOSS","M","?","?","M","$","?","R","M","T","?","$","?","?","?"],"build_version":"2019-07-17","purchased_purges":4,"victory":false,"max_hp_per_floor":[68,68,73,73,73,73,73,73,73,73,73,73,73,73,73,73,73,73,78,78,78,78,78,78,78,78,78,78,78,78,78,78,78,78,78,78,78,78,78,78,78,78,88,88,88,88,88,88],"card_choices":[{"not_picked":["Storm","Barrage"],"picked":"Tempest","floor":1.0},{"not_picked":["Recycle","Reprogram"],"picked":"Go for the Eyes","floor":5.0},{"not_picked":["Capacitor","White Noise"],"picked":"Coolheaded","floor":6.0},{"not_picked":["Barrage","Coolheaded"],"picked":"Self Repair","floor":11.0},{"not_picked":["Storm","Rebound"],"picked":"Steam","floor":12.0},{"not_picked":["Conserve Battery","Melter"],"picked":"Defragment","floor":13.0},{"not_picked":["Rainbow","Barrage"],"picked":"Conserve Battery","floor":14.0},{"not_picked":["Buffer","Reboot"],"picked":"Machine Learning","floor":16.0},{"not_picked":["Recycle","Barrage"],"picked":"Ball Lightning","floor":18.0},{"not_picked":["Steam Power+1","Redo+1"],"picked":"Sweeping Beam","floor":22.0},{"not_picked":["Blizzard+1","Creative AI","Streamline"],"picked":"SKIP","floor":23.0},{"not_picked":["Streamline+1","Skim"],"picked":"Coolheaded+1","floor":24.0},{"not_picked":["Hologram+1","Doom and Gloom"],"picked":"Glacier+1","floor":27.0},{"not_picked":["Coolheaded+1","Go for the Eyes","Ball Lightning"],"picked":"SKIP","floor":28.0},{"not_picked":["Skim","All For One","Compile Driver+1"],"picked":"SKIP","floor":30.0},{"not_picked":["Cold Snap","Rebound","Turbo+1"],"picked":"SKIP","floor":31.0},{"not_picked":["Hyperbeam","All For One"],"picked":"Electrodynamics","floor":33.0},{"not_picked":["Skim+1","Conserve Battery+1","Beam Cell+1"],"picked":"SKIP","floor":35.0},{"not_picked":["Barrage+1","Rebound","Stack+1"],"picked":"SKIP","floor":37.0},{"not_picked":["Force Field+1","Beam Cell","Sweeping Beam+1"],"picked":"SKIP","floor":38.0},{"not_picked":["Beam Cell","Stack+1","Ball Lightning+1"],"picked":"SKIP","floor":42.0},{"not_picked":["Hologram","Creative AI","Stack"],"picked":"SKIP","floor":44.0}],"player_experience":324000,"relics_obtained":[{"floor":6.0,"key":"Du-Vu Doll"},{"floor":9.0,"key":"Symbiotic Virus"},{"floor":13.0,"key":"MawBank"},{"floor":23.0,"key":"Anchor"},{"floor":26.0,"key":"Shuriken"},{"floor":28.0,"key":"Pantograph"},{"floor":43.0,"key":"Pear"}],"event_choices":[{"cards_removed":["Strike_B"],"damage_healed":0.0,"max_hp_gain":0.0,"max_hp_loss":0.0,"gold_gain":0.0,"event_name":"Golden Wing","player_choice":"Card Removal","floor":2.0,"gold_loss":0.0,"damage_taken":7.0},{"damage_healed":0.0,"max_hp_gain":5.0,"max_hp_loss":0.0,"gold_gain":0.0,"event_name":"Big Fish","player_choice":"Donut","floor":3.0,"gold_loss":0.0,"damage_taken":0.0},{"damage_healed":0.0,"max_hp_gain":0.0,"max_hp_loss":0.0,"gold_gain":100.0,"event_name":"Golden Shrine","player_choice":"Pray","floor":4.0,"gold_loss":0.0,"damage_taken":0.0},{"damage_healed":0.0,"max_hp_gain":5.0,"max_hp_loss":0.0,"gold_gain":0.0,"event_name":"Forgotten Altar","player_choice":"Shed Blood","floor":19.0,"gold_loss":0.0,"damage_taken":18.0},{"damage_healed":0.0,"max_hp_gain":0.0,"max_hp_loss":0.0,"gold_gain":0.0,"event_name":"Match and Keep!","player_choice":"0 cards matched","floor":21.0,"gold_loss":0.0,"damage_taken":0.0,"cards_obtained":[]},{"damage_healed":0.0,"max_hp_gain":0.0,"max_hp_loss":0.0,"gold_gain":0.0,"event_name":"SecretPortal","player_choice":"Ignored","floor":36.0,"gold_loss":0.0,"damage_taken":0.0},{"damage_healed":0.0,"max_hp_gain":0.0,"max_hp_loss":0.0,"gold_gain":300.0,"event_name":"Wheel of Change","player_choice":"Gold","floor":40.0,"gold_loss":0.0,"damage_taken":0.0},{"cards_removed":["Self Repair"],"damage_healed":0.0,"max_hp_gain":0.0,"max_hp_loss":0.0,"gold_gain":0.0,"event_name":"Falling","player_choice":"Removed Power","floor":46.0,"gold_loss":0.0,"damage_taken":0.0},{"damage_healed":0.0,"max_hp_gain":0.0,"max_hp_loss":0.0,"gold_gain":0.0,"event_name":"FaceTrader","player_choice":"Leave","floor":47.0,"gold_loss":0.0,"damage_taken":0.0}],"is_beta":false,"boss_relics":[{"not_picked":["Ectoplasm","Orrery"],"picked":"Lizard Tail"},{"not_picked":["Philosopher\u0027s Stone","Black Star"],"picked":"FrozenCore"}],"items_purged_floors":[20,29,39,45],"is_endless":false,"potions_floor_spawned":[1,6,12,16,18,22,27,28,42],"killed_by":"Maw","ascension_level":0}