{"gold_per_floor":[112,33,33,53,67,67,92,92,116,131,143,176,188,5,5,110,110,123,143,0,10,10,10,10,25,25,25,25,52,52,68,68,164,164,175,175,194,194],"floor_reached":38,"playtime":4331,"items_purged":["Strike_G"],"score":406,"play_id":"ca6cb1d8-8c23-4022-9de1-4bdf7c5b2b41","local_time":"20190917195119","is_ascension_mode":false,"campfire_choices":[{"data":"Phantasmal Killer","floor":6,"key":"SMITH"},{"floor":8,"key":"REST"},{"floor":15,"key":"REST"},{"floor":23,"key":"REST"},{"floor":27,"key":"REST"},{"floor":30,"key":"REST"},{"floor":32,"key":"REST"}],"neow_cost":"NONE","seed_source_timestamp":499677896910400,"circlet_count":0,"master_deck":["Strike_G+1","Defend_G","Defend_G","Defend_G","Defend_G","Survivor","Neutralize+1","Backflip","Noxious Fumes","Prepared","Phantasmal Killer+1","After Image","Finisher","Terror","Calculated Gamble","Slice","Heel Hook","Footwork","Venomology","Slice","Dagger Throw+1","PiercingWail+1","Flying Knee","Envenom","Glass Knife","Bullet Time","Quick Slash+1","Adrenaline","Distraction+1","Madness","Catalyst+1"],"relics":["WristBlade","Ancient Tea Set","Pen Nib","Whetstone","Lizard Tail","Bottled Flame","Meat on the Bone","Empty Cage"],"potions_floor_usage":[7,12,13,19,25,25,29,29,29,33,33,33,35,37,38,38],"damage_taken":[{"damage":0,"enemies":"Jaw Worm","floor":1,"turns":6},{"damage":0,"enemies":"Small Slimes","floor":4,"turns":5},{"damage":0,"enemies":"Cultist","floor":5,"turns":6},{"damage":16,"enemies":"Lagavulin","floor":7,"turns":10},{"damage":1,"enemies":"3 Louse","floor":10,"turns":5},{"damage":1,"enemies":"Large Slime","floor":11,"turns":7},{"damage":50,"enemies":"Gremlin Nob","floor":12,"turns":5},{"damage":1,"enemies":"Blue Slaver","floor":13,"turns":2},{"damage":11,"enemies":"Hexaghost","floor":16,"turns":8},{"damage":28,"enemies":"3 Byrds","floor":18,"turns":5},{"damage":22,"enemies":"Spheric Guardian","floor":19,"turns":6},{"damage":17,"enemies":"Cultist and Chosen","floor":21,"turns":8},{"damage":17,"enemies":"Sentry and Sphere","floor":25,"turns":7},{"damage":43,"enemies":"Gremlin Leader","floor":29,"turns":7},{"damage":23,"enemies":"Centurion and Healer","floor":31,"turns":8},{"damage":23,"enemies":"Champ","floor":33,"turns":10},{"damage":50,"enemies":"3 Darklings","floor":35,"turns":6},{"damage":20,"enemies":"3 Shapes","floor":37,"turns":9},{"damage":36,"enemies":"2 Orb Walkers","floor":38,"turns":3}],"seed_played":"-1754403623963558068","potions_obtained":[{"floor":4,"key":"Regen Potion"},{"floor":5,"key":"PowerPotion"},{"floor":12,"key":"Regen Potion"},{"floor":16,"key":"Strength Potion"},{"floor":19,"key":"GamblersBrew"},{"floor":25,"key":"Fire Potion"},{"floor":29,"key":"Strength Potion"},{"floor":35,"key":"Fire Potion"}],"is_trial":false,"path_per_floor":["M","$","?","M","M","R","E","R","T","M","M","E","M","$","R","B",null,"M","M","?","M","$","R","?","M","T","R","?","E","R","M","R","B",null,"M","?","M","?"],"character_chosen":"THE_SILENT","items_purchased":["Noxious Fumes","Heel Hook","Footwork"],"campfire_rested":6,"item_purchase_floors":[2,14,14],"current_hp_per_floor":[70,70,58,58,58,58,51,70,70,69,68,18,22,22,43,32,70,42,20,20,3,3,24,24,7,7,28,28,23,44,33,54,43,70,32,32,24,0],"gold":194,"neow_bonus":"BOSS_RELIC","is_prod":false,"is_daily":false,"chose_seed":false,"campfire_upgraded":1,"win_rate":0.0,"timestamp":1568767879,"path_taken":["M","$","?","M","M","R","E","R","T","M","M","E","M","$","R","BOSS","M","M","?","M","$","R","?","?","T","R","?","E","R","M","R","BOSS","M","?","M","?"],"build_version":"2019-07-17","purchased_purges":1,"victory":false,"max_hp_per_floor":[70,70,70,70,70,70,70,70,70,70,70,70,70,70,70,70,70,70,70,70,70,70,70,70,70,70,70,70,70,70,70,70,70,70,70,70,70,70],"card_choices":[{"not_picked":["Quick Slash","Dagger Throw"],"picked":"Backflip","floor":1},{"not_picked":["Outmaneuver","Quick Slash"],"picked":"Prepared","floor":4},{"not_picked":["Backflip","Poisoned Stab"],"picked":"Phantasmal Killer","floor":5},{"not_picked":["Dodge and Roll","Quick Slash"],"picked":"After Image","floor":7},{"not_picked":["Endless Agony","Dodge and Roll"],"picked":"Finisher","floor":10},{"not_picked":["Acrobatics","Underhanded Strike"],"picked":"Terror","floor":11},{"not_picked":["Phantasmal Killer","Backflip"],"picked":"Calculated Gamble","floor":12},{"not_picked":["Masterful Stab","PiercingWail"],"picked":"Slice","floor":13},{"not_picked":["Doppelganger","Die Die Die"],"picked":"Venomology","floor":16},{"not_picked":["Crippling Poison","Underhanded Strike"],"picked":"Slice","floor":18},{"not_picked":["Reflex+1","Heel Hook"],"picked":"Dagger Throw","floor":19},{"not_picked":["Backflip+1","Masterful Stab+1"],"picked":"PiercingWail+1","floor":21},{"not_picked":["Terror","Masterful Stab"],"picked":"Flying Knee","floor":25},{"not_picked":["Prepared+1","Flying Knee"],"picked":"Bullet Time","floor":29},{"not_picked":["Slice","Noxious Fumes"],"picked":"Quick Slash+1","floor":31},{"not_picked":["Die Die Die","Envenom"],"picked":"Adrenaline","floor":33},{"not_picked":["Acrobatics+1","Accuracy+1"],"picked":"Distraction+1","floor":35},{"not_picked":["Discovery","Dark Shackles"],"picked":"Madness","floor":36},{"not_picked":["Prepared+1","Blur"],"picked":"Catalyst+1","floor":37}],"player_experience":53087,"relics_obtained":[{"floor":7,"key":"Ancient Tea Set"},{"floor":9,"key":"Pen Nib"},{"floor":12,"key":"Whetstone"},{"floor":26,"key":"Bottled Flame"},{"floor":29,"key":"Meat on the Bone"}],"event_choices":[{"damage_healed":0,"gold_gain":0,"player_choice":"Fled","damage_taken":12,"max_hp_gain":0,"max_hp_loss":0,"event_name":"Scrap Ooze","floor":3,"gold_loss":0},{"damage_healed":0,"gold_gain":0,"player_choice":"Paid Fearfully","damage_taken":0,"max_hp_gain":0,"max_hp_loss":0,"event_name":"Masked Bandits","floor":20,"gold_loss":143},{"damage_healed":0,"gold_gain":0,"player_choice":"Upgraded","damage_taken":0,"max_hp_gain":0,"max_hp_loss":0,"event_name":"Upgrade Shrine","floor":24,"gold_loss":0,"cards_upgraded":["Dagger Throw"]},{"damage_healed":0,"gold_gain":0,"cards_transformed":["Strike_G","Strike_G"],"player_choice":"Became Test Subject","damage_taken":0,"max_hp_gain":0,"max_hp_loss":0,"event_name":"Drug Dealer","floor":28,"gold_loss":0,"cards_obtained":["Envenom","Glass Knife"]},{"damage_healed":0,"gold_gain":0,"player_choice":"Memory 1","damage_taken":0,"max_hp_gain":0,"max_hp_loss":0,"event_name":"SensoryStone","floor":36,"gold_loss":0},{"damage_healed":0,"gold_gain":0,"player_choice":"Fight","damage_taken":0,"max_hp_gain":0,"max_hp_loss":0,"event_name":"Mysterious Sphere","floor":38,"gold_loss":0}],"is_beta":false,"boss_relics":[{"not_picked":["Orrery","Runic Dome"],"picked":"Lizard Tail"},{"not_picked":["Sozu","Coffee Dripper"],"picked":"Empty Cage"}],"items_purged_floors":[14],"is_endless":false,"potions_floor_spawned":[4,5,12,16,19,25,29,35],"killed_by":"2 Orb Walkers","ascension_level":0}