{"gold_per_floor":[118,129,129,152,152,152,177,202,202,202,202,61,77,112,112,231,231,252,267,292,292,0,0,41,41,71,71,96,112,12,312,312,432,432,448,472,488,398,273,273,273,86,111,149,172,172,207,230,230,230],"floor_reached":51,"playtime":3293,"items_purged":["Defend_B","Strike_B","Strike_B","Shame"],"score":752,"play_id":"6eaaa29b-1903-469f-b611-242018fb9c20","local_time":"20191001204636","is_ascension_mode":false,"campfire_choices":[{"data":"Defragment","floor":6.0,"key":"SMITH"},{"data":"Steam","floor":11.0,"key":"SMITH"},{"floor":15.0,"key":"REST"},{"data":"Apotheosis","floor":23.0,"key":"SMITH"},{"data":"Seek","floor":25.0,"key":"SMITH"},{"data":"Streamline","floor":32.0,"key":"SMITH"},{"floor":46,"key":"RECALL"},{"data":"Defragment","floor":49,"key":"SMITH"}],"neow_cost":"PERCENT_DAMAGE","seed_source_timestamp":0,"circlet_count":0,"master_deck":["Strike_B","Defend_B","Defend_B","Zap","Dualcast","Seek+1","Defragment+1","Streamline+1","Steam+1","Tempest","Cold Snap","Biased Cognition+1","Conserve Battery","Reboot","Glacier","Glacier","Apotheosis+1","Blizzard","Self Repair+1","Rainbow","Amplify","White Noise+1","Static Discharge","Defragment+1","Hologram+1"],"special_seed":0,"relics":["Cracked Core","Golden Idol","Juzu Bracelet","Bag of Preparation","Matryoshka","Nuclear Battery","Art of War","Tiny Chest","Bronze Scales","Old Coin","Velvet Choker","PreservedInsect","Smiling Mask","Oddly Smooth Stone","Prayer Wheel"],"potions_floor_usage":[50,50],"damage_taken":[{"damage":3.0,"enemies":"Small Slimes","floor":1.0,"turns":3.0},{"damage":1.0,"enemies":"Jaw Worm","floor":2.0,"turns":3.0},{"damage":3.0,"enemies":"2 Louse","floor":4.0,"turns":2.0},{"damage":2.0,"enemies":"Exordium Wildlife","floor":7.0,"turns":3.0},{"damage":12.0,"enemies":"Exordium Thugs","floor":8.0,"turns":3.0},{"damage":0.0,"enemies":"2 Fungi Beasts","floor":13.0,"turns":3.0},{"damage":10.0,"enemies":"Lagavulin","floor":14.0,"turns":5.0},{"damage":18.0,"enemies":"Slime Boss","floor":16.0,"turns":7.0},{"damage":0.0,"enemies":"Shell Parasite","floor":18.0,"turns":5.0},{"damage":3.0,"enemies":"Chosen","floor":19.0,"turns":3.0},{"damage":0.0,"enemies":"Snake Plant","floor":20.0,"turns":4.0},{"damage":0.0,"enemies":"Book of Stabbing","floor":24.0,"turns":6.0},{"damage":5.0,"enemies":"Snecko","floor":28.0,"turns":4.0},{"damage":4.0,"enemies":"Cultist and Chosen","floor":29.0,"turns":6.0},{"damage":6.0,"enemies":"Automaton","floor":33.0,"turns":12.0},{"damage":9.0,"enemies":"Orb Walker","floor":35.0,"turns":3.0},{"damage":4,"enemies":"3 Darklings","floor":36,"turns":3},{"damage":6,"enemies":"Transient","floor":37,"turns":5},{"damage":9,"enemies":"Giant Head","floor":44,"turns":7},{"damage":0,"enemies":"Sphere and 2 Shapes","floor":45,"turns":6},{"damage":1,"enemies":"Nemesis","floor":47,"turns":3},{"damage":10,"enemies":"4 Shapes","floor":48,"turns":6},{"damage":12,"enemies":"Donu and Deca","floor":50,"turns":11}],"seed_played":"-7697652370945118774","potions_obtained":[{"floor":1.0,"key":"Energy Potion"},{"floor":4.0,"key":"Block Potion"},{"floor":7.0,"key":"PowerPotion"},{"floor":14.0,"key":"Poison Potion"},{"floor":18.0,"key":"FearPotion"},{"floor":20.0,"key":"Dexterity Potion"},{"floor":24.0,"key":"Explosive Potion"},{"floor":35,"key":"SpeedPotion"},{"floor":45,"key":"Dexterity Potion"}],"is_trial":false,"path_per_floor":["M","M","?","M","?","R","M","M","T","?","R","$","M","E","R","B",null,"M","M","M","?","$","R","E","R","T","$","M","M","$","?","R","B",null,"M","M","M","?","$","?","?","$","T","E","M","R","E","M","R","B",null],"character_chosen":"DEFECT","items_purchased":["Biased Cognition","Apotheosis","Blizzard","Static Discharge"],"campfire_rested":1,"item_purchase_floors":[12,22,22,42],"current_hp_per_floor":[51,50,50,47,69,69,67,55,55,48,48,48,48,38,58,40,69,69,66,66,66,66,66,66,66,66,66,69,69,69,69,69,69,69,69,65,69,69,69,69,69,69,69,69,69,69,68,68,68,66],"gold":230,"neow_bonus":"THREE_RARE_CARDS","is_prod":false,"is_daily":false,"chose_seed":false,"campfire_upgraded":6,"win_rate":0,"timestamp":1569977196,"path_taken":["M","M","?","M","?","R","M","M","T","?","R","$","M","E","R","BOSS","M","M","M","?","$","R","E","R","T","?","M","M","$","?","R","BOSS","M","M","M","?","$","?","?","$","T","E","M","R","E","M","R","BOSS"],"build_version":"2019-07-17","purchased_purges":4,"victory":true,"max_hp_per_floor":[75,75,69,69,69,69,69,69,69,69,69,69,69,69,69,69,69,69,69,69,69,69,69,69,69,69,69,69,69,69,69,69,69,69,69,69,69,69,69,69,69,69,69,69,69,69,69,69,69,69],"card_choices":[{"not_picked":["Thunder Strike","Multi-Cast"],"picked":"Seek","floor":0.0},{"not_picked":["Compile Driver","Genetic Algorithm"],"picked":"Defragment","floor":1.0},{"not_picked":["Reinforced Body","Barrage"],"picked":"Streamline","floor":2.0},{"not_picked":["Hologram","Capacitor"],"picked":"Steam","floor":4.0},{"not_picked":["Static Discharge","Chaos"],"picked":"Tempest","floor":7.0},{"not_picked":["Static Discharge","Beam Cell"],"picked":"Cold Snap","floor":8.0},{"not_picked":["Heatsinks","Leap"],"picked":"Conserve Battery","floor":13.0},{"not_picked":["Amplify","Redo","Leap"],"picked":"SKIP","floor":14.0},{"not_picked":["Core Surge","Thunder Strike"],"picked":"Reboot","floor":16.0},{"not_picked":["Go for the Eyes","Tempest","Conserve Battery"],"picked":"SKIP","floor":18.0},{"not_picked":["Double Energy","Streamline+1"],"picked":"Glacier","floor":19.0},{"not_picked":["Leap","Conserve Battery"],"picked":"Glacier","floor":20.0},{"not_picked":["Beam Cell","White Noise"],"picked":"Self Repair+1","floor":24.0},{"not_picked":["Rebound","Go for the Eyes","Turbo"],"picked":"SKIP","floor":28.0},{"not_picked":["Go for the Eyes","Redo"],"picked":"Rainbow","floor":29.0},{"not_picked":["All For One","Hyperbeam"],"picked":"Amplify","floor":33.0},{"not_picked":["Turbo+1","Rebound+1","Steam+1"],"picked":"SKIP","floor":35},{"not_picked":["Fusion","Chill"],"picked":"White Noise+1","floor":36},{"not_picked":["Melter+1","Gash","Sweeping Beam+1"],"picked":"SKIP","floor":37},{"not_picked":["Ball Lightning+1","Rebound+1","Go for the Eyes+1"],"picked":"SKIP","floor":44},{"not_picked":["Turbo+1","Hologram"],"picked":"Defragment","floor":45},{"not_picked":["Hyperbeam","Ball Lightning","Steam"],"picked":"SKIP","floor":47},{"not_picked":["Turbo","Beam Cell+1"],"picked":"Hologram+1","floor":48},{"not_picked":["Go for the Eyes","Ball Lightning+1","Conserve Battery"],"picked":"SKIP","floor":48}],"player_experience":314409,"relics_obtained":[{"floor":9.0,"key":"Juzu Bracelet"},{"floor":14.0,"key":"Matryoshka"},{"floor":24.0,"key":"Art of War"},{"floor":26.0,"key":"Tiny Chest"},{"floor":26.0,"key":"Bronze Scales"},{"floor":43,"key":"PreservedInsect"},{"floor":43,"key":"Smiling Mask"},{"floor":44,"key":"Oddly Smooth Stone"},{"floor":47,"key":"Prayer Wheel"}],"event_choices":[{"damage_healed":0.0,"max_hp_gain":0.0,"max_hp_loss":6.0,"gold_gain":0.0,"event_name":"Golden Idol","player_choice":"Lose Max HP","floor":3.0,"gold_loss":0.0,"damage_taken":0.0,"relics_obtained":["Golden Idol"]},{"damage_healed":23.0,"max_hp_gain":0.0,"max_hp_loss":0.0,"gold_gain":0.0,"event_name":"Big Fish","player_choice":"Banana","floor":5.0,"gold_loss":0.0,"damage_taken":0.0},{"damage_healed":0.0,"max_hp_gain":0.0,"max_hp_loss":0.0,"gold_gain":0.0,"event_name":"Scrap Ooze","player_choice":"Success","floor":10.0,"gold_loss":0.0,"damage_taken":7.0,"relics_obtained":["Bag of Preparation"]},{"cards_removed":["Strike_B"],"damage_healed":0.0,"max_hp_gain":0.0,"max_hp_loss":0.0,"gold_gain":0.0,"event_name":"Wheel of Change","player_choice":"Card Removal","floor":21.0,"gold_loss":0.0,"damage_taken":0.0},{"damage_healed":0.0,"max_hp_gain":0.0,"max_hp_loss":0.0,"gold_gain":0.0,"event_name":"Addict","player_choice":"Stole Relic","floor":31.0,"gold_loss":0.0,"damage_taken":0.0,"relics_obtained":["Old Coin"],"cards_obtained":["Shame"]},{"cards_removed":["Defend_B"],"damage_healed":0,"gold_gain":0,"player_choice":"Upgrade and Remove","damage_taken":0,"max_hp_gain":0,"max_hp_loss":0,"event_name":"Designer","floor":38,"gold_loss":90,"cards_upgraded":["Biased Cognition"]},{"damage_healed":0,"gold_gain":0,"player_choice":"Ignored","damage_taken":0,"max_hp_gain":0,"max_hp_loss":0,"event_name":"Tomb of Lord Red Mask","floor":40,"gold_loss":0},{"damage_healed":0,"gold_gain":0,"player_choice":"0 cards matched","damage_taken":0,"max_hp_gain":0,"max_hp_loss":0,"event_name":"Match and Keep!","floor":41,"gold_loss":0,"cards_obtained":[]}],"is_beta":false,"boss_relics":[{"not_picked":["FrozenCore","Calling Bell"],"picked":"Nuclear Battery"},{"not_picked":["Runic Pyramid","Astrolabe"],"picked":"Velvet Choker"}],"items_purged_floors":[22,30,39,42],"is_endless":false,"potions_floor_spawned":[1,4,7,14,18,20,24,35,45],"ascension_level":0}