{"gold_per_floor":[118,118,136,61,8,43,43,63,87,87,102,114,124,159,159,263,263,273,273,96,96,46,46,79,91,91,6,6,40,40,67,67,67],"floor_reached":33,"playtime":1523,"items_purged":["Strike_B","Strike_B","Strike_B"],"score":342,"play_id":"ac3d2f79-b265-450f-9511-72ded47a92e2","local_time":"20190923004017","is_ascension_mode":true,"campfire_choices":[{"data":"Hyperbeam","floor":7,"key":"SMITH"},{"data":"Beam Cell","floor":10,"key":"SMITH"},{"floor":15,"key":"REST"},{"data":"Steam","floor":23,"key":"SMITH"},{"data":"Self Repair","floor":28,"key":"SMITH"},{"data":"Echo Form","floor":30,"key":"SMITH"},{"floor":32,"key":"REST"}],"neow_cost":"NONE","seed_source_timestamp":961610211436400,"circlet_count":0,"master_deck":["Strike_B","Defend_B","Defend_B","Defend_B","Defend_B","Zap","Dualcast","Hyperbeam+1","Beam Cell+1","Go for the Eyes","Gash","Sweeping Beam","Skim","Rebound","Leap","Echo Form+1","J.A.X.","Self Repair+1","Steam+1","Auto Shields","Self Repair"],"relics":["Cracked Core","Potion Belt","Smiling Mask","Anchor","Nuclear Battery","Bottled Flame","Darkstone Periapt","PreservedInsect","Dream Catcher","Molten Egg 2"],"potions_floor_usage":[16,16,18,25,29],"damage_taken":[{"damage":0,"enemies":"Cultist","floor":1,"turns":3},{"damage":0,"enemies":"2 Louse","floor":3,"turns":1},{"damage":8,"enemies":"3 Sentries","floor":6,"turns":4},{"damage":0,"enemies":"Small Slimes","floor":8,"turns":1},{"damage":9,"enemies":"Exordium Wildlife","floor":11,"turns":4},{"damage":1,"enemies":"Looter","floor":12,"turns":2},{"damage":10,"enemies":"2 Fungi Beasts","floor":13,"turns":3},{"damage":12,"enemies":"Gremlin Nob","floor":14,"turns":4},{"damage":54,"enemies":"Hexaghost","floor":16,"turns":12},{"damage":24,"enemies":"2 Thieves","floor":18,"turns":4},{"damage":14,"enemies":"Book of Stabbing","floor":24,"turns":5},{"damage":6,"enemies":"3 Byrds","floor":25,"turns":3},{"damage":19,"enemies":"Gremlin Leader","floor":29,"turns":6},{"damage":12,"enemies":"Book of Stabbing","floor":31,"turns":4},{"damage":98,"enemies":"Collector","floor":33,"turns":7}],"seed_played":"-8174737899597225686","potions_obtained":[{"floor":2,"key":"Block Potion"},{"floor":2,"key":"Weak Potion"},{"floor":2,"key":"Strength Potion"},{"floor":3,"key":"Fire Potion"},{"floor":8,"key":"EssenceOfSteel"},{"floor":12,"key":"Fire Potion"},{"floor":18,"key":"Swift Potion"},{"floor":24,"key":"LiquidBronze"}],"is_trial":false,"path_per_floor":["M","?","M","$","$","E","R","M","T","R","M","M","M","E","R","B",null,"M","?","$","?","$","R","E","M","T","?","R","E","R","E","R","B"],"character_chosen":"DEFECT","items_purchased":["Gash","Self Repair","Steam"],"campfire_rested":2,"item_purchase_floors":[5,20,20],"current_hp_per_floor":[75,75,75,75,75,67,67,67,67,67,58,57,47,35,57,3,75,51,51,51,51,51,51,44,45,45,45,45,46,46,44,66,0],"gold":67,"neow_bonus":"ONE_RANDOM_RARE_CARD","is_prod":false,"is_daily":false,"chose_seed":false,"campfire_upgraded":5,"win_rate":0,"timestamp":1569213617,"path_taken":["M","?","?","?","$","E","R","M","T","R","?","M","M","E","R","BOSS","M","?","$","?","?","R","E","M","T","?","R","E","R","E","R","BOSS"],"build_version":"2019-07-17","purchased_purges":3,"victory":false,"max_hp_per_floor":[75,75,75,75,75,75,75,75,75,75,75,75,75,75,75,75,75,75,75,75,75,75,75,75,75,75,75,75,75,75,75,75,75],"card_choices":[{"not_picked":["Hologram","Auto Shields"],"picked":"Beam Cell","floor":1},{"not_picked":["Steam Power","Static Discharge"],"picked":"Go for the Eyes","floor":3},{"not_picked":["Stack","Creative AI","Loop"],"picked":"SKIP","floor":6},{"not_picked":["Stack","Redo","Glacier"],"picked":"SKIP","floor":8},{"not_picked":["Barrage","Compile Driver"],"picked":"Sweeping Beam","floor":11},{"not_picked":["Ball Lightning","Stack"],"picked":"Skim","floor":12},{"not_picked":["Stack","Compile Driver"],"picked":"Rebound","floor":13},{"not_picked":["Melter","Static Discharge"],"picked":"Leap","floor":14},{"not_picked":["Machine Learning","Multi-Cast"],"picked":"Echo Form","floor":16},{"not_picked":["Steam Power","Hologram","White Noise"],"picked":"SKIP","floor":18},{"not_picked":["Steam","Doom and Gloom+1","Reprogram+1"],"picked":"SKIP","floor":24},{"not_picked":["Steam","Rebound","Coolheaded"],"picked":"SKIP","floor":25},{"not_picked":["Hologram","Scrape"],"picked":"Auto Shields","floor":29},{"not_picked":["Reboot","Skim+1"],"picked":"Self Repair","floor":31}],"player_experience":256933,"relics_obtained":[{"floor":6,"key":"Potion Belt"},{"floor":9,"key":"Smiling Mask"},{"floor":14,"key":"Anchor"},{"floor":24,"key":"Bottled Flame"},{"floor":26,"key":"Darkstone Periapt"},{"floor":29,"key":"Dream Catcher"},{"floor":31,"key":"Molten Egg 2"}],"event_choices":[{"damage_healed":0,"gold_gain":0,"player_choice":"Got Potions","damage_taken":0,"max_hp_gain":0,"max_hp_loss":0,"event_name":"Lab","floor":2,"gold_loss":0},{"damage_healed":0,"gold_gain":0,"player_choice":"Obtain J.A.X.","damage_taken":0,"max_hp_gain":0,"max_hp_loss":0,"event_name":"Drug Dealer","floor":19,"gold_loss":0,"cards_obtained":["J.A.X."]},{"damage_healed":0,"gold_gain":0,"player_choice":"Ignored","damage_taken":0,"max_hp_gain":0,"max_hp_loss":0,"event_name":"Ghosts","floor":21,"gold_loss":0},{"damage_healed":0,"gold_gain":0,"player_choice":"Obtained Relic","damage_taken":0,"relics_obtained":["PreservedInsect"],"max_hp_gain":0,"max_hp_loss":0,"event_name":"Addict","floor":27,"gold_loss":85}],"is_beta":false,"boss_relics":[{"not_picked":["Lizard Tail","Velvet Choker"],"picked":"Nuclear Battery"}],"items_purged_floors":[4,20,22],"is_endless":false,"potions_floor_spawned":[3,8,12,18,24],"killed_by":"Collector","ascension_level":2}