{"gold_per_floor":[213,227,227,239,314,348,348,366,393,406,406,406,283,302,302,302],"floor_reached":16,"playtime":809,"items_purged":["Strike_R"],"score":102,"play_id":"92193f86-9fb8-495b-9cab-a6b85aa053f4","local_time":"20190914012731","is_ascension_mode":false,"campfire_choices":[{"data":"Strike_R","floor":7,"key":"SMITH"},{"data":"Shrug It Off","floor":11,"key":"SMITH"},{"floor":15,"key":"REST"}],"neow_cost":"NONE","seed_source_timestamp":187528879379800,"circlet_count":0,"master_deck":["Strike_R","Strike_R","Strike_R+1","Defend_R","Defend_R","Defend_R","Defend_R","Bash","Headbutt","Pommel Strike","Limit Break","Shrug It Off+1","Battle Trance","Cleave","Flame Barrier"],"relics":["Burning Blood","Regal Pillow","Centennial Puzzle"],"potions_floor_usage":[16,16,16],"damage_taken":[{"damage":6,"enemies":"Jaw Worm","floor":1,"turns":6},{"damage":0,"enemies":"2 Louse","floor":2,"turns":3},{"damage":1,"enemies":"Cultist","floor":4,"turns":3},{"damage":27,"enemies":"Gremlin Nob","floor":6,"turns":4},{"damage":5,"enemies":"Looter","floor":8,"turns":3},{"damage":10,"enemies":"Red Slaver","floor":10,"turns":4},{"damage":12,"enemies":"Large Slime","floor":14,"turns":5},{"damage":79,"enemies":"Hexaghost","floor":16,"turns":14}],"seed_played":"-4676184121669568715","potions_obtained":[{"floor":2,"key":"Poison Potion"},{"floor":6,"key":"SpeedPotion"},{"floor":10,"key":"Swift Potion"}],"is_trial":false,"path_per_floor":["M","M","?","M","?","E","R","M","T","M","R","?","$","M","R","B"],"character_chosen":"IRONCLAD","items_purchased":["Cleave"],"campfire_rested":1,"item_purchase_floors":[13],"current_hp_per_floor":[80,80,80,80,69,48,48,49,49,45,45,45,45,39,78,0],"gold":302,"neow_bonus":"HUNDRED_GOLD","is_prod":false,"is_daily":false,"chose_seed":false,"campfire_upgraded":2,"win_rate":0,"timestamp":1568438851,"path_taken":["M","M","?","M","?","E","R","M","T","M","R","?","$","?","R","BOSS"],"build_version":"2019-07-17","purchased_purges":1,"victory":false,"max_hp_per_floor":[80,80,80,80,80,80,80,80,80,80,80,80,80,80,80,80],"card_choices":[{"not_picked":["Sword Boomerang","Fire Breathing"],"picked":"Headbutt","floor":1},{"not_picked":["Reckless Charge","True Grit"],"picked":"Pommel Strike","floor":2},{"not_picked":["Rage","Wild Strike","Reckless Charge"],"picked":"SKIP","floor":4},{"not_picked":["Sever Soul","Headbutt","Heavy Blade"],"picked":"SKIP","floor":6},{"not_picked":["Sever Soul","Searing Blow"],"picked":"Limit Break","floor":8},{"not_picked":["Evolve","Wild Strike"],"picked":"Shrug It Off","floor":10},{"not_picked":["Hemokinesis","Rage"],"picked":"Flame Barrier","floor":14}],"player_experience":149214,"relics_obtained":[{"floor":6,"key":"Regal Pillow"},{"floor":9,"key":"Centennial Puzzle"}],"event_choices":[{"damage_healed":0,"gold_gain":0,"player_choice":"Ignored","damage_taken":0,"max_hp_gain":0,"max_hp_loss":0,"event_name":"Liars Game","floor":3,"gold_loss":0},{"damage_healed":0,"gold_gain":75,"player_choice":"Gather Gold","damage_taken":11,"max_hp_gain":0,"max_hp_loss":0,"event_name":"World of Goop","floor":5,"gold_loss":0},{"damage_healed":0,"gold_gain":0,"cards_transformed":["Strike_R"],"player_choice":"Transformed","damage_taken":0,"max_hp_gain":0,"max_hp_loss":0,"event_name":"Transmorgrifier","floor":12,"gold_loss":0,"cards_obtained":["Battle Trance"]}],"is_beta":false,"boss_relics":[],"items_purged_floors":[13],"is_endless":false,"potions_floor_spawned":[2,6,10,14],"killed_by":"Hexaghost","ascension_level":0}