{"gold_per_floor":[410,138,152,169,92,92,92,92,92,122,72,72,89,152,152,251,251,269,368,368,368,387,387,402,111,111,111,127,75,87,87,87,192,192,212,224,243,261,136,136,163,163,216,228,240,278,140,152,152,152],"floor_reached":51,"playtime":3310,"items_purged":["Strike_B","Defend_B","Parasite","Zap"],"score":894,"play_id":"8cca3d16-491c-41ff-bce2-b342d7a7349b","local_time":"20190927004504","is_ascension_mode":true,"campfire_choices":[{"data":"Defragment","floor":6,"key":"SMITH"},{"data":"Defragment","floor":8,"key":"SMITH"},{"data":"Self Repair","floor":12,"key":"SMITH"},{"floor":15,"key":"REST"},{"data":"Biased Cognition","floor":23,"key":"SMITH"},{"data":"Glacier","floor":27,"key":"SMITH"},{"data":"Conserve Battery","floor":32,"key":"SMITH"},{"floor":40,"key":"REST"},{"floor":42,"key":"REST"},{"floor":49,"key":"REST"}],"neow_cost":"TEN_PERCENT_HP_LOSS","seed_source_timestamp":1305711773075400,"circlet_count":0,"master_deck":["Dualcast","Ball Lightning","Defragment+1","Steam","Finesse","Barrage","Self Repair+1","Defragment+1","Core Surge","Cold Snap","Biased Cognition+1","Electrodynamics","Rainbow+1","Static Discharge+1","Hyperbeam+1","Glacier+1","Cold Snap","Conserve Battery+1","Cold Snap+1","Reboot","Chill+1","Coolheaded+1","Loop+1","Recycle+1","Buffer","Capacitor"],"relics":["Cracked Core","Old Coin","Shuriken","Art of War","Letter Opener","Astrolabe","DollysMirror","Molten Egg 2","Runic Pyramid","Shovel","MawBank","PreservedInsect"],"potions_floor_usage":[28,35,37,41,41,41,46,50],"damage_taken":[{"damage":2,"enemies":"2 Louse","floor":1,"turns":3},{"damage":2,"enemies":"Small Slimes","floor":3,"turns":4},{"damage":1,"enemies":"Jaw Worm","floor":4,"turns":2},{"damage":27,"enemies":"Lagavulin","floor":10,"turns":5},{"damage":6,"enemies":"2 Fungi Beasts","floor":13,"turns":3},{"damage":9,"enemies":"3 Sentries","floor":14,"turns":5},{"damage":0,"enemies":"Slime Boss","floor":16,"turns":5},{"damage":15,"enemies":"Shell Parasite","floor":18,"turns":5},{"damage":4,"enemies":"Chosen","floor":22,"turns":4},{"damage":8,"enemies":"Snecko","floor":24,"turns":4},{"damage":7,"enemies":"3 Cultists","floor":28,"turns":3},{"damage":5,"enemies":"Centurion and Healer","floor":30,"turns":5},{"damage":33,"enemies":"Automaton","floor":33,"turns":9},{"damage":6,"enemies":"3 Darklings","floor":35,"turns":3},{"damage":0,"enemies":"3 Shapes","floor":36,"turns":2},{"damage":0,"enemies":"Writhing Mass","floor":37,"turns":6},{"damage":25,"enemies":"Spire Growth","floor":38,"turns":4},{"damage":50,"enemies":"Reptomancer","floor":41,"turns":7},{"damage":34,"enemies":"Giant Head","floor":46,"turns":12},{"damage":0,"enemies":"Maw","floor":48,"turns":9},{"damage":40,"enemies":"Donu and Deca","floor":50,"turns":9}],"seed_played":"1630556797976285818","potions_obtained":[{"floor":10,"key":"Dexterity Potion"},{"floor":13,"key":"Poison Potion"},{"floor":24,"key":"SpeedPotion"},{"floor":28,"key":"Explosive Potion"},{"floor":30,"key":"EntropicBrew"},{"floor":35,"key":"Swift Potion"},{"floor":41,"key":"Explosive Potion"}],"is_trial":false,"path_per_floor":["M","$","M","M","$","R","?","R","T","E","?","R","M","?","R","B",null,"M","?","?","?","M","R","M","$","T","R","M","$","M","?","R","B",null,"M","M","M","M","$","R","E","R","T","?","?","E","$","M","R","B",null],"character_chosen":"DEFECT","items_purchased":["Defragment","Steam","Finesse","Defragment","DollysMirror","Cold Snap+1"],"campfire_rested":4,"item_purchase_floors":[2,2,2,5,25,29],"current_hp_per_floor":[66,66,64,63,63,63,63,63,63,43,43,43,47,48,68,68,68,63,63,63,63,68,68,68,68,68,68,68,68,68,68,68,35,68,68,68,68,43,43,62,22,41,41,41,41,17,17,27,45,15],"gold":152,"neow_bonus":"ONE_RARE_RELIC","is_prod":false,"is_daily":false,"chose_seed":false,"campfire_upgraded":6,"win_rate":0,"timestamp":1569559504,"path_taken":["M","$","M","M","$","R","?","R","T","E","?","R","?","?","R","BOSS","M","?","?","?","?","R","M","$","T","R","M","$","M","?","R","BOSS","M","M","M","M","?","R","E","R","T","?","?","E","$","M","R","BOSS"],"build_version":"2019-07-17","purchased_purges":4,"victory":true,"max_hp_per_floor":[68,68,68,68,68,68,68,68,68,68,68,68,68,68,68,68,68,68,68,68,68,68,68,68,68,68,68,68,68,68,68,68,68,68,68,68,68,68,65,65,65,65,65,62,62,62,62,62,62,62],"card_choices":[{"not_picked":["Sweeping Beam","Rebound"],"picked":"Ball Lightning","floor":1},{"not_picked":["Stack","Leap"],"picked":"Barrage","floor":3},{"not_picked":["Ball Lightning","Barrage"],"picked":"Self Repair","floor":4},{"not_picked":["Rebound","Ball Lightning"],"picked":"Core Surge","floor":10},{"not_picked":["Hologram","Ball Lightning"],"picked":"Cold Snap","floor":13},{"not_picked":["Hologram","Chaos"],"picked":"Biased Cognition","floor":14},{"not_picked":["Biased Cognition","Echo Form"],"picked":"Electrodynamics","floor":16},{"not_picked":["Turbo","Redo","Steam+1"],"picked":"SKIP","floor":18},{"not_picked":["Ball Lightning","Barrage+1","Fusion"],"picked":"SKIP","floor":22},{"not_picked":["Sweeping Beam+1","Genetic Algorithm+1"],"picked":"Undo","floor":24},{"not_picked":["Go for the Eyes+1","FTL+1"],"picked":"Conserve Battery","floor":28},{"not_picked":["Beam Cell+1","Sweeping Beam+1","Electrodynamics"],"picked":"SKIP","floor":30},{"not_picked":["Echo Form","Core Surge+1"],"picked":"Reboot","floor":33},{"not_picked":["Redo","Leap"],"picked":"Chill+1","floor":35},{"not_picked":["Beam Cell+1","Conserve Battery+1"],"picked":"Coolheaded+1","floor":36},{"not_picked":["Capacitor","Streamline+1"],"picked":"Loop+1","floor":37},{"not_picked":["Barrage+1","Capacitor+1"],"picked":"Recycle+1","floor":38},{"not_picked":["Machine Learning","Redo","Undo"],"picked":"SKIP","floor":41},{"not_picked":["Darkness","Hologram"],"picked":"Buffer","floor":46},{"not_picked":["FTL+1","Conserve Battery"],"picked":"Capacitor","floor":48}],"player_experience":276519,"relics_obtained":[{"floor":9,"key":"Shuriken"},{"floor":10,"key":"Art of War"},{"floor":26,"key":"Molten Egg 2"},{"floor":41,"key":"Shovel"},{"floor":43,"key":"MawBank"},{"floor":46,"key":"PreservedInsect"}],"event_choices":[{"cards_removed":["Defend_B"],"damage_healed":0,"gold_gain":0,"player_choice":"Forget","damage_taken":0,"max_hp_gain":0,"max_hp_loss":0,"event_name":"Living Wall","floor":7,"gold_loss":0},{"cards_removed":["Strike_B"],"damage_healed":0,"gold_gain":0,"player_choice":"Card Removal","damage_taken":0,"max_hp_gain":0,"max_hp_loss":0,"event_name":"The Cleric","floor":11,"gold_loss":50},{"damage_healed":0,"gold_gain":0,"player_choice":"Searched \u00272\u0027 times","damage_taken":0,"relics_obtained":["Letter Opener"],"max_hp_gain":0,"max_hp_loss":0,"event_name":"Dead Adventurer","floor":14,"gold_loss":0},{"damage_healed":0,"gold_gain":99,"player_choice":"Stole From Cult","damage_taken":0,"max_hp_gain":0,"max_hp_loss":0,"event_name":"Nest","floor":19,"gold_loss":0},{"damage_healed":0,"gold_gain":0,"player_choice":"Read","damage_taken":0,"max_hp_gain":0,"max_hp_loss":0,"event_name":"The Library","floor":20,"gold_loss":0,"cards_obtained":["Glacier"]},{"cards_removed":["Defend_B"],"damage_healed":0,"gold_gain":0,"player_choice":"Offered Basic","damage_taken":0,"max_hp_gain":0,"max_hp_loss":0,"event_name":"Bonfire Elementals","floor":21,"gold_loss":0},{"damage_healed":0,"gold_gain":0,"player_choice":"Bought 0 Potions","damage_taken":0,"max_hp_gain":0,"max_hp_loss":0,"event_name":"The Woman in Blue","floor":31,"gold_loss":0},{"damage_healed":0,"gold_gain":0,"player_choice":"Max HP","damage_taken":0,"max_hp_gain":0,"max_hp_loss":3,"event_name":"Winding Halls","floor":44,"gold_loss":0},{"cards_removed":["Undo"],"damage_healed":0,"gold_gain":0,"player_choice":"Removed Skill","damage_taken":0,"max_hp_gain":0,"max_hp_loss":0,"event_name":"Falling","floor":45,"gold_loss":0}],"is_beta":false,"boss_relics":[{"not_picked":["Busted Crown","Pandora\u0027s Box"],"picked":"Astrolabe"},{"not_picked":["Calling Bell","White Beast Statue"],"picked":"Runic Pyramid"}],"items_purged_floors":[2,25,39,47],"is_endless":false,"potions_floor_spawned":[10,13,24,28,30,35,41],"ascension_level":4}