{"gold_per_floor":[111,9,27,39,39,39,69,69,120,120,20,46,57,57,57,162,162,176,116,116,136,156,31,31,51,51,64,64,64,82,82],"floor_reached":31,"playtime":2782,"items_purged":["Defend_R","Strike_R","Strike_R"],"score":245,"play_id":"94408b2c-ff50-4a56-abaf-dffbcac868e0","local_time":"20190904002030","is_ascension_mode":false,"campfire_choices":[{"data":"True Grit","floor":6.0,"key":"SMITH"},{"data":"Pommel Strike","floor":8.0,"key":"SMITH"},{"data":"Havoc","floor":10.0,"key":"SMITH"},{"data":"Exhume","floor":15.0,"key":"SMITH"},{"floor":24,"key":"REST"},{"floor":28,"key":"REST"}],"neow_cost":"NONE","seed_source_timestamp":0,"circlet_count":0,"master_deck":["Strike_R","Strike_R","Strike_R","Defend_R","Defend_R","Defend_R","Bash","Exhume+1","Ghostly Armor","True Grit+1","Havoc+1","Pommel Strike+1","Ghostly Armor","Dark Embrace+1","Pommel Strike+1","Headbutt"],"special_seed":0,"relics":["Burning Blood","Anchor","Orichalcum","Sundial","Mark of Pain","Letter Opener"],"potions_floor_usage":[30],"damage_taken":[{"damage":11.0,"enemies":"Jaw Worm","floor":1.0,"turns":5.0},{"damage":5.0,"enemies":"Small Slimes","floor":3.0,"turns":4.0},{"damage":1.0,"enemies":"Cultist","floor":4.0,"turns":4.0},{"damage":21.0,"enemies":"3 Sentries","floor":7.0,"turns":11.0},{"damage":14.0,"enemies":"Lagavulin","floor":12.0,"turns":8.0},{"damage":0.0,"enemies":"Red Slaver","floor":13.0,"turns":3.0},{"damage":59.0,"enemies":"The Guardian","floor":16.0,"turns":14.0},{"damage":30,"enemies":"Spheric Guardian","floor":18,"turns":8},{"damage":1,"enemies":"2 Thieves","floor":19,"turns":4},{"damage":38,"enemies":"Sentry and Sphere","floor":21,"turns":10},{"damage":16,"enemies":"Centurion and Healer","floor":22,"turns":8},{"damage":22,"enemies":"Snake Plant","floor":25,"turns":7},{"damage":11,"enemies":"Cultist and Chosen","floor":27,"turns":10},{"damage":34,"enemies":"3 Cultists","floor":30,"turns":6},{"damage":18,"enemies":"Gremlin Leader","floor":31,"turns":5}],"seed_played":"2435409152490115707","potions_obtained":[{"floor":1.0,"key":"Block Potion"},{"floor":7.0,"key":"Dexterity Potion"},{"floor":12.0,"key":"Energy Potion"},{"floor":25,"key":"LiquidBronze"},{"floor":27,"key":"Block Potion"},{"floor":30,"key":"Poison Potion"}],"is_trial":false,"path_per_floor":["M","$","M","M","?","R","E","R","T","R","$","E","M","$","R","B",null,"M","M","?","M","M","$","R","M","T","M","R","$","M","E"],"character_chosen":"IRONCLAD","items_purchased":["True Grit"],"campfire_rested":2,"item_purchase_floors":[2],"current_hp_per_floor":[75,75,76,80,80,80,65,65,65,65,65,57,63,63,63,10,80,56,61,61,29,19,19,43,27,27,22,46,46,18,0],"gold":82,"neow_bonus":"ONE_RANDOM_RARE_CARD","is_prod":false,"is_daily":false,"chose_seed":false,"campfire_upgraded":4,"win_rate":0,"timestamp":1567570830,"path_taken":["M","$","M","M","?","R","E","R","T","R","?","E","M","$","R","BOSS","M","M","?","M","?","$","R","M","T","M","R","?","M","E"],"build_version":"2019-07-17","purchased_purges":3,"victory":false,"max_hp_per_floor":[80,80,80,80,80,80,80,80,80,80,80,80,80,80,80,80,80,80,80,80,80,80,80,80,80,80,80,80,80,80,80],"card_choices":[{"not_picked":["Clothesline","Warcry"],"picked":"Ghostly Armor","floor":1.0},{"not_picked":["Twin Strike","Flex"],"picked":"Havoc","floor":3.0},{"not_picked":["Uppercut","Flex"],"picked":"Pommel Strike","floor":4.0},{"not_picked":["Berserk","Perfected Strike","Twin Strike"],"picked":"SKIP","floor":7.0},{"not_picked":["Perfected Strike","Flex"],"picked":"Ghostly Armor","floor":12.0},{"not_picked":["Sword Boomerang","Headbutt","Intimidate"],"picked":"SKIP","floor":13.0},{"not_picked":["Offering","Brutality"],"picked":"Dark Embrace","floor":16.0},{"not_picked":["Evolve","Shrug It Off"],"picked":"Pommel Strike+1","floor":18},{"not_picked":["Twin Strike","Ghostly Armor+1","Heavy Blade"],"picked":"SKIP","floor":19},{"not_picked":["Armaments","Sword Boomerang"],"picked":"Headbutt","floor":21},{"not_picked":["Shrug It Off","Power Through","Thunderclap"],"picked":"SKIP","floor":22},{"not_picked":["Spot Weakness+1","Offering","Clothesline+1"],"picked":"SKIP","floor":25},{"not_picked":["Rupture+1","Perfected Strike","Anger"],"picked":"SKIP","floor":27},{"not_picked":["Clothesline","Inflame+1","Headbutt"],"picked":"SKIP","floor":30}],"player_experience":58973,"relics_obtained":[{"floor":7.0,"key":"Anchor"},{"floor":9.0,"key":"Orichalcum"},{"floor":12.0,"key":"Sundial"},{"floor":26,"key":"Letter Opener"}],"event_choices":[{"damage_healed":0.0,"max_hp_gain":0.0,"max_hp_loss":0.0,"gold_gain":0.0,"event_name":"The Cleric","player_choice":"Leave","floor":5.0,"gold_loss":0.0,"damage_taken":0.0},{"damage_healed":0,"gold_gain":0,"player_choice":"Forge","damage_taken":0,"max_hp_gain":0,"max_hp_loss":0,"event_name":"Accursed Blacksmith","floor":20,"gold_loss":0,"cards_upgraded":["Dark Embrace"]}],"is_beta":false,"boss_relics":[{"not_picked":["Coffee Dripper","Black Star"],"picked":"Mark of Pain"}],"items_purged_floors":[2,11,23],"is_endless":false,"potions_floor_spawned":[1,7,12,13,25,27,30],"killed_by":"Gremlin Leader","ascension_level":0}