{"gold_per_floor":[119,134,59,77,77,77,94,94,94,127,144,144,155,183,183,183],"floor_reached":16,"playtime":738,"items_purged":["Strike_R"],"score":134,"play_id":"5a889cdd-29df-46b6-a68e-aaa46da8d67f","local_time":"20190917010555","is_ascension_mode":true,"campfire_choices":[{"data":"Cleave","floor":6,"key":"SMITH"},{"floor":12,"key":"REST"},{"data":"Shrug It Off","floor":15,"key":"SMITH"}],"neow_cost":"NONE","seed_source_timestamp":445514416394900,"circlet_count":0,"master_deck":["Strike_R","Strike_R","Strike_R","Strike_R","Defend_R","Defend_R","Defend_R","Defend_R","Bash","Cleave+1","Shrug It Off+1","Headbutt"],"relics":["Burning Blood","Red Skull","Blue Candle","Peace Pipe","Strawberry"],"potions_floor_usage":[13,16],"damage_taken":[{"damage":1,"enemies":"Cultist","floor":1,"turns":3},{"damage":0,"enemies":"Small Slimes","floor":2,"turns":2},{"damage":11,"enemies":"Jaw Worm","floor":4,"turns":4},{"damage":10,"enemies":"3 Louse","floor":7,"turns":3},{"damage":34,"enemies":"Gremlin Nob","floor":10,"turns":5},{"damage":22,"enemies":"Large Slime","floor":11,"turns":6},{"damage":2,"enemies":"Exordium Wildlife","floor":13,"turns":3},{"damage":17,"enemies":"3 Sentries","floor":14,"turns":6},{"damage":51,"enemies":"Hexaghost","floor":16,"turns":11}],"seed_played":"3633823989693750142","potions_obtained":[{"floor":2,"key":"Explosive Potion"},{"floor":10,"key":"Dexterity Potion"}],"is_trial":false,"path_per_floor":["M","M","$","M","?","R","M","$","T","E","M","R","M","E","R","B"],"character_chosen":"IRONCLAD","items_purchased":[],"campfire_rested":1,"item_purchase_floors":[],"current_hp_per_floor":[80,80,80,75,75,75,71,71,71,43,27,51,55,51,51,0],"gold":183,"neow_bonus":"RANDOM_COMMON_RELIC","is_prod":false,"is_daily":false,"chose_seed":false,"campfire_upgraded":2,"win_rate":0,"timestamp":1568696755,"path_taken":["M","M","$","?","?","R","M","$","T","E","M","R","M","E","R","BOSS"],"build_version":"2019-07-17","purchased_purges":1,"victory":false,"max_hp_per_floor":[80,80,80,80,80,80,80,80,80,80,80,80,80,87,87,87],"card_choices":[{"not_picked":["Rampage","Sever Soul"],"picked":"Cleave","floor":1},{"not_picked":["Blood for Blood","Twin Strike","Wild Strike"],"picked":"SKIP","floor":2},{"not_picked":["Havoc","Headbutt"],"picked":"Shrug It Off","floor":4},{"not_picked":["Bloodletting","Twin Strike","Havoc"],"picked":"SKIP","floor":7},{"not_picked":["Wild Strike","Power Through","Seeing Red"],"picked":"SKIP","floor":10},{"not_picked":["Infernal Blade","Perfected Strike"],"picked":"Headbutt","floor":11},{"not_picked":["Dropkick","Bloodletting","Havoc"],"picked":"SKIP","floor":13},{"not_picked":["Body Slam","Heavy Blade","Twin Strike"],"picked":"SKIP","floor":14}],"player_experience":203310,"relics_obtained":[{"floor":9,"key":"Blue Candle"},{"floor":10,"key":"Peace Pipe"},{"floor":14,"key":"Strawberry"}],"event_choices":[{"damage_healed":0,"gold_gain":0,"player_choice":"Ignored","damage_taken":0,"max_hp_gain":0,"max_hp_loss":0,"event_name":"Liars Game","floor":5,"gold_loss":0}],"is_beta":false,"boss_relics":[],"items_purged_floors":[3],"is_endless":false,"potions_floor_spawned":[2,10],"killed_by":"Hexaghost","ascension_level":4}