{"gold_per_floor":[209,219,229,249,249,249,279,295,320,320,340,141,141,151,151,250,250,268,268,285,303,323,323],"floor_reached":23,"playtime":2657,"items_purged":["Strike_R"],"score":197,"play_id":"795474a8-6f43-4d6a-85e7-4e795c8da2c1","local_time":"20190901122513","is_ascension_mode":false,"campfire_choices":[{"data":"Twin Strike","floor":6.0,"key":"SMITH"},{"data":"Headbutt","floor":10.0,"key":"SMITH"},{"data":"Feed","floor":13.0,"key":"SMITH"},{"data":"Body Slam","floor":15,"key":"SMITH"}],"neow_cost":"NONE","seed_source_timestamp":0,"circlet_count":0,"master_deck":["Strike_R","Strike_R","Strike_R","Strike_R","Defend_R","Defend_R","Defend_R","Defend_R","Bash","Flame Barrier","Flame Barrier+1","Twin Strike+1","Pommel Strike","Headbutt+1","Headbutt","Feed+1","Body Slam+1","Berserk","Armaments","Flame Barrier"],"special_seed":0,"relics":["Burning Blood","Pen Nib","Bag of Preparation","Boot"],"potions_floor_usage":[16,21,23],"damage_taken":[{"damage":5.0,"enemies":"Small Slimes","floor":1.0,"turns":4.0},{"damage":0.0,"enemies":"Cultist","floor":2.0,"turns":4.0},{"damage":2.0,"enemies":"2 Louse","floor":3.0,"turns":3.0},{"damage":6.0,"enemies":"Gremlin Gang","floor":4.0,"turns":5.0},{"damage":15.0,"enemies":"3 Sentries","floor":7.0,"turns":7.0},{"damage":22.0,"enemies":"Exordium Thugs","floor":8.0,"turns":6.0},{"damage":0.0,"enemies":"Blue Slaver","floor":11.0,"turns":3.0},{"damage":1.0,"enemies":"Large Slime","floor":14.0,"turns":5.0},{"damage":35,"enemies":"Hexaghost","floor":16,"turns":9},{"damage":0,"enemies":"3 Byrds","floor":18,"turns":1},{"damage":18,"enemies":"Spheric Guardian","floor":20,"turns":5},{"damage":36,"enemies":"Cultist and Chosen","floor":21,"turns":8},{"damage":27,"enemies":"Snake Plant","floor":22,"turns":3},{"damage":33,"enemies":"3 Cultists","floor":23,"turns":4}],"seed_played":"-2881748233187553119","potions_obtained":[{"floor":2.0,"key":"Fruit Juice"},{"floor":3.0,"key":"Explosive Potion"},{"floor":7.0,"key":"SpeedPotion"},{"floor":11.0,"key":"Block Potion"},{"floor":16,"key":"Explosive Potion"},{"floor":22,"key":"Energy Potion"}],"is_trial":false,"path_per_floor":["M","M","M","M","?","R","E","M","T","R","M","$","R","M","R","B",null,"M","?","M","M","M","M"],"character_chosen":"IRONCLAD","items_purchased":["Headbutt","Feed"],"campfire_rested":0,"item_purchase_floors":[12,12],"current_hp_per_floor":[80,80,80,80,80,80,71,55,55,55,61,61,61,66,66,42,85,85,85,73,43,22,0],"gold":323,"neow_bonus":"HUNDRED_GOLD","is_prod":false,"is_daily":false,"chose_seed":false,"campfire_upgraded":4,"win_rate":0.0,"timestamp":1567355113,"path_taken":["M","M","M","M","?","R","E","?","T","R","M","$","R","M","R","BOSS","M","?","M","M","?","M"],"build_version":"2019-07-17","purchased_purges":1,"victory":false,"max_hp_per_floor":[80,80,80,80,80,80,80,80,80,80,80,80,80,80,80,85,85,85,85,85,85,85,89],"card_choices":[{"not_picked":["Iron Wave","Perfected Strike"],"picked":"Flame Barrier","floor":1.0},{"not_picked":["Headbutt","Battle Trance"],"picked":"Flame Barrier","floor":2.0},{"not_picked":["Thunderclap","Searing Blow"],"picked":"Twin Strike","floor":3.0},{"not_picked":["Reckless Charge","Warcry"],"picked":"Pommel Strike","floor":4.0},{"not_picked":["Twin Strike","Uppercut","Second Wind"],"picked":"SKIP","floor":7.0},{"not_picked":["Iron Wave","Warcry"],"picked":"Headbutt","floor":8.0},{"not_picked":["Perfected Strike","Infernal Blade","Twin Strike"],"picked":"SKIP","floor":11.0},{"not_picked":["Reckless Charge","Twin Strike"],"picked":"Body Slam","floor":14},{"not_picked":["Fiend Fire","Demon Form"],"picked":"Berserk","floor":16},{"not_picked":["Flex","Metallicize","Perfected Strike"],"picked":"SKIP","floor":18},{"not_picked":["Clash","Pummel+1"],"picked":"Armaments","floor":20},{"not_picked":["Searing Blow","Burning Pact"],"picked":"Flame Barrier","floor":21},{"not_picked":["Feel No Pain","Rupture","Perfected Strike"],"picked":"SKIP","floor":22}],"player_experience":4781,"relics_obtained":[{"floor":7.0,"key":"Pen Nib"},{"floor":9.0,"key":"Bag of Preparation"}],"event_choices":[{"damage_healed":0.0,"max_hp_gain":0.0,"max_hp_loss":0.0,"gold_gain":0.0,"event_name":"Accursed Blacksmith","player_choice":"Forge","floor":5.0,"gold_loss":0.0,"damage_taken":0.0,"cards_upgraded":["Flame Barrier"]},{"damage_healed":0,"gold_gain":0,"player_choice":"Gave Potion","damage_taken":0,"relics_obtained":["Boot"],"max_hp_gain":0,"max_hp_loss":0,"event_name":"WeMeetAgain","floor":19,"gold_loss":0}],"is_beta":false,"boss_relics":[{"not_picked":["Orrery","Fusion Hammer","Runic Pyramid"]}],"items_purged_floors":[12],"is_endless":false,"potions_floor_spawned":[2,3,7,11,16,22],"killed_by":"3 Cultists","ascension_level":0}