{"gold_per_floor":[364,208,208,208,208,208,29,29,101,144,167,188,223,242,242,371,371,389,389],"floor_reached":19,"playtime":1501,"items_purged":["Strike_B","Strike_B"],"score":175,"play_id":"9341fe6a-1d62-413c-b5c0-845a55dea8da","local_time":"20190921001552","is_ascension_mode":false,"campfire_choices":[{"data":"Hello World","floor":6.0,"key":"SMITH"},{"data":"Genetic Algorithm","floor":8.0,"key":"SMITH"},{"floor":15,"key":"REST"}],"neow_cost":"TEN_PERCENT_HP_LOSS","seed_source_timestamp":0,"circlet_count":0,"master_deck":["Strike_B","Strike_B","Defend_B","Defend_B","Defend_B","Zap","Dualcast","Leap","Hello World+1","Genetic Algorithm+1","Echo Form","Capacitor","Fusion","Darkness","Chill+1"],"special_seed":0,"relics":["Cracked Core","Golden Idol","Dodecahedron","Orichalcum","Peace Pipe","Inserter"],"potions_floor_usage":[],"damage_taken":[{"damage":1.0,"enemies":"Cultist","floor":1.0,"turns":3.0},{"damage":17.0,"enemies":"Lagavulin","floor":10.0,"turns":8.0},{"damage":2.0,"enemies":"Jaw Worm","floor":11.0,"turns":4.0},{"damage":6.0,"enemies":"2 Louse","floor":12.0,"turns":3.0},{"damage":13.0,"enemies":"3 Sentries","floor":13.0,"turns":8.0},{"damage":5,"enemies":"Exordium Wildlife","floor":14,"turns":7},{"damage":14,"enemies":"Hexaghost","floor":16,"turns":10},{"damage":4,"enemies":"Chosen","floor":18,"turns":6},{"damage":27,"enemies":"3 Byrds","floor":19,"turns":6}],"seed_played":"-7297478955469960206","potions_obtained":[{"floor":16,"key":"Poison Potion"}],"is_trial":false,"path_per_floor":["M","$","?","?","?","R","$","R","T","E","M","M","E","M","R","B",null,"M","M"],"character_chosen":"DEFECT","items_purchased":["Hello World","Genetic Algorithm"],"campfire_rested":1,"item_purchase_floors":[2,7],"current_hp_per_floor":[67,67,63,63,56,56,56,56,56,39,37,31,18,13,31,17,63,59,32],"gold":389,"neow_bonus":"TWO_FIFTY_GOLD","is_prod":false,"is_daily":false,"chose_seed":false,"campfire_upgraded":2,"win_rate":0.0,"timestamp":1569039352,"path_taken":["M","$","?","?","?","R","$","R","T","E","M","M","E","M","R","BOSS","M","M"],"build_version":"2019-07-17","purchased_purges":2,"victory":false,"max_hp_per_floor":[68,68,63,63,63,63,63,63,63,63,63,63,63,63,63,63,63,63,63],"card_choices":[{"not_picked":["Beam Cell","Redo"],"picked":"Leap","floor":1.0},{"not_picked":["Heatsinks","Go for the Eyes"],"picked":"Echo Form","floor":10.0},{"not_picked":["Compile Driver","Sweeping Beam"],"picked":"Capacitor","floor":11.0},{"not_picked":["Gash","Stack"],"picked":"Fusion","floor":12.0},{"not_picked":["Leap","Hologram","Melter"],"picked":"SKIP","floor":13},{"not_picked":["Leap","Self Repair"],"picked":"Darkness","floor":14},{"not_picked":["Barrage","Beam Cell+1"],"picked":"Chill+1","floor":18}],"player_experience":223425,"relics_obtained":[{"floor":9.0,"key":"Dodecahedron"},{"floor":10.0,"key":"Orichalcum"},{"floor":13,"key":"Peace Pipe"}],"event_choices":[{"damage_healed":0.0,"max_hp_gain":0.0,"max_hp_loss":5.0,"gold_gain":0.0,"event_name":"Golden Idol","player_choice":"Lose Max HP","floor":3.0,"gold_loss":0.0,"damage_taken":0.0,"relics_obtained":["Golden Idol"]},{"damage_healed":0.0,"max_hp_gain":0.0,"max_hp_loss":0.0,"gold_gain":0.0,"event_name":"Liars Game","player_choice":"Ignored","floor":4.0,"gold_loss":0.0,"damage_taken":0.0},{"cards_removed":["Defend_B"],"damage_healed":0.0,"max_hp_gain":0.0,"max_hp_loss":0.0,"gold_gain":0.0,"event_name":"Golden Wing","player_choice":"Card Removal","floor":5.0,"gold_loss":0.0,"damage_taken":7.0}],"is_beta":false,"boss_relics":[{"not_picked":["Runic Pyramid","Orrery"],"picked":"Inserter"}],"items_purged_floors":[2,7],"is_endless":false,"potions_floor_spawned":[16],"killed_by":"3 Byrds","ascension_level":0}