{"gold_per_floor":[112,37,56,69,144,169,187,219,273,273,292,292,292,303,303,303],"floor_reached":16,"playtime":1441,"items_purged":["Strike_G"],"score":112,"play_id":"d726a563-e28f-4f32-bc01-1a34b06274d5","local_time":"20190909214532","is_ascension_mode":false,"campfire_choices":[{"floor":10,"key":"REST"},{"data":"Malaise","floor":12,"key":"SMITH"},{"floor":15,"key":"REST"}],"neow_cost":"NONE","seed_source_timestamp":730480450429000,"circlet_count":0,"master_deck":["Strike_G","Strike_G","Strike_G","Strike_G","Defend_G","Defend_G","Defend_G","Survivor","Neutralize","PiercingWail","All Out Attack","Well Laid Plans","Malaise+1","Blur+1"],"relics":["Ring of the Snake","Blue Candle","Toxic Egg 2","Bag of Preparation"],"potions_floor_usage":[6,8,16],"damage_taken":[{"damage":0,"enemies":"Jaw Worm","floor":1,"turns":5},{"damage":0,"enemies":"2 Louse","floor":3,"turns":3},{"damage":0,"enemies":"Small Slimes","floor":4,"turns":3},{"damage":14,"enemies":"Gremlin Nob","floor":6,"turns":4},{"damage":1,"enemies":"2 Fungi Beasts","floor":7,"turns":3},{"damage":18,"enemies":"3 Sentries","floor":8,"turns":10},{"damage":6,"enemies":"3 Louse","floor":11,"turns":3},{"damage":4,"enemies":"Exordium Thugs","floor":14,"turns":6},{"damage":58,"enemies":"Hexaghost","floor":16,"turns":21}],"seed_played":"6457910287495222109","potions_obtained":[{"floor":4,"key":"Poison Potion"},{"floor":6,"key":"GamblersBrew"},{"floor":8,"key":"SpeedPotion"}],"is_trial":false,"path_per_floor":["M","$","M","M","?","E","M","E","T","R","M","R","?","M","R","B"],"character_chosen":"THE_SILENT","items_purchased":[],"campfire_rested":2,"item_purchase_floors":[],"current_hp_per_floor":[70,70,70,70,59,45,44,26,26,47,41,41,41,37,58,0],"gold":303,"neow_bonus":"REMOVE_CARD","is_prod":false,"is_daily":false,"chose_seed":false,"campfire_upgraded":1,"win_rate":0,"timestamp":1568079932,"path_taken":["M","$","M","M","?","E","M","E","T","R","M","R","?","M","R","BOSS"],"build_version":"2019-07-17","purchased_purges":1,"victory":false,"max_hp_per_floor":[70,70,70,70,70,70,70,70,70,70,70,70,70,70,70,70],"card_choices":[{"not_picked":["Slice","Poisoned Stab"],"picked":"PiercingWail","floor":1},{"not_picked":["PiercingWail","Distraction"],"picked":"All Out Attack","floor":3},{"not_picked":["Sucker Punch","Caltrops","Blade Dance"],"picked":"SKIP","floor":4},{"not_picked":["Deflect","Dagger Throw"],"picked":"Well Laid Plans","floor":6},{"not_picked":["Eviscerate","Blade Dance"],"picked":"Malaise","floor":7},{"not_picked":["Caltrops","Flying Knee"],"picked":"Blur","floor":8},{"not_picked":["Blade Dance+1","Outmaneuver+1","Riddle With Holes"],"picked":"SKIP","floor":11},{"not_picked":["Accuracy","Dodge and Roll+1","Flying Knee"],"picked":"SKIP","floor":14}],"player_experience":106111,"relics_obtained":[{"floor":6,"key":"Blue Candle"},{"floor":8,"key":"Toxic Egg 2"},{"floor":9,"key":"Bag of Preparation"}],"event_choices":[{"damage_healed":0,"gold_gain":75,"player_choice":"Gather Gold","damage_taken":11,"max_hp_gain":0,"max_hp_loss":0,"event_name":"World of Goop","floor":5,"gold_loss":0},{"cards_removed":["Defend_G"],"damage_healed":0,"gold_gain":0,"player_choice":"Forget","damage_taken":0,"max_hp_gain":0,"max_hp_loss":0,"event_name":"Living Wall","floor":13,"gold_loss":0}],"is_beta":false,"boss_relics":[],"items_purged_floors":[2],"is_endless":false,"potions_floor_spawned":[4,6,8],"killed_by":"Hexaghost","ascension_level":0}