{"gold_per_floor":[117,128,178,195,143,143,170,180,180,193,193,223,223,251,251,325,325,336,364,364],"floor_reached":20,"playtime":1116,"items_purged":[],"score":337,"play_id":"82d755f4-207a-49ce-9f08-b58a71b4e605","local_time":"20190202131658","is_ascension_mode":true,"campfire_choices":[{"data":"Armaments","floor":6,"key":"SMITH"},{"floor":15,"key":"REST"}],"neow_cost":"NONE","seed_source_timestamp":1214817079729032,"circlet_count":0,"master_deck":["AscendersBane","Strike_R","Strike_R","Strike_R","Strike_R","Strike_R","Defend_R","Defend_R","Defend_R","Defend_R","Bash","Perfected Strike","Armaments+1","Shrug It Off","Wild Strike","Shrug It Off","Evolve","Havoc+1","Headbutt","Reaper","Immolate","True Grit+1","Battle Trance+1"],"relics":["Burning Blood","Kunai","Toxic Egg 2","Gremlin Horn","Odd Mushroom","Bottled Flame","Cursed Key","Red Mask"],"potions_floor_usage":[7,12,20],"damage_taken":[{"damage":2,"enemies":"Jaw Worm","floor":1,"turns":3},{"damage":1,"enemies":"Cultist","floor":2,"turns":3},{"damage":0,"enemies":"2 Louse","floor":4,"turns":2},{"damage":28,"enemies":"Lagavulin","floor":7,"turns":7},{"damage":9,"enemies":"Looter","floor":8,"turns":4},{"damage":15,"enemies":"3 Louse","floor":10,"turns":5},{"damage":1,"enemies":"The Mushroom Lair","floor":12,"turns":4},{"damage":15,"enemies":"3 Sentries","floor":14,"turns":6},{"damage":39,"enemies":"The Guardian","floor":16,"turns":14},{"damage":6,"enemies":"Spheric Guardian","floor":18,"turns":3},{"damage":53,"enemies":"Masked Bandits","floor":19,"turns":5},{"damage":23,"enemies":"Shell Parasite","floor":20,"turns":4}],"seed_played":"5874516742936323428","potions_obtained":[{"floor":1,"key":"Weak Potion"},{"floor":8,"key":"Swift Potion"},{"floor":12,"key":"Swift Potion"}],"is_trial":false,"path_per_floor":["M","M","?","M","$","R","E","M","T","M","?","?","?","E","R","B",null,"M","?","M"],"character_chosen":"IRONCLAD","items_purchased":["Shrug It Off"],"campfire_rested":1,"item_purchase_floors":[5],"current_hp_per_floor":[72,75,75,75,75,75,53,50,50,41,6,11,36,27,49,20,61,61,14,0],"gold":364,"neow_bonus":"THREE_CARDS","is_prod":false,"is_daily":false,"chose_seed":false,"campfire_upgraded":1,"win_rate":0,"timestamp":1549109818,"path_taken":["M","M","?","M","?","R","E","?","T","M","?","?","?","E","R","BOSS","M","?","M"],"build_version":"2019-01-23","purchased_purges":0,"victory":false,"max_hp_per_floor":[75,75,75,75,75,75,75,75,75,75,75,75,75,75,75,75,75,75,75,75],"card_choices":[{"not_picked":["Anger","Evolve"],"picked":"Perfected Strike","floor":0},{"not_picked":["Flame Barrier","Wild Strike"],"picked":"Armaments","floor":1},{"not_picked":["True Grit","Clash"],"picked":"Shrug It Off","floor":2},{"not_picked":["Anger","Offering"],"picked":"Wild Strike","floor":4},{"not_picked":["Havoc","Body Slam"],"picked":"Evolve","floor":7},{"not_picked":["Fire Breathing","Second Wind","Body Slam"],"picked":"SKIP","floor":8},{"not_picked":["Twin Strike","Ghostly Armor+1"],"picked":"Havoc+1","floor":10},{"not_picked":["Havoc+1","Searing Blow"],"picked":"Headbutt","floor":12},{"not_picked":["Warcry+1","Pummel"],"picked":"Reaper","floor":14},{"not_picked":["Demon Form","Brutality"],"picked":"Immolate","floor":16},{"not_picked":["Clothesline","Heavy Blade"],"picked":"True Grit+1","floor":18},{"not_picked":["Uppercut","Sword Boomerang"],"picked":"Battle Trance+1","floor":19}],"player_experience":685492,"relics_obtained":[{"floor":7,"key":"Kunai"},{"floor":9,"key":"Toxic Egg 2"},{"floor":12,"key":"Odd Mushroom"},{"floor":14,"key":"Bottled Flame"},{"floor":19,"key":"Red Mask"}],"event_choices":[{"damage_healed":0,"gold_gain":50,"player_choice":"Pray","damage_taken":0,"max_hp_gain":0,"max_hp_loss":0,"event_name":"Golden Shrine","floor":3,"gold_loss":0},{"damage_healed":0,"gold_gain":0,"player_choice":"Success","damage_taken":35,"relics_obtained":["Gremlin Horn"],"max_hp_gain":0,"max_hp_loss":0,"event_name":"Scrap Ooze","floor":11,"gold_loss":0},{"damage_healed":0,"gold_gain":0,"player_choice":"Fought Mushrooms","damage_taken":0,"max_hp_gain":0,"max_hp_loss":0,"event_name":"Mushrooms","floor":12,"gold_loss":0},{"damage_healed":25,"gold_gain":0,"player_choice":"Banana","damage_taken":0,"max_hp_gain":0,"max_hp_loss":0,"event_name":"Big Fish","floor":13,"gold_loss":0},{"damage_healed":0,"gold_gain":0,"player_choice":"Fought Bandits","damage_taken":0,"max_hp_gain":0,"max_hp_loss":0,"event_name":"Masked Bandits","floor":19,"gold_loss":0}],"is_beta":true,"boss_relics":[{"not_picked":["Snecko Eye","Coffee Dripper"],"picked":"Cursed Key"}],"items_purged_floors":[],"is_endless":false,"potions_floor_spawned":[1,8,12],"killed_by":"Shell Parasite","ascension_level":17}