{"gold_per_floor":[113,128,144,144,144,169,169,179,202,237,91,91],"floor_reached":12,"playtime":297,"items_purged":[],"score":92,"play_id":"f38e3b35-2f32-44f8-a130-515a76609a69","local_time":"20190128131157","is_ascension_mode":true,"campfire_choices":[{"data":"Chaos","floor":7,"key":"SMITH"}],"neow_cost":"NONE","seed_source_timestamp":483091254113826,"circlet_count":0,"master_deck":["Strike_B","Strike_B","Strike_B","Strike_B","Defend_B","Defend_B","Defend_B","Defend_B","Zap","Dualcast","Chaos+1","Rebound","Aggregate","Ball Lightning","Doom and Gloom","Skim"],"relics":["Cracked Core","Juzu Bracelet","Dream Catcher","Potion Belt","Pen Nib"],"potions_floor_usage":[6,6,12],"damage_taken":[{"damage":6,"enemies":"Cultist","floor":1,"turns":3},{"damage":5,"enemies":"Small Slimes","floor":2,"turns":3},{"damage":5,"enemies":"2 Louse","floor":3,"turns":3},{"damage":8,"enemies":"Gremlin Nob","floor":6,"turns":3},{"damage":7,"enemies":"2 Fungi Beasts","floor":8,"turns":3},{"damage":31,"enemies":"Lagavulin","floor":10,"turns":4},{"damage":28,"enemies":"Gremlin Nob","floor":12,"turns":3}],"seed_played":"8272377499167988143","potions_obtained":[{"floor":1,"key":"Fire Potion"},{"floor":3,"key":"Fire Potion"},{"floor":8,"key":"SpeedPotion"}],"is_trial":false,"path_per_floor":["M","M","M","?","$","E","R","M","T","E","$","E"],"character_chosen":"DEFECT","items_purchased":["Pen Nib"],"campfire_rested":0,"item_purchase_floors":[11],"current_hp_per_floor":[76,71,66,71,71,63,63,56,56,25,25,0],"gold":91,"neow_bonus":"TEN_PERCENT_HP_BONUS","is_prod":false,"is_daily":false,"chose_seed":false,"campfire_upgraded":1,"win_rate":0,"timestamp":1548652317,"path_taken":["M","M","?","?","$","E","R","M","T","E","$","E"],"build_version":"2019-01-23","purchased_purges":0,"victory":false,"max_hp_per_floor":[82,82,82,87,87,87,87,87,87,87,87,87],"card_choices":[{"not_picked":["Blizzard","Darkness"],"picked":"Chaos","floor":1},{"not_picked":["Cold Snap","Fusion"],"picked":"Rebound","floor":2},{"not_picked":["Coolheaded","Redo"],"picked":"Aggregate","floor":3},{"not_picked":["Steam Power","Turbo"],"picked":"Ball Lightning","floor":6},{"not_picked":["Leap","Core Surge"],"picked":"Doom and Gloom","floor":8},{"not_picked":["Turbo","Go for the Eyes"],"picked":"Skim","floor":10}],"player_experience":161874,"relics_obtained":[{"floor":6,"key":"Juzu Bracelet"},{"floor":9,"key":"Dream Catcher"},{"floor":10,"key":"Potion Belt"}],"event_choices":[{"damage_healed":0,"gold_gain":0,"player_choice":"Donut","damage_taken":0,"max_hp_gain":5,"max_hp_loss":0,"event_name":"Big Fish","floor":4,"gold_loss":0}],"is_beta":false,"boss_relics":[],"items_purged_floors":[],"is_endless":false,"potions_floor_spawned":[1,3,8],"killed_by":"Gremlin Nob","ascension_level":1}