{"path_per_floor":["M","?","T","?","M","E","T","$","T","E","R","$","R","$","R","B",null,"M","M","?","M","M","R","E","M","T","$","M","M","M","E","R"],"character_chosen":"IRONCLAD","items_purchased":["Shrug It Off","Lantern"],"gold_per_floor":[110,110,157,157,169,198,249,127,150,183,183,27,27,27,27,123,123,134,146,146,157,167,167,195,210,210,210,226,241,251,283,283],"floor_reached":33,"campfire_rested":0,"playtime":1859,"current_hp_per_floor":[80,80,80,80,80,62,62,62,62,57,57,57,57,57,57,34,80,80,80,80,80,80,80,79,67,67,67,68,50,60,37,37],"items_purged":["Strike_R"],"gold":283,"score":295,"play_id":"92c21762-b0d5-4abc-82f9-5c470b3c2173","is_prod":false,"is_daily":false,"is_ascension_mode":false,"campfire_upgraded":5,"path_taken":["M","?","?","?","M","E","?","$","T","E","R","$","R","?","R","BOSS","M","M","?","M","M","R","E","M","T","$","M","M","?","E","R","BOSS"],"build_version":"2018-02-08-BETA1","purchased_purges":2,"victory":false,"master_deck":["Strike_R","Strike_R","Defend_R","Defend_R","Defend_R","Defend_R","Bash","Juggernaut+1","Armaments","Uppercut","Barricade+1","Cleave","Thunderclap","Shrug It Off+1","Shrug It Off","Fiend Fire+1","Evolve+1","Feel No Pain+1","Whirlwind+1","Wild Strike"],"max_hp_per_floor":[80,80,80,80,80,80,80,80,80,80,80,80,80,80,80,80,80,80,80,80,80,80,80,80,80,80,80,80,80,80,80,80],"relics":["Burning Blood","Blood Vial","Prayer Wheel","Vajra","Dream Catcher","Bottled Tornado","Lantern","Velvet Choker","Magic Flower","Torii","Frozen Eye"],"card_choices":[{"not_picked":["Heavy Blade","Combust"],"picked":"Armaments"},{"not_picked":["Headbutt","Cleave"],"picked":"Barricade"},{"not_picked":["Twin Strike","Feel No Pain"],"picked":"Cleave"},{"not_picked":["Iron Wave","Twin Strike"],"picked":"Thunderclap"},{"not_picked":["Wild Strike","Twin Strike"],"picked":"Shrug It Off"},{"not_picked":["Barricade","Feed"],"picked":"Fiend Fire"},{"not_picked":["Perfected Strike","Armaments"],"picked":"Evolve"},{"not_picked":["Thunderclap","Inflame"],"picked":"Feel No Pain"},{"not_picked":["Fire Breathing","Infernal Blade"],"picked":"Whirlwind"},{"not_picked":["Corruption","Fire Breathing"],"picked":"Wild Strike"}],"player_experience":45944,"potions_floor_usage":[24,28],"damage_taken":[{"damage":6,"enemies":"Jaw Worm","floor":1,"turns":3},{"damage":2,"enemies":"Cultist","floor":5,"turns":6},{"damage":24,"enemies":"Gremlin Nob","floor":6,"turns":5},{"damage":13,"enemies":"Lagavulin","floor":10,"turns":12},{"damage":31,"enemies":"Hexaghost","floor":16,"turns":16},{"damage":1,"enemies":"Shell Parasite","floor":18,"turns":9},{"damage":4,"enemies":"3 Byrds","floor":19,"turns":6},{"damage":0,"enemies":"Snecko","floor":21,"turns":6},{"damage":0,"enemies":"Snake Plant","floor":22,"turns":3},{"damage":7,"enemies":"Gremlin Leader","floor":24,"turns":6},{"damage":22,"enemies":"Centurion and Healer","floor":25,"turns":11},{"damage":11,"enemies":"Snecko","floor":28,"turns":4},{"damage":30,"enemies":"Snake Plant","floor":29,"turns":5},{"damage":2,"enemies":"Chosen and Byrds","floor":30,"turns":4},{"damage":35,"enemies":"Book of Stabbing","floor":31,"turns":8},{"damage":40,"enemies":"Collector","floor":33,"turns":5}],"event_choices":[{"event_name":"Transmorgrifier","player_choice":"Transform","floor":2,"damage_taken":0},{"event_name":"Wheel of Change","player_choice":"Full Heal","floor":4,"damage_taken":0},{"event_name":"Bonfire Elementals","player_choice":"BASIC","floor":20,"damage_taken":0}],"boss_relics":[{"not_picked":["Eternal Feather","Runic Cube"],"picked":"Velvet Choker"}],"potions_floor_spawned":[5,6,21,24,25],"seed_played":"1208939533296832248","killed_by":"Collector","ascension_level":0,"is_trial":false}