{"gold_per_floor":[116,291,366,44,44,44,44,119,142,23,55,75,89,89,89,191,191,203,214,64,78,146,178,194,204,273,273,298,298,298,298,298,399,449,460,477,477,236,256,256,256],"floor_reached":41,"playtime":1866,"items_purged":["Doubt","Pain","Strike_G"],"score":477,"play_id":"c82df5d7-8f19-4735-89bf-423d7d06b39b","local_time":"20190205140648","is_ascension_mode":false,"campfire_choices":[{"data":"Noxious Fumes","floor":6,"key":"SMITH"},{"floor":15,"key":"REST"},{"floor":27,"key":"REST"},{"floor":29,"key":"REST"},{"floor":32,"key":"REST"},{"floor":40,"key":"REST"}],"neow_cost":"NONE","seed_source_timestamp":96197856665412,"circlet_count":0,"master_deck":["Defend_G","Defend_G","Defend_G","Defend_G","Defend_G+1","Strike_G","Strike_G","Strike_G+1","Strike_G","Survivor","Neutralize+1","Noxious Fumes+1","Bane+1","PiercingWail+1","Bane+1","Unload+1","Sucker Punch+1","Masterful Stab+1","Quick Slash+1","Well Laid Plans+1","Blade Dance+1","Deflect+1","Backflip+1"],"relics":["Ring of the Snake","Centennial Puzzle","Membership Card","Juzu Bracelet","Molten Egg 2","Anchor","Singing Bowl","Whetstone","WarpedTongs","Lizard Tail","Toy Ornithopter","Pantograph","Happy Flower","Pear","Blue Candle","Tiny House","Ice Cream"],"potions_floor_usage":[16,16,23,23,25,28,33,33,36,36,39,41,41],"damage_taken":[{"damage":0,"enemies":"2 Louse","floor":1,"turns":4},{"damage":25,"enemies":"Lagavulin","floor":11,"turns":8},{"damage":0,"enemies":"Jaw Worm","floor":12,"turns":4},{"damage":0,"enemies":"Small Slimes","floor":13,"turns":4},{"damage":39,"enemies":"Slime Boss","floor":16,"turns":11},{"damage":25,"enemies":"Spheric Guardian","floor":18,"turns":8},{"damage":11,"enemies":"Shell Parasite","floor":19,"turns":7},{"damage":7,"enemies":"Centurion and Healer","floor":21,"turns":7},{"damage":20,"enemies":"Slavers","floor":23,"turns":6},{"damage":4,"enemies":"Chosen and Byrds","floor":24,"turns":5},{"damage":0,"enemies":"Snake Plant","floor":25,"turns":4},{"damage":1,"enemies":"Book of Stabbing","floor":28,"turns":6},{"damage":98,"enemies":"Automaton","floor":33,"turns":14},{"damage":16,"enemies":"3 Shapes","floor":35,"turns":7},{"damage":31,"enemies":"3 Darklings","floor":36,"turns":5},{"damage":27,"enemies":"Transient","floor":39,"turns":5},{"damage":155,"enemies":"Giant Head","floor":41,"turns":13}],"seed_played":"-7391917215952281493","potions_obtained":[{"floor":1,"key":"EntropicBrew"},{"floor":11,"key":"FearPotion"},{"floor":12,"key":"SpeedPotion"},{"floor":24,"key":"Energy Potion"},{"floor":25,"key":"Energy Potion"},{"floor":28,"key":"Ancient Potion"},{"floor":33,"key":"SkillPotion"},{"floor":34,"key":"SpeedPotion"},{"floor":35,"key":"Poison Potion"},{"floor":36,"key":"FearPotion"}],"is_trial":false,"path_per_floor":["M","?","?","$","?","R","$","T","T","$","E","M","M","?","R","B",null,"M","M","$","M","T","E","M","M","T","R","E","R","?","?","R","B",null,"M","M","?","$","M","R","E"],"character_chosen":"THE_SILENT","items_purchased":["Membership Card","Juzu Bracelet","Singing Bowl","Toy Ornithopter","Ice Cream","Block Potion"],"campfire_rested":5,"item_purchase_floors":[4,4,10,20,38,38],"current_hp_per_floor":[70,70,59,59,64,64,64,64,64,64,41,43,43,43,66,29,81,58,47,47,40,40,30,26,33,43,71,75,95,76,76,100,14,107,91,70,70,70,48,80,0],"gold":256,"neow_bonus":"RANDOM_COMMON_RELIC","is_prod":false,"is_daily":false,"chose_seed":false,"campfire_upgraded":1,"win_rate":0.0,"timestamp":1549346808,"path_taken":["M","?","?","$","?","R","?","?","T","$","E","M","M","?","R","BOSS","M","M","$","M","?","E","M","M","T","R","E","R","?","?","R","BOSS","M","M","?","$","M","R","E"],"build_version":"2019-01-23","purchased_purges":3,"victory":false,"max_hp_per_floor":[70,70,70,70,75,75,75,75,75,75,77,79,79,79,79,81,81,83,83,83,83,83,83,83,85,95,95,95,95,100,100,100,102,107,107,107,107,107,107,107,107],"card_choices":[{"not_picked":["Tactician","Backstab"],"picked":"Noxious Fumes","floor":1},{"not_picked":["Deadly Poison","Heel Hook+1","Concentrate"],"picked":"Singing Bowl","floor":11},{"not_picked":["Underhanded Strike+1","Cloak And Dagger","Escape Plan"],"picked":"Singing Bowl","floor":12},{"not_picked":["Backflip","Slice+1"],"picked":"Bane+1","floor":13},{"not_picked":["Night Terror","Wraith Form v2","Glass Knife+1"],"picked":"Singing Bowl","floor":16},{"not_picked":["PiercingWail","Blade Dance","Reflex"],"picked":"Singing Bowl","floor":18},{"not_picked":["Dodge and Roll","Quick Slash+1"],"picked":"PiercingWail+1","floor":19},{"not_picked":["Blade Dance+1","Calculated Gamble"],"picked":"Bane+1","floor":21},{"not_picked":["Terror","Blur+1"],"picked":"Unload+1","floor":23},{"not_picked":["Dodge and Roll+1","Poisoned Stab+1"],"picked":"Sucker Punch+1","floor":24},{"not_picked":["Infinite Blades","Choke+1","Outmaneuver"],"picked":"Singing Bowl","floor":25},{"not_picked":["Dagger Throw+1","Setup"],"picked":"Masterful Stab+1","floor":28},{"not_picked":["Glass Knife+1","Unload+1","Burst"],"picked":"Singing Bowl","floor":33},{"not_picked":["Outmaneuver","Leg Sweep+1"],"picked":"Well Laid Plans+1","floor":34},{"not_picked":["Terror","Deflect"],"picked":"Blade Dance+1","floor":35},{"not_picked":["Sucker Punch+1","Poisoned Stab+1"],"picked":"Deflect+1","floor":36},{"not_picked":["Concentrate+1","Deflect+1"],"picked":"Backflip+1","floor":39}],"player_experience":188468,"relics_obtained":[{"floor":8,"key":"Molten Egg 2"},{"floor":9,"key":"Anchor"},{"floor":11,"key":"Whetstone"},{"floor":22,"key":"Pantograph"},{"floor":23,"key":"Happy Flower"},{"floor":26,"key":"Pear"},{"floor":28,"key":"Blue Candle"}],"event_choices":[{"damage_healed":0,"gold_gain":175,"player_choice":"AGREE","damage_taken":0,"max_hp_gain":0,"max_hp_loss":0,"event_name":"Liars Game","floor":2,"gold_loss":0,"cards_obtained":["Doubt"]},{"damage_healed":0,"gold_gain":75,"player_choice":"Gather Gold","damage_taken":11,"max_hp_gain":0,"max_hp_loss":0,"event_name":"World of Goop","floor":3,"gold_loss":0},{"damage_healed":0,"gold_gain":0,"player_choice":"Donut","damage_taken":0,"max_hp_gain":5,"max_hp_loss":0,"event_name":"Big Fish","floor":5,"gold_loss":0},{"damage_healed":0,"gold_gain":0,"player_choice":"Rummage","damage_taken":0,"relics_obtained":["WarpedTongs"],"max_hp_gain":0,"max_hp_loss":0,"event_name":"Accursed Blacksmith","floor":14,"gold_loss":0,"cards_obtained":["Pain"]},{"damage_healed":0,"gold_gain":0,"player_choice":"Shed Blood","damage_taken":24,"max_hp_gain":5,"max_hp_loss":0,"event_name":"Forgotten Altar","floor":30,"gold_loss":0},{"damage_healed":0,"gold_gain":0,"player_choice":"Read","damage_taken":0,"max_hp_gain":0,"max_hp_loss":0,"event_name":"The Library","floor":31,"gold_loss":0,"cards_obtained":["Quick Slash"]},{"damage_healed":0,"gold_gain":0,"player_choice":"Ignored","damage_taken":0,"max_hp_gain":0,"max_hp_loss":0,"event_name":"Tomb of Lord Red Mask","floor":37,"gold_loss":0}],"is_beta":false,"boss_relics":[{"not_picked":["Calling Bell","Sozu"],"picked":"Lizard Tail"},{"not_picked":["Cursed Key","Coffee Dripper"],"picked":"Tiny House"}],"items_purged_floors":[4,20,38],"is_endless":false,"potions_floor_spawned":[1,11,12,24,25,28,33,35,36],"killed_by":"Giant Head","ascension_level":0}