{"gold_per_floor":[123,135,163,175,204,12,37,55,55,55,82,101,101,115,115,213,213,213,213,213,213,213,213,213,163,163,163,163,89,89,89,89,89,89,89,89,89,89,89,89,89,89,89,89,89,89,89,89,89,89],"floor_reached":51,"playtime":2971,"items_purged":[],"score":1286,"play_id":"b95d34a8-180f-4b67-85d8-04f1a7fec4e7","local_time":"20181103133641","is_ascension_mode":true,"campfire_choices":[{"data":"Defragment","floor":10,"key":"SMITH"},{"floor":15,"key":"REST"},{"data":"Beam Cell","floor":23,"key":"SMITH"},{"floor":32,"key":"REST"},{"floor":41,"key":"REST"},{"floor":46,"key":"REST"},{"floor":49,"key":"REST"}],"neow_cost":"NONE","seed_source_timestamp":515982103330045,"circlet_count":0,"master_deck":["AscendersBane","Strike_B","Strike_B","Defend_B","Defend_B","Defend_B+1","Zap+1","Dualcast","Chill+1","Cold Snap","Sweeping Beam","Defragment+1","Rip and Tear","Auto Shields","Coolheaded","Gash","Beam Cell+1","All For One","Redo","Coolheaded","FTL+1","Gash+1","Hologram","Defragment","Coolheaded","Hologram","Conserve Battery+1","Apotheosis","Blind","Hologram+1","Stack+1","Capacitor+1","Madness","Madness","All For One","Gash+1"],"relics":["Cracked Core","MawBank","Mercury Hourglass","Shuriken","Lantern","Ectoplasm","Omamori","Enchiridion","Pen Nib","Ancient Tea Set","Sundial","Empty Cage","Unceasing Top","Nunchaku","PreservedInsect","Oddly Smooth Stone"],"potions_floor_usage":[12,16,19,31,39,48,50],"damage_taken":[{"damage":0,"enemies":"Small Slimes","floor":1,"turns":3},{"damage":0,"enemies":"Jaw Worm","floor":3,"turns":3},{"damage":0,"enemies":"Cultist","floor":5,"turns":3},{"damage":15,"enemies":"Gremlin Nob","floor":7,"turns":4},{"damage":8,"enemies":"Red Slaver","floor":8,"turns":3},{"damage":0,"enemies":"3 Sentries","floor":11,"turns":5},{"damage":2,"enemies":"Exordium Wildlife","floor":12,"turns":3},{"damage":8,"enemies":"Exordium Thugs","floor":14,"turns":3},{"damage":5,"enemies":"Hexaghost","floor":16,"turns":7},{"damage":0,"enemies":"3 Byrds","floor":18,"turns":4},{"damage":0,"enemies":"Chosen","floor":19,"turns":4},{"damage":0,"enemies":"3 Cultists","floor":21,"turns":5},{"damage":4,"enemies":"Gremlin Leader","floor":24,"turns":7},{"damage":5,"enemies":"Snecko","floor":27,"turns":6},{"damage":0,"enemies":"Sentry and Sphere","floor":28,"turns":6},{"damage":0,"enemies":"Centurion and Healer","floor":30,"turns":4},{"damage":3,"enemies":"Book of Stabbing","floor":31,"turns":3},{"damage":0,"enemies":"Champ","floor":33,"turns":8},{"damage":7,"enemies":"Orb Walker","floor":35,"turns":4},{"damage":8,"enemies":"3 Shapes","floor":37,"turns":4},{"damage":4,"enemies":"2 Orb Walkers","floor":39,"turns":5},{"damage":32,"enemies":"Reptomancer","floor":40,"turns":6},{"damage":0,"enemies":"Nemesis","floor":42,"turns":5},{"damage":0,"enemies":"Sphere and 2 Shapes","floor":47,"turns":5},{"damage":31,"enemies":"Writhing Mass","floor":48,"turns":5},{"damage":6,"enemies":"Donu and Deca","floor":50,"turns":9}],"seed_played":"8143883791546389051","potions_obtained":[{"floor":1,"key":"EssenceOfSteel"},{"floor":5,"key":"Energy Potion"},{"floor":11,"key":"AttackPotion"},{"floor":16,"key":"LiquidBronze"},{"floor":18,"key":"Fire Potion"},{"floor":24,"key":"Block Potion"},{"floor":27,"key":"Weak Potion"},{"floor":30,"key":"FearPotion"},{"floor":39,"key":"LiquidBronze"},{"floor":40,"key":"FocusPotion"},{"floor":42,"key":"EssenceOfSteel"}],"is_trial":false,"path_per_floor":["M","?","M","?","M","$","E","M","T","R","E","M","?","M","R","B",null,"M","M","?","M","?","R","E","?","T","M","M","$","M","E","R","B",null,"M","?","M","?","?","E","R","E","T","?","?","R","M","M","R","B",null],"character_chosen":"DEFECT","items_purchased":["Defragment","Rip and Tear","Block Potion","Defragment"],"campfire_rested":5,"item_purchase_floors":[6,6,6,29],"current_hp_per_floor":[68,53,53,53,53,53,38,30,30,30,30,28,28,20,42,37,66,66,66,66,66,50,50,46,46,46,41,41,41,41,38,60,60,71,64,64,56,46,42,10,32,32,32,23,23,45,45,14,36,30],"gold":89,"neow_bonus":"RANDOM_COMMON_RELIC","is_prod":false,"is_daily":false,"chose_seed":false,"campfire_upgraded":2,"win_rate":0,"timestamp":1541248601,"path_taken":["M","?","M","?","?","?","E","M","T","R","E","M","?","?","R","BOSS","M","M","?","?","?","R","E","?","T","?","M","$","M","E","R","BOSS","M","?","M","?","?","E","R","E","T","?","?","R","?","M","R","BOSS"],"build_version":"2018-11-02","purchased_purges":0,"victory":true,"max_hp_per_floor":[75,75,75,75,75,75,75,75,75,75,75,75,75,75,75,75,75,75,75,75,75,75,75,75,75,75,75,75,75,75,75,75,75,75,75,75,75,75,75,75,75,75,75,75,75,75,75,75,75,75],"card_choices":[{"not_picked":["Compile Driver","Turbo"],"picked":"Chill","floor":1},{"not_picked":["Go for the Eyes","Hologram"],"picked":"Cold Snap","floor":3},{"not_picked":["Barrage","Hello World"],"picked":"Sweeping Beam","floor":5},{"not_picked":["Reprogram","Hologram"],"picked":"Auto Shields","floor":7},{"not_picked":["Genetic Algorithm","Force Field"],"picked":"Coolheaded","floor":8},{"not_picked":["Go for the Eyes","Compile Driver"],"picked":"Gash","floor":11},{"not_picked":["Ball Lightning","Aggregate","Force Field"],"picked":"SKIP","floor":12},{"not_picked":["Force Field","Barrage"],"picked":"Beam Cell","floor":14},{"not_picked":["Multi-Cast","Seek"],"picked":"All For One","floor":16},{"not_picked":["Turbo+1","Beam Cell"],"picked":"Redo","floor":18},{"not_picked":["Storm+1","Self Repair+1"],"picked":"Coolheaded","floor":19},{"not_picked":["Reinforced Body","Barrage","Stack"],"picked":"SKIP","floor":21},{"not_picked":["Go for the Eyes","Leap"],"picked":"FTL+1","floor":24},{"not_picked":["Go for the Eyes","Cold Snap"],"picked":"Gash+1","floor":27},{"not_picked":["Conserve Battery","Core Surge"],"picked":"Hologram","floor":28},{"not_picked":["Conserve Battery","Beam Cell"],"picked":"Coolheaded","floor":30},{"not_picked":["Storm+1","Undo","Doom and Gloom"],"picked":"SKIP","floor":31},{"not_picked":["Multi-Cast","Core Surge"],"picked":"Seek","floor":33},{"not_picked":["Stack+1","Rebound"],"picked":"Hologram","floor":35},{"not_picked":["Beam Cell+1","Sweeping Beam+1"],"picked":"Conserve Battery+1","floor":37},{"not_picked":["Dramatic Entrance","The Bomb"],"picked":"Apotheosis","floor":38},{"not_picked":["Purity","Good Instincts"],"picked":"Blind","floor":38},{"not_picked":["Stack","Loop+1"],"picked":"Hologram+1","floor":39},{"not_picked":["Compile Driver","Turbo+1"],"picked":"Stack+1","floor":40},{"not_picked":["Steam Power+1","Chill+1"],"picked":"Capacitor+1","floor":42},{"not_picked":["Reinforced Body","Leap+1","Undo+1"],"picked":"SKIP","floor":47},{"not_picked":["Redo+1","Compile Driver+1"],"picked":"Gash+1","floor":48}],"player_experience":482596,"relics_obtained":[{"floor":7,"key":"Mercury Hourglass"},{"floor":9,"key":"Shuriken"},{"floor":11,"key":"Lantern"},{"floor":22,"key":"Enchiridion"},{"floor":24,"key":"Pen Nib"},{"floor":26,"key":"Ancient Tea Set"},{"floor":31,"key":"Sundial"},{"floor":39,"key":"Unceasing Top"},{"floor":40,"key":"Nunchaku"},{"floor":42,"key":"PreservedInsect"},{"floor":43,"key":"Oddly Smooth Stone"}],"event_choices":[{"damage_healed":0,"gold_gain":0,"player_choice":"Entered Light","damage_taken":15,"max_hp_gain":0,"max_hp_loss":0,"event_name":"Shining Light","floor":2,"gold_loss":0,"cards_upgraded":["Defend_B","Chill"]},{"damage_healed":0,"gold_gain":0,"player_choice":"Upgraded","damage_taken":0,"max_hp_gain":0,"max_hp_loss":0,"event_name":"Upgrade Shrine","floor":4,"gold_loss":0,"cards_upgraded":["Zap"]},{"cards_removed":["Strike_B"],"damage_healed":0,"gold_gain":0,"player_choice":"Offered Basic","damage_taken":0,"max_hp_gain":0,"max_hp_loss":0,"event_name":"Bonfire Elementals","floor":13,"gold_loss":0},{"damage_healed":0,"gold_gain":0,"player_choice":"Gave Potion","damage_taken":0,"relics_obtained":["Omamori"],"max_hp_gain":0,"max_hp_loss":0,"event_name":"WeMeetAgain","floor":20,"gold_loss":0},{"damage_healed":0,"gold_gain":0,"player_choice":"Obtained Book","damage_taken":16,"max_hp_gain":0,"max_hp_loss":0,"event_name":"Cursed Tome","floor":22,"gold_loss":0},{"damage_healed":0,"gold_gain":100,"player_choice":"Bet on Murderer","damage_taken":0,"max_hp_gain":0,"max_hp_loss":0,"event_name":"The Joust","floor":25,"gold_loss":50},{"cards_removed":["Seek"],"damage_healed":0,"gold_gain":0,"player_choice":"Removed Skill","damage_taken":0,"max_hp_gain":0,"max_hp_loss":0,"event_name":"Falling","floor":36,"gold_loss":0},{"damage_healed":0,"gold_gain":0,"player_choice":"Memory 3","damage_taken":10,"max_hp_gain":0,"max_hp_loss":0,"event_name":"SensoryStone","floor":38,"gold_loss":0},{"damage_healed":0,"gold_gain":0,"player_choice":"Fight","damage_taken":0,"max_hp_gain":0,"max_hp_loss":0,"event_name":"Mysterious Sphere","floor":39,"gold_loss":0},{"damage_healed":0,"gold_gain":0,"player_choice":"Embrace Madness","damage_taken":9,"max_hp_gain":0,"max_hp_loss":0,"event_name":"Winding Halls","floor":44,"gold_loss":0,"cards_obtained":["Madness","Madness"]},{"damage_healed":0,"gold_gain":0,"player_choice":"Copied","damage_taken":0,"max_hp_gain":0,"max_hp_loss":0,"event_name":"Duplicator","floor":45,"gold_loss":0,"cards_obtained":["All For One"]}],"is_beta":true,"boss_relics":[{"not_picked":["Fusion Hammer","Coffee Dripper"],"picked":"Ectoplasm"},{"not_picked":["Runic Pyramid","Velvet Choker"],"picked":"Empty Cage"}],"items_purged_floors":[],"is_endless":false,"potions_floor_spawned":[1,5,11,16,18,24,27,30,39,40,42,47],"ascension_level":10}