{"gold_per_floor":[116,191,35,35,54,82,82,108,108,120,120,45,45,45,45,168,168,182,205,229,229],"floor_reached":21,"playtime":714,"items_purged":["Strike_B"],"score":244,"play_id":"5bdd1050-f17c-40f9-b543-865a3bb1affb","local_time":"20190205030836","is_ascension_mode":true,"campfire_choices":[{"data":"White Noise","floor":7,"key":"SMITH"},{"floor":13,"key":"REST"},{"data":"Sweeping Beam","floor":15,"key":"SMITH"}],"neow_cost":"NONE","seed_source_timestamp":1803047121339000,"circlet_count":0,"master_deck":["Strike_B","Strike_B","Defend_B","Defend_B","Defend_B","Defend_B","Zap","Dualcast","Sweeping Beam+1","Melter","White Noise+1","Conserve Battery","Leap","Rebound","Seek","Reinforced Body","Gash","Gash"],"relics":["Cracked Core","NeowsBlessing","Anchor","Mummified Hand","Kunai","Bottled Flame","Golden Idol","Inserter"],"potions_floor_usage":[8,19],"damage_taken":[{"damage":0,"enemies":"Cultist","floor":1,"turns":1},{"damage":0,"enemies":"Small Slimes","floor":5,"turns":1},{"damage":0,"enemies":"3 Sentries","floor":6,"turns":1},{"damage":33,"enemies":"Gremlin Nob","floor":8,"turns":4},{"damage":0,"enemies":"2 Louse","floor":10,"turns":2},{"damage":32,"enemies":"Hexaghost","floor":16,"turns":10},{"damage":1,"enemies":"Spheric Guardian","floor":18,"turns":3},{"damage":19,"enemies":"Chosen","floor":19,"turns":5},{"damage":24,"enemies":"Snecko","floor":20,"turns":10},{"damage":31,"enemies":"Cultist and Chosen","floor":21,"turns":4}],"seed_played":"-331280562050544989","potions_obtained":[{"floor":6,"key":"Strength Potion"},{"floor":8,"key":"Ancient Potion"},{"floor":10,"key":"SpeedPotion"},{"floor":16,"key":"Block Potion"},{"floor":19,"key":"SkillPotion"}],"is_trial":false,"path_per_floor":["M","?","$","?","M","E","R","E","T","M","?","$","R","$","R","B",null,"M","M","M","M"],"character_chosen":"DEFECT","items_purchased":["Anchor"],"campfire_rested":1,"item_purchase_floors":[3],"current_hp_per_floor":[75,64,64,64,64,64,64,31,31,31,31,31,51,51,51,19,69,68,49,25,0],"gold":229,"neow_bonus":"THREE_ENEMY_KILL","is_prod":false,"is_daily":false,"chose_seed":false,"campfire_upgraded":2,"win_rate":0,"timestamp":1549354116,"path_taken":["M","?","$","?","M","E","R","E","T","M","?","?","R","?","R","BOSS","M","M","M","M"],"build_version":"2019-01-23","purchased_purges":1,"victory":false,"max_hp_per_floor":[75,75,75,75,75,75,75,75,75,75,69,69,69,69,69,69,69,69,69,69,69],"card_choices":[{"not_picked":["Rebound","Hologram"],"picked":"Sweeping Beam","floor":1},{"not_picked":["Double Energy","BootSequence"],"picked":"White Noise","floor":5},{"not_picked":["Steam","Defragment"],"picked":"Conserve Battery","floor":6},{"not_picked":["Fusion","Beam Cell"],"picked":"Leap","floor":8},{"not_picked":["Beam Cell","Turbo"],"picked":"Rebound","floor":10},{"not_picked":["Biased Cognition","Rainbow"],"picked":"Seek","floor":16},{"not_picked":["Steam","Hologram"],"picked":"Reinforced Body","floor":18},{"not_picked":["Leap","Redo"],"picked":"Gash","floor":19},{"not_picked":["Reprogram+1","Genetic Algorithm"],"picked":"Gash","floor":20}],"player_experience":233250,"relics_obtained":[{"floor":6,"key":"Mummified Hand"},{"floor":8,"key":"Kunai"},{"floor":9,"key":"Bottled Flame"}],"event_choices":[{"damage_healed":0,"gold_gain":75,"player_choice":"Gather Gold","damage_taken":11,"max_hp_gain":0,"max_hp_loss":0,"event_name":"World of Goop","floor":2,"gold_loss":0},{"damage_healed":0,"gold_gain":0,"cards_transformed":["Strike_B"],"player_choice":"Change","damage_taken":0,"max_hp_gain":0,"max_hp_loss":0,"event_name":"Living Wall","floor":4,"gold_loss":0,"cards_obtained":["Melter"]},{"damage_healed":0,"gold_gain":0,"player_choice":"Lose Max HP","damage_taken":0,"relics_obtained":["Golden Idol"],"max_hp_gain":0,"max_hp_loss":6,"event_name":"Golden Idol","floor":11,"gold_loss":0}],"is_beta":false,"boss_relics":[{"not_picked":["FrozenCore","Fusion Hammer"],"picked":"Inserter"}],"items_purged_floors":[12],"is_endless":false,"potions_floor_spawned":[6,8,10,16,18,19],"killed_by":"Cultist and Chosen","ascension_level":3}