{"gold_per_floor":[114,129,148,223,398,411,301,301,301,301,328,340,340,356,356,356],"floor_reached":16,"playtime":583,"items_purged":["Doubt"],"score":102,"play_id":"877ffa89-7c9d-423f-8a0e-6825b83625e6","local_time":"20190206105200","is_ascension_mode":false,"campfire_choices":[{"floor":8,"key":"REST"},{"floor":13,"key":"REST"},{"floor":15,"key":"REST"}],"neow_cost":"PERCENT_DAMAGE","seed_source_timestamp":172192728731065,"circlet_count":0,"master_deck":["Defend_G","Defend_G","Defend_G","Defend_G","Strike_G","Strike_G","Strike_G","Strike_G","Survivor","Neutralize","Backflip","Heel Hook","Calculated Gamble","Noxious Fumes","Prepared","Die Die Die","Well Laid Plans"],"relics":["Ring of the Snake","Dodecahedron","FaceOfCleric","Shuriken"],"potions_floor_usage":[11,16,16],"damage_taken":[{"damage":6,"enemies":"Cultist","floor":1,"turns":4},{"damage":3,"enemies":"Small Slimes","floor":2,"turns":4},{"damage":0,"enemies":"2 Louse","floor":3,"turns":3},{"damage":5,"enemies":"Red Slaver","floor":6,"turns":6},{"damage":28,"enemies":"Gremlin Nob","floor":11,"turns":5},{"damage":5,"enemies":"Looter","floor":12,"turns":4},{"damage":4,"enemies":"Blue Slaver","floor":14,"turns":3},{"damage":55,"enemies":"Hexaghost","floor":16,"turns":11}],"seed_played":"-7165492042398170607","potions_obtained":[{"floor":6,"key":"SteroidPotion"},{"floor":12,"key":"Energy Potion"},{"floor":14,"key":"Fire Potion"}],"is_trial":false,"path_per_floor":["M","M","M","?","?","M","$","R","T","?","E","M","R","M","R","B"],"character_chosen":"THE_SILENT","items_purchased":["Noxious Fumes"],"campfire_rested":3,"item_purchase_floors":[7],"current_hp_per_floor":[43,40,40,29,29,24,24,45,45,45,18,14,35,32,53,0],"gold":356,"neow_bonus":"REMOVE_TWO","is_prod":false,"is_daily":false,"chose_seed":false,"campfire_upgraded":0,"win_rate":0.0,"timestamp":1549421520,"path_taken":["M","?","M","?","?","M","$","R","T","?","E","M","R","?","R","BOSS"],"build_version":"2019-01-23","purchased_purges":1,"victory":false,"max_hp_per_floor":[70,70,70,70,70,70,70,70,70,70,71,72,72,73,73,73],"card_choices":[{"not_picked":["Acrobatics","Underhanded Strike"],"picked":"Backflip","floor":1},{"not_picked":["PiercingWail","Sucker Punch"],"picked":"Heel Hook","floor":2},{"not_picked":["Deflect","Cloak And Dagger"],"picked":"Calculated Gamble","floor":3},{"not_picked":["Underhanded Strike","Dash","Slice"],"picked":"SKIP","floor":6},{"not_picked":["Flying Knee","PiercingWail"],"picked":"Prepared","floor":11},{"not_picked":["Bane","Leg Sweep"],"picked":"Die Die Die","floor":12},{"not_picked":["Predator","Slice"],"picked":"Well Laid Plans","floor":14}],"player_experience":201547,"relics_obtained":[{"floor":9,"key":"Dodecahedron"},{"floor":11,"key":"Shuriken"}],"event_choices":[{"damage_healed":0,"gold_gain":75,"player_choice":"Gather Gold","damage_taken":11,"max_hp_gain":0,"max_hp_loss":0,"event_name":"World of Goop","floor":4,"gold_loss":0},{"damage_healed":0,"gold_gain":175,"player_choice":"AGREE","damage_taken":0,"max_hp_gain":0,"max_hp_loss":0,"event_name":"Liars Game","floor":5,"gold_loss":0,"cards_obtained":["Doubt"]},{"damage_healed":0,"gold_gain":0,"player_choice":"Trade","damage_taken":0,"relics_obtained":["FaceOfCleric"],"max_hp_gain":0,"max_hp_loss":0,"event_name":"FaceTrader","floor":10,"gold_loss":0}],"is_beta":false,"boss_relics":[],"items_purged_floors":[7],"is_endless":false,"potions_floor_spawned":[6,12,14],"killed_by":"Hexaghost","ascension_level":0}