{"gold_per_floor":[115,135,135,150,150,150,175,175,175,201,201,126,126,140,140,140],"floor_reached":16,"playtime":661,"items_purged":["Defend_R"],"score":130,"play_id":"8f44073a-7fbd-4669-9849-88bed698d86c","local_time":"20180927101057","is_ascension_mode":true,"campfire_choices":[{"data":"Armaments","floor":6,"key":"SMITH"},{"data":"True Grit","floor":8,"key":"SMITH"},{"data":"Flex","floor":13,"key":"SMITH"},{"data":"Iron Wave","floor":15,"key":"SMITH"}],"neow_cost":"NONE","seed_source_timestamp":42348928593493,"circlet_count":0,"master_deck":["Strike_R","Strike_R","Strike_R","Strike_R","Defend_R","Defend_R","Bash","Iron Wave+1","Flex+1","Armaments+1","True Grit+1","Shrug It Off"],"relics":["Burning Blood","Molten Egg 2","Anchor","PreservedInsect","Orichalcum"],"potions_floor_usage":[16],"damage_taken":[{"damage":10,"enemies":"Jaw Worm","floor":1,"turns":5},{"damage":0,"enemies":"Small Slimes","floor":2,"turns":3},{"damage":0,"enemies":"Cultist","floor":4,"turns":2},{"damage":30,"enemies":"Lagavulin","floor":7,"turns":6},{"damage":7,"enemies":"Gremlin Nob","floor":10,"turns":3},{"damage":1,"enemies":"Exordium Thugs","floor":14,"turns":5},{"damage":67,"enemies":"Slime Boss","floor":16,"turns":11}],"seed_played":"-7218639916796286657","potions_obtained":[{"floor":4,"key":"FearPotion"},{"floor":7,"key":"Energy Potion"},{"floor":10,"key":"Block Potion"}],"is_trial":false,"path_per_floor":["M","M","?","M","T","R","E","R","T","E","?","$","R","M","R"],"character_chosen":"IRONCLAD","items_purchased":[],"campfire_rested":0,"item_purchase_floors":[],"current_hp_per_floor":[76,80,85,85,85,85,61,61,61,60,53,53,53,58,58,0],"gold":140,"neow_bonus":"REMOVE_CARD","is_prod":false,"is_daily":false,"chose_seed":false,"campfire_upgraded":4,"win_rate":0,"timestamp":1538035857,"path_taken":["M","M","?","?","?","R","E","R","T","E","?","$","R","M","R","BOSS"],"build_version":"2018-09-25","purchased_purges":1,"victory":false,"max_hp_per_floor":[80,80,85,85,85,85,85,85,85,85,85,85,85,85,85,85],"card_choices":[{"not_picked":["Corruption","Body Slam"],"picked":"Iron Wave","floor":1},{"not_picked":["Intimidate","Havoc"],"picked":"Flex","floor":2},{"not_picked":["Cleave","Thunderclap"],"picked":"Armaments","floor":4},{"not_picked":["Armaments","Perfected Strike+1"],"picked":"True Grit","floor":7},{"not_picked":["True Grit","Entrench"],"picked":"Shrug It Off","floor":10},{"not_picked":["Armaments","Havoc","Burning Pact"],"picked":"SKIP","floor":14}],"player_experience":126328,"relics_obtained":[{"floor":5,"key":"Molten Egg 2"},{"floor":7,"key":"Anchor"},{"floor":9,"key":"PreservedInsect"},{"floor":10,"key":"Orichalcum"}],"event_choices":[{"event_name":"Big Fish","player_choice":"Donut","floor":3,"damage_taken":0},{"event_name":"Golden Wing","player_choice":"Card Removal","floor":11,"damage_taken":0}],"is_beta":true,"boss_relics":[],"items_purged_floors":[12],"is_endless":false,"potions_floor_spawned":[4,7,10],"killed_by":"Slime Boss","ascension_level":4}