{"gold_per_floor":[115,115,130,130,20,48,48,60,60,10,36,36,36,50,50,146,146,158,158,83,94,24,24,24,24,24,42,42,56,56,71,71,172,172,186,35,35,47,47,67,78,78,104,122,122,154,167,194,194,194],"floor_reached":51,"playtime":1968,"items_purged":["Deflect+1"],"score":1082,"play_id":"f827fd89-b7ec-4a33-907c-ae5b161f0d96","local_time":"20190130004415","is_ascension_mode":true,"campfire_choices":[{"data":"Neutralize","floor":7,"key":"SMITH"},{"floor":12,"key":"REST"},{"data":"Catalyst","floor":15,"key":"SMITH"},{"floor":23,"key":"REST"},{"data":"Footwork","floor":28,"key":"SMITH"},{"floor":30,"key":"REST"},{"data":"Bouncing Flask","floor":32,"key":"SMITH"},{"data":"Noxious Fumes","floor":42,"key":"SMITH"},{"data":"Noxious Fumes","floor":45,"key":"SMITH"},{"data":"Crippling Poison","floor":49,"key":"SMITH"}],"neow_cost":"NONE","seed_source_timestamp":41923173391397,"circlet_count":0,"master_deck":["Defend_G+1","Defend_G+1","Defend_G+1","Defend_G+1","Defend_G+1","Strike_G+1","Strike_G+1","Strike_G+1","Survivor","Neutralize+1","Acrobatics","Leg Sweep+1","Catalyst+1","Bullet Time","Predator+1","Catalyst+1","Crippling Poison+1","Crippling Poison","Bouncing Flask+1","Footwork+1","Caltrops","Corpse Explosion","Noxious Fumes+1","Noxious Fumes+1","Eviscerate+1","PiercingWail+1","After Image"],"relics":["Ring of the Serpent","NeowsBlessing","WarpedTongs","Spirit Poop","War Paint","Molten Egg 2","Pantograph","Omamori","Snecko Eye","Singing Bowl","Dream Catcher","Toxic Egg 2","Bottled Lightning"],"potions_floor_usage":[11,11,16,21,27,33,33,41,50,50,50],"damage_taken":[{"damage":0,"enemies":"2 Louse","floor":1,"turns":1},{"damage":1,"enemies":"Cultist","floor":3,"turns":1},{"damage":0,"enemies":"Lagavulin","floor":6,"turns":1},{"damage":0,"enemies":"Jaw Worm","floor":8,"turns":4},{"damage":22,"enemies":"3 Sentries","floor":11,"turns":13},{"damage":6,"enemies":"Exordium Thugs","floor":14,"turns":8},{"damage":27,"enemies":"The Guardian","floor":16,"turns":10},{"damage":9,"enemies":"Chosen","floor":18,"turns":13},{"damage":13,"enemies":"2 Thieves","floor":20,"turns":5},{"damage":19,"enemies":"Snake Plant","floor":21,"turns":5},{"damage":19,"enemies":"Centurion and Healer","floor":27,"turns":6},{"damage":0,"enemies":"Chosen and Byrds","floor":29,"turns":7},{"damage":12,"enemies":"3 Cultists","floor":31,"turns":7},{"damage":28,"enemies":"Collector","floor":33,"turns":6},{"damage":0,"enemies":"3 Shapes","floor":35,"turns":2},{"damage":0,"enemies":"Orb Walker","floor":38,"turns":4},{"damage":0,"enemies":"Maw","floor":40,"turns":5},{"damage":3,"enemies":"Sphere and 2 Shapes","floor":41,"turns":4},{"damage":0,"enemies":"Spire Growth","floor":44,"turns":3},{"damage":0,"enemies":"Giant Head","floor":46,"turns":4},{"damage":0,"enemies":"Maw","floor":47,"turns":5},{"damage":0,"enemies":"Nemesis","floor":48,"turns":3},{"damage":16,"enemies":"Awakened One","floor":50,"turns":9}],"seed_played":"-2832339585515859946","potions_obtained":[{"floor":1,"key":"LiquidBronze"},{"floor":8,"key":"EntropicBrew"},{"floor":14,"key":"Poison Potion"},{"floor":16,"key":"Dexterity Potion"},{"floor":27,"key":"Explosive Potion"},{"floor":29,"key":"SteroidPotion"},{"floor":33,"key":"Energy Potion"},{"floor":35,"key":"Weak Potion"},{"floor":41,"key":"FearPotion"}],"is_trial":false,"path_per_floor":["M","?","M","?","$","E","R","M","T","?","E","R","$","M","R","B",null,"M","?","M","M","$","R","?","?","T","M","R","M","R","M","R","B",null,"M","$","?","M","T","M","M","R","T","M","R","E","M","E","R","B",null],"character_chosen":"THE_SILENT","items_purchased":["Leg Sweep","Catalyst","Bouncing Flask","Noxious Fumes"],"campfire_rested":3,"item_purchase_floors":[5,5,22,36],"current_hp_per_floor":[63,63,62,62,62,62,62,62,62,62,40,61,61,55,55,43,63,54,54,41,34,34,55,55,55,55,36,36,36,57,45,45,42,63,63,63,63,63,63,65,64,64,64,66,66,66,66,66,66,60],"gold":194,"neow_bonus":"THREE_ENEMY_KILL","is_prod":false,"is_daily":false,"chose_seed":false,"campfire_upgraded":7,"win_rate":0,"timestamp":1548827055,"path_taken":["M","?","?","?","?","E","R","M","T","?","E","R","$","?","R","BOSS","M","?","?","M","$","R","?","?","T","M","R","M","R","M","R","BOSS","M","$","?","M","?","M","M","R","T","M","R","E","?","E","R","BOSS"],"build_version":"2019-01-23","purchased_purges":1,"victory":true,"max_hp_per_floor":[70,70,70,70,70,70,70,70,70,70,70,70,70,70,70,70,70,70,70,70,70,70,70,70,70,70,70,70,70,70,70,70,70,70,70,70,70,70,70,72,74,74,74,76,76,76,76,76,76,76],"card_choices":[{"not_picked":["Terror","Bane"],"picked":"Deflect","floor":1},{"not_picked":["Bane","Flying Knee"],"picked":"Acrobatics","floor":3},{"not_picked":["Flying Knee","All Out Attack","Deflect"],"picked":"SKIP","floor":6},{"not_picked":["Leg Sweep","Backflip","Prepared"],"picked":"SKIP","floor":8},{"not_picked":["Unload+1","Acrobatics","Flying Knee+1"],"picked":"SKIP","floor":11},{"not_picked":["Heel Hook+1","Expertise","Acrobatics"],"picked":"SKIP","floor":14},{"not_picked":["Doppelganger","Storm of Steel"],"picked":"Bullet Time","floor":16},{"not_picked":["Leg Sweep+1","Acrobatics"],"picked":"Predator+1","floor":18},{"not_picked":["Predator+1","Quick Slash+1"],"picked":"Crippling Poison","floor":20},{"not_picked":["Riddle With Holes+1","Blade Dance"],"picked":"Crippling Poison","floor":21},{"not_picked":["Cloak And Dagger+1","Bane+1"],"picked":"Footwork","floor":27},{"not_picked":["Dodge and Roll","Dagger Throw+1"],"picked":"Caltrops","floor":29},{"not_picked":["Predator+1","Reflex+1","Acrobatics+1"],"picked":"SKIP","floor":31},{"not_picked":["Night Terror","After Image"],"picked":"Corpse Explosion","floor":33},{"not_picked":["Dodge and Roll","Cloak And Dagger","Slice+1"],"picked":"SKIP","floor":35},{"not_picked":["Distraction","Concentrate"],"picked":"Noxious Fumes","floor":38},{"not_picked":["Terror+1","Outmaneuver","Slice+1"],"picked":"Singing Bowl","floor":40},{"not_picked":["Finisher+1","Bane+1","Distraction"],"picked":"Singing Bowl","floor":41},{"not_picked":["Skewer+1","Expertise","Slice+1"],"picked":"Singing Bowl","floor":44},{"not_picked":["Envenom","Venomology"],"picked":"Eviscerate+1","floor":46},{"not_picked":["Slice+1","Deflect+1"],"picked":"PiercingWail+1","floor":47},{"not_picked":["Blade Dance+1","Prepared+1"],"picked":"After Image","floor":48}],"player_experience":169157,"relics_obtained":[{"floor":6,"key":"War Paint"},{"floor":9,"key":"Molten Egg 2"},{"floor":11,"key":"Pantograph"},{"floor":26,"key":"Omamori"},{"floor":39,"key":"Singing Bowl"},{"floor":43,"key":"Dream Catcher"},{"floor":46,"key":"Toxic Egg 2"},{"floor":48,"key":"Bottled Lightning"}],"event_choices":[{"damage_healed":0,"gold_gain":0,"player_choice":"Rummage","damage_taken":0,"relics_obtained":["WarpedTongs"],"max_hp_gain":0,"max_hp_loss":0,"event_name":"Accursed Blacksmith","floor":2,"gold_loss":0,"cards_obtained":["Pain"]},{"cards_removed":["Pain"],"damage_healed":0,"gold_gain":0,"player_choice":"Offered Curse","damage_taken":0,"relics_obtained":["Spirit Poop"],"max_hp_gain":0,"max_hp_loss":0,"event_name":"Bonfire Elementals","floor":4,"gold_loss":0},{"cards_removed":["Strike_G"],"damage_healed":0,"gold_gain":0,"player_choice":"Card Removal","damage_taken":0,"max_hp_gain":0,"max_hp_loss":0,"event_name":"The Cleric","floor":10,"gold_loss":50},{"damage_healed":0,"gold_gain":0,"player_choice":"Copied","damage_taken":0,"max_hp_gain":0,"max_hp_loss":0,"event_name":"Duplicator","floor":19,"gold_loss":0,"cards_obtained":["Catalyst"]},{"damage_healed":0,"gold_gain":0,"player_choice":"Simplicity","damage_taken":0,"max_hp_gain":0,"max_hp_loss":0,"event_name":"Back to Basics","floor":24,"gold_loss":0,"cards_upgraded":["Defend_G","Defend_G","Defend_G","Defend_G","Defend_G","Strike_G","Strike_G","Strike_G","Strike_G"]},{"damage_healed":0,"gold_gain":0,"player_choice":"Ignored","damage_taken":0,"max_hp_gain":0,"max_hp_loss":0,"event_name":"Beggar","floor":25,"gold_loss":0},{"cards_removed":["Strike_G"],"damage_healed":0,"gold_gain":0,"player_choice":"Removed Attack","damage_taken":0,"max_hp_gain":0,"max_hp_loss":0,"event_name":"Falling","floor":37,"gold_loss":0}],"is_beta":false,"boss_relics":[{"not_picked":["Orrery","Tiny House"],"picked":"Ring of the Serpent"},{"not_picked":["HoveringKite","Fusion Hammer"],"picked":"Snecko Eye"}],"items_purged_floors":[36],"is_endless":false,"potions_floor_spawned":[1,8,14,16,27,29,33,35,40,41,48],"ascension_level":7}