{"gold_per_floor":[361,372,386,386,22,22,97,97,121,156,156,0,15,44,44,44],"floor_reached":16,"playtime":1063,"items_purged":["Strike_R"],"score":119,"play_id":"0a043238-2dd4-407f-890b-e31be926413b","local_time":"20180702231916","is_ascension_mode":true,"campfire_choices":[{"floor":6,"key":"DIG"},{"floor":8,"key":"DIG"},{"floor":15,"key":"REST"}],"neow_cost":"TEN_PERCENT_HP_LOSS","seed_source_timestamp":236441715522,"circlet_count":0,"master_deck":["Strike_R","Strike_R","Strike_R","Strike_R","Defend_R","Defend_R","Defend_R","Bash","Burning Pact","Shockwave","Corruption+1","Reaper","Havoc","Bandage Up","Inflame","Feel No Pain"],"relics":["Burning Blood","Shovel","Omamori","Pen Nib","Vajra","Bag of Preparation","Boot"],"potions_floor_usage":[10,10,14,16],"damage_taken":[{"damage":2,"enemies":"Jaw Worm","floor":1,"turns":3},{"damage":11,"enemies":"Cultist","floor":2,"turns":4},{"damage":12,"enemies":"Small Slimes","floor":3,"turns":4},{"damage":23,"enemies":"3 Sentries","floor":10,"turns":10},{"damage":18,"enemies":"2 Fungi Beasts","floor":13,"turns":5},{"damage":24,"enemies":"Gremlin Nob","floor":14,"turns":4},{"damage":52,"enemies":"The Guardian","floor":16,"turns":8}],"seed_played":"8566958173258421972","potions_obtained":[{"floor":2,"key":"SpeedPotion"},{"floor":3,"key":"Explosive Potion"},{"floor":13,"key":"FearPotion"},{"floor":14,"key":"Poison Potion"}],"is_trial":false,"path_per_floor":["M","M","M","?","$","R","?","R","T","E","?","$","M","E","R"],"character_chosen":"IRONCLAD","items_purchased":["Shovel","Havoc","Bandage Up"],"campfire_rested":1,"item_purchase_floors":[5,12,12],"current_hp_per_floor":[72,67,61,61,61,61,50,50,50,33,26,26,28,15,36,0],"gold":44,"neow_bonus":"TWO_FIFTY_GOLD","is_prod":false,"is_daily":false,"chose_seed":false,"campfire_upgraded":0,"win_rate":0,"timestamp":1530566356,"path_taken":["M","M","M","?","$","R","?","R","T","E","?","$","M","E","R","BOSS"],"build_version":"2018-06-28","purchased_purges":1,"victory":false,"max_hp_per_floor":[72,72,72,72,72,72,72,72,72,72,72,72,72,72,72,72],"card_choices":[{"not_picked":["Pommel Strike","Armaments"],"picked":"Burning Pact","floor":1},{"not_picked":["Heavy Blade","Perfected Strike"],"picked":"Shockwave","floor":2},{"not_picked":["Whirlwind","Shrug It Off"],"picked":"Corruption","floor":3},{"not_picked":["Twin Strike","Iron Wave"],"picked":"Reaper","floor":10},{"not_picked":["Havoc","True Grit"],"picked":"Inflame","floor":13},{"not_picked":["Spot Weakness","True Grit"],"picked":"Feel No Pain","floor":14}],"player_experience":233479,"relics_obtained":[{"floor":6,"key":"Omamori"},{"floor":8,"key":"Pen Nib"},{"floor":9,"key":"Vajra"},{"floor":10,"key":"Bag of Preparation"},{"floor":14,"key":"Boot"}],"event_choices":[{"event_name":"Living Wall","player_choice":"Grow","floor":4,"damage_taken":0},{"event_name":"World of Goop","player_choice":"Gather Gold","floor":7,"damage_taken":0},{"event_name":"Golden Wing","player_choice":"Card Removal","floor":11,"damage_taken":0}],"boss_relics":[],"items_purged_floors":[5],"is_endless":false,"potions_floor_spawned":[2,3,13,14],"killed_by":"The Guardian","ascension_level":2}