{"gold_per_floor":[117,117,117,133,133,133,150,150,150,170,170,13,13,41,41,117,117,132,146,61,71,85,85,119,119,119,135,50,69,69,69,69,143,143,162,172,97,97,117,117,128,141,141,141],"floor_reached":44,"playtime":1573,"items_purged":["Strike_G"],"score":887,"play_id":"b3450070-4166-41b7-b0c3-3fae7d681a81","local_time":"20190205031058","is_ascension_mode":true,"campfire_choices":[{"data":"Neutralize","floor":6.0,"key":"SMITH"},{"data":"Terror","floor":8.0,"key":"SMITH"},{"floor":11.0,"key":"REST"},{"data":"Noxious Fumes","floor":13.0,"key":"SMITH"},{"data":"Catalyst","floor":15.0,"key":"SMITH"},{"floor":23.0,"key":"REST"},{"floor":25.0,"key":"REST"},{"data":"Well Laid Plans","floor":30.0,"key":"SMITH"},{"data":"Noxious Fumes","floor":32.0,"key":"SMITH"},{"floor":40.0,"key":"REST"}],"neow_cost":"NONE","seed_source_timestamp":35493807606600,"circlet_count":0,"master_deck":["AscendersBane","Defend_G","Defend_G","Defend_G","Defend_G","Defend_G","Strike_G","Strike_G","Survivor+1","Neutralize+1","Predator+1","Terror+1","Backstab","Malaise","Noxious Fumes+1","Catalyst+1","Well Laid Plans","Burst","Bouncing Flask","Well Laid Plans+1","Noxious Fumes+1","Noxious Fumes","Footwork+1","Leg Sweep","Corpse Explosion","Backstab","Terror+1","Catalyst+1","After Image+1"],"special_seed":0,"relics":["Ring of the Serpent","Gambling Chip","Ancient Tea Set","Velvet Choker","Frozen Egg 2","Shuriken","Pantograph","Ninja Scroll"],"potions_floor_usage":[44],"damage_taken":[{"damage":1.0,"enemies":"2 Louse","floor":1.0,"turns":3.0},{"damage":0.0,"enemies":"Jaw Worm","floor":4.0,"turns":4.0},{"damage":0.0,"enemies":"Cultist","floor":7.0,"turns":3.0},{"damage":2.0,"enemies":"Lots of Slimes","floor":10.0,"turns":4.0},{"damage":17.0,"enemies":"3 Sentries","floor":14.0,"turns":6.0},{"damage":2.0,"enemies":"Hexaghost","floor":16.0,"turns":7.0},{"damage":11.0,"enemies":"Shell Parasite","floor":18.0,"turns":4.0},{"damage":3.0,"enemies":"Spheric Guardian","floor":19.0,"turns":3.0},{"damage":7.0,"enemies":"Snake Plant","floor":21.0,"turns":4.0},{"damage":16.0,"enemies":"Chosen and Byrds","floor":22.0,"turns":6.0},{"damage":53.0,"enemies":"Slavers","floor":24.0,"turns":4.0},{"damage":4.0,"enemies":"Cultist and Chosen","floor":27.0,"turns":3.0},{"damage":11.0,"enemies":"Snake Plant","floor":29.0,"turns":4.0},{"damage":16.0,"enemies":"Automaton","floor":33.0,"turns":7.0},{"damage":8.0,"enemies":"Orb Walker","floor":35.0,"turns":3.0},{"damage":19.0,"enemies":"3 Darklings","floor":36.0,"turns":3.0},{"damage":12.0,"enemies":"Spire Growth","floor":39.0,"turns":5.0},{"damage":4.0,"enemies":"Writhing Mass","floor":41.0,"turns":6.0},{"damage":29.0,"enemies":"Sphere and 2 Shapes","floor":42.0,"turns":5.0},{"damage":21,"enemies":"Giant Head","floor":44,"turns":6}],"seed_played":"-6148866503423476766","potions_obtained":[{"floor":4.0,"key":"AttackPotion"},{"floor":14.0,"key":"LiquidBronze"},{"floor":16.0,"key":"FairyPotion"},{"floor":21.0,"key":"GhostInAJar"},{"floor":24.0,"key":"Swift Potion"},{"floor":29.0,"key":"EssenceOfSteel"},{"floor":36.0,"key":"FearPotion"}],"is_trial":false,"path_per_floor":["M","?","?","M","?","R","M","R","T","M","R","$","R","E","R","B",null,"M","M","$","M","M","R","E","R","T","M","?","M","R","?","R","B",null,"M","M","$","?","M","R","M","M","T","E"],"character_chosen":"THE_SILENT","items_purchased":["Noxious Fumes","Catalyst","Well Laid Plans"],"campfire_rested":4,"item_purchase_floors":[12,12,20],"current_hp_per_floor":[58,38,43,43,43,43,43,43,43,41,62,62,62,45,45,43,64,53,50,50,43,27,48,7,28,28,24,24,13,13,13,13,22,59,51,32,32,32,20,41,37,8,8,0],"gold":141,"neow_bonus":"TRANSFORM_CARD","is_prod":false,"is_daily":false,"chose_seed":false,"campfire_upgraded":6,"win_rate":0,"timestamp":1549329058,"path_taken":["M","?","?","M","?","R","M","R","T","?","R","$","R","E","R","BOSS","M","M","?","M","?","R","E","R","T","M","?","M","R","?","R","BOSS","M","M","$","?","M","R","M","M","T","E"],"build_version":"2019-01-23","purchased_purges":1,"victory":false,"max_hp_per_floor":[66,66,71,71,71,71,71,71,71,71,71,71,71,71,71,71,71,71,71,71,71,71,71,71,71,71,71,71,71,71,71,71,71,71,71,71,71,71,71,71,71,71,71,71],"card_choices":[{"not_picked":["Sucker Punch","Backflip","Slice"],"picked":"SKIP","floor":1.0},{"not_picked":["Prepared","Backflip"],"picked":"Terror","floor":4.0},{"not_picked":["Acrobatics","Dagger Throw"],"picked":"Backstab","floor":7.0},{"not_picked":["Deflect","Endless Agony"],"picked":"Malaise","floor":10.0},{"not_picked":["Dagger Spray","Underhanded Strike"],"picked":"Well Laid Plans","floor":14.0},{"not_picked":["Bullet Time","A Thousand Cuts"],"picked":"Burst","floor":16.0},{"not_picked":["Skewer","Dagger Throw"],"picked":"Bouncing Flask","floor":18.0},{"not_picked":["Calculated Gamble","Underhanded Strike","Dodge and Roll"],"picked":"SKIP","floor":19.0},{"not_picked":["Deadly Poison","Slice"],"picked":"Noxious Fumes","floor":21.0},{"not_picked":["Skewer","Dash"],"picked":"Noxious Fumes","floor":22.0},{"not_picked":["Cloak And Dagger","Quick Slash"],"picked":"Footwork","floor":24.0},{"not_picked":["Deflect","Terror"],"picked":"Leg Sweep","floor":27.0},{"not_picked":["Sucker Punch","Dagger Spray+1","Blade Dance"],"picked":"SKIP","floor":29.0},{"not_picked":["Night Terror","Burst"],"picked":"Corpse Explosion","floor":33.0},{"not_picked":["Deflect","Quick Slash+1","Slice"],"picked":"SKIP","floor":35.0},{"not_picked":["Flying Knee","Deflect"],"picked":"Backstab","floor":36.0},{"not_picked":["Distraction","Sucker Punch"],"picked":"Terror+1","floor":39.0},{"not_picked":["Setup+1","Flying Knee"],"picked":"Catalyst+1","floor":41.0},{"not_picked":["Slice","Eviscerate"],"picked":"After Image+1","floor":42.0}],"player_experience":616442,"relics_obtained":[{"floor":9.0,"key":"Gambling Chip"},{"floor":14.0,"key":"Ancient Tea Set"},{"floor":24.0,"key":"Frozen Egg 2"},{"floor":26.0,"key":"Shuriken"},{"floor":43.0,"key":"Ninja Scroll"}],"event_choices":[{"damage_healed":0.0,"max_hp_gain":0.0,"max_hp_loss":0.0,"gold_gain":0.0,"event_name":"Shining Light","player_choice":"Entered Light","floor":2.0,"gold_loss":0.0,"damage_taken":20.0,"cards_upgraded":["Survivor","Strike_G"]},{"damage_healed":0.0,"max_hp_gain":5.0,"max_hp_loss":0.0,"gold_gain":0.0,"event_name":"Big Fish","player_choice":"Donut","floor":3.0,"gold_loss":0.0,"damage_taken":0.0},{"damage_healed":0.0,"max_hp_gain":0.0,"max_hp_loss":0.0,"gold_gain":0.0,"event_name":"Accursed Blacksmith","player_choice":"Forge","floor":5.0,"gold_loss":0.0,"damage_taken":0.0,"cards_upgraded":["Predator"]},{"damage_healed":0.0,"max_hp_gain":0.0,"max_hp_loss":0.0,"gold_gain":0.0,"event_name":"Addict","player_choice":"Obtained Relic","floor":28.0,"gold_loss":85.0,"damage_taken":0.0,"relics_obtained":["Pantograph"]},{"damage_healed":0.0,"max_hp_gain":0.0,"max_hp_loss":0.0,"gold_gain":0.0,"event_name":"Ghosts","player_choice":"Ignored","floor":31.0,"gold_loss":0.0,"damage_taken":0.0},{"cards_removed":["Strike_G"],"damage_healed":0.0,"max_hp_gain":0.0,"max_hp_loss":0.0,"gold_gain":0.0,"event_name":"Falling","player_choice":"Removed Attack","floor":38.0,"gold_loss":0.0,"damage_taken":0.0}],"is_beta":false,"boss_relics":[{"not_picked":["Fusion Hammer","Runic Dome"],"picked":"Velvet Choker"},{"not_picked":["Snecko Eye","Pandora\u0027s Box"],"picked":"Ring of the Serpent"}],"items_purged_floors":[37],"is_endless":false,"potions_floor_spawned":[4,14,16,19,21,24,29,36],"killed_by":"Giant Head","ascension_level":19}