{"gold_per_floor":[112,112,124,138,200,200,212,137,137,163,181,136],"floor_reached":12,"playtime":422,"items_purged":["Strike_G"],"score":80,"play_id":"55f44ffa-aa4c-4922-82dc-a98230b9cdc2","local_time":"20190205154500","is_ascension_mode":false,"campfire_choices":[{"floor":6,"key":"REST"}],"neow_cost":"PERCENT_DAMAGE","seed_source_timestamp":103535394643208,"circlet_count":0,"master_deck":["Defend_G","Defend_G","Defend_G","Defend_G","Defend_G","Strike_G","Strike_G","Strike_G","Strike_G","Survivor","Neutralize","Deep Breath","Finesse","Infinite Blades","Accuracy","Predator","Footwork","Backflip"],"relics":["Ring of the Snake","Blue Candle","Ancient Tea Set","Blood Vial"],"potions_floor_usage":[7,10,10],"damage_taken":[{"damage":6,"enemies":"Jaw Worm","floor":1,"turns":3},{"damage":4,"enemies":"2 Louse","floor":3,"turns":2},{"damage":1,"enemies":"Cultist","floor":4,"turns":4},{"damage":7,"enemies":"Red Slaver","floor":7,"turns":4},{"damage":22,"enemies":"Gremlin Nob","floor":10,"turns":5},{"damage":3,"enemies":"Exordium Wildlife","floor":11,"turns":7},{"damage":27,"enemies":"Exordium Thugs","floor":12,"turns":3}],"seed_played":"4657237210707968075","potions_obtained":[{"floor":1,"key":"EssenceOfSteel"},{"floor":4,"key":"Explosive Potion"},{"floor":7,"key":"SneckoOil"}],"is_trial":false,"path_per_floor":["M","?","M","M","?","R","M","$","T","E","M","M"],"character_chosen":"THE_SILENT","items_purchased":[],"campfire_rested":1,"item_purchase_floors":[],"current_hp_per_floor":[43,36,32,31,31,52,45,45,45,23,22,0],"gold":136,"neow_bonus":"RANDOM_COLORLESS_2","is_prod":false,"is_daily":false,"chose_seed":false,"campfire_upgraded":0,"win_rate":0.0,"timestamp":1549352700,"path_taken":["M","?","M","M","?","R","?","?","T","E","?","M"],"build_version":"2019-01-23","purchased_purges":1,"victory":false,"max_hp_per_floor":[70,70,70,70,70,70,70,70,70,70,70,70],"card_choices":[{"not_picked":["Dash","Dodge and Roll"],"picked":"Infinite Blades","floor":1},{"not_picked":["Heel Hook","Dash"],"picked":"Accuracy","floor":3},{"not_picked":["Reflex","Leg Sweep"],"picked":"Predator","floor":4},{"not_picked":["Dodge and Roll","Flying Knee"],"picked":"Footwork","floor":7},{"not_picked":["Sucker Punch","Slice","Crippling Poison"],"picked":"SKIP","floor":10},{"not_picked":["Quick Slash","Choke"],"picked":"Backflip","floor":11}],"player_experience":194413,"relics_obtained":[{"floor":9,"key":"Ancient Tea Set"},{"floor":10,"key":"Blood Vial"}],"event_choices":[{"damage_healed":0,"gold_gain":0,"player_choice":"Success","damage_taken":7,"relics_obtained":["Blue Candle"],"max_hp_gain":0,"max_hp_loss":0,"event_name":"Scrap Ooze","floor":2,"gold_loss":0},{"damage_healed":0,"gold_gain":62,"player_choice":"Gained Gold","damage_taken":0,"max_hp_gain":0,"max_hp_loss":0,"event_name":"Golden Wing","floor":5,"gold_loss":0}],"is_beta":false,"boss_relics":[],"items_purged_floors":[8],"is_endless":false,"potions_floor_spawned":[1,4,7],"killed_by":"Exordium Thugs","ascension_level":0}