{"gold_per_floor":[109,109,127,127,77,77,91,91,118,43,43,70,70,70,70,170,170,180,280,195,195,14,14,29,29,29,29,47,47,62,81,81,178,178,197,122,122,122,132,160,160,8,8,8,26,26,26,43,43,43],"floor_reached":51,"playtime":3373,"items_purged":["Strike_R","Strike_R"],"score":709,"play_id":"b13514fd-f3b7-4ab8-bf2c-b1811d7d75ea","local_time":"20190204121205","is_ascension_mode":false,"campfire_choices":[{"data":"Shrug It Off","floor":6.0,"key":"SMITH"},{"data":"Burning Pact","floor":8.0,"key":"SMITH"},{"data":"Shockwave","floor":11.0,"key":"SMITH"},{"data":"Feel No Pain","floor":15.0,"key":"SMITH"},{"data":"Apotheosis","floor":23.0,"key":"SMITH"},{"data":"Disarm","floor":25.0,"key":"SMITH"},{"data":"Ghostly","floor":27.0,"key":"SMITH"},{"data":"True Grit","floor":29.0,"key":"SMITH"},{"data":"Feel No Pain","floor":32.0,"key":"SMITH"},{"data":"Shockwave","floor":41,"key":"SMITH"},{"data":"Warcry","floor":44,"key":"SMITH"},{"data":"Madness","floor":46,"key":"SMITH"},{"data":"Disarm","floor":49,"key":"SMITH"}],"neow_cost":"","seed_source_timestamp":0,"circlet_count":0,"master_deck":["Strike_R+1","Defend_R+1","Defend_R","Defend_R","Defend_R","Bash","Feel No Pain+1","Shrug It Off+1","Power Through","Burning Pact+1","Shockwave+1","Feed","Dual Wield+1","Disarm+1","Ghostly+1","Ghostly","Ghostly","Ghostly","Ghostly","Apotheosis+1","Dropkick+1","True Grit+1","Dual Wield+1","Feel No Pain+1","Offering+1","Warcry+1","Madness","Madness+1","Shockwave+1","Warcry+1","Disarm+1"],"special_seed":0,"relics":["Burning Blood","Red Skull","Dream Catcher","Shuriken","Mark of Pain","Torii","Self Forming Clay","Pen Nib","Regal Pillow","Coffee Dripper","Ancient Tea Set","Pear"],"potions_floor_usage":[50],"damage_taken":[{"damage":1.0,"enemies":"2 Louse","floor":1.0,"turns":3.0},{"damage":0.0,"enemies":"Small Slimes","floor":3.0,"turns":4.0},{"damage":6.0,"enemies":"Jaw Worm","floor":7.0,"turns":4.0},{"damage":59.0,"enemies":"The Guardian","floor":16.0,"turns":14.0},{"damage":0.0,"enemies":"3 Byrds","floor":18.0,"turns":10.0},{"damage":21.0,"enemies":"Colosseum Slavers","floor":19.0,"turns":7.0},{"damage":35.0,"enemies":"Colosseum Nobs","floor":19.0,"turns":8.0},{"damage":0.0,"enemies":"Chosen","floor":24.0,"turns":11.0},{"damage":1.0,"enemies":"Shelled Parasite and Fungi","floor":28.0,"turns":6.0},{"damage":0.0,"enemies":"Centurion and Healer","floor":30.0,"turns":7.0},{"damage":13.0,"enemies":"3 Cultists","floor":31.0,"turns":9.0},{"damage":1,"enemies":"Champ","floor":33,"turns":9},{"damage":11,"enemies":"3 Shapes","floor":35,"turns":7},{"damage":1,"enemies":"Orb Walker","floor":39,"turns":5},{"damage":6,"enemies":"Giant Head","floor":40,"turns":6},{"damage":2,"enemies":"Writhing Mass","floor":45,"turns":8},{"damage":3,"enemies":"4 Shapes","floor":48,"turns":8},{"damage":13,"enemies":"Awakened One","floor":50,"turns":11}],"seed_played":"-3562609535878721917","potions_obtained":[{"floor":1.0,"key":"BloodPotion"},{"floor":19.0,"key":"Explosive Potion"},{"floor":24.0,"key":"FearPotion"},{"floor":30.0,"key":"PowerPotion"},{"floor":45,"key":"GamblersBrew"}],"is_trial":false,"path_per_floor":["M","?","M","?","?","R","M","R","T","$","R","T","?","?","R","B",null,"M","?","?","?","$","R","M","R","T","R","M","R","M","M","R","B",null,"M","$","?","?","M","E","R","$","T","R","M","R","$","M","R","B",null],"character_chosen":"IRONCLAD","items_purchased":["Shockwave","Apotheosis","Warcry"],"campfire_rested":0,"item_purchase_floors":[10,22,42],"current_hp_per_floor":[80,64,70,70,70,70,70,70,70,70,70,70,70,67,67,14,80,80,45,45,44,44,44,44,44,44,44,44,44,48,49,49,54,56,55,55,47,47,52,52,52,52,62,62,66,66,66,72,72,69],"gold":43,"neow_bonus":"","is_prod":false,"is_daily":false,"chose_seed":false,"campfire_upgraded":13,"win_rate":0.0,"timestamp":1549278725,"path_taken":["M","?","M","?","?","R","M","R","T","$","R","?","?","?","R","BOSS","M","?","?","?","$","R","M","R","T","R","?","R","M","M","R","BOSS","M","?","?","?","M","E","R","$","T","R","M","R","$","?","R","BOSS"],"build_version":"2019-01-23","purchased_purges":2,"victory":true,"max_hp_per_floor":[80,80,80,80,80,80,80,80,80,80,80,80,80,80,80,80,80,80,89,89,44,44,44,44,44,44,44,44,44,48,56,56,56,56,60,60,60,60,60,60,60,60,70,70,70,70,70,73,73,77],"card_choices":[{"not_picked":["Cleave","Warcry"],"picked":"Feel No Pain","floor":1.0},{"not_picked":["Body Slam","Armaments"],"picked":"Shrug It Off","floor":3.0},{"not_picked":["Iron Wave","Anger"],"picked":"Burning Pact","floor":7.0},{"not_picked":["Berserk","Dark Embrace"],"picked":"Feed","floor":16.0},{"not_picked":["Thunderclap","True Grit"],"picked":"Dual Wield+1","floor":18.0},{"not_picked":["Corruption+1","Perfected Strike+1"],"picked":"Disarm","floor":19.0},{"not_picked":["Twin Strike","Cleave"],"picked":"Dropkick+1","floor":24.0},{"not_picked":["Combust","Blood for Blood"],"picked":"True Grit","floor":28.0},{"not_picked":["Seeing Red","True Grit"],"picked":"Dual Wield+1","floor":30.0},{"not_picked":["Iron Wave","Pommel Strike"],"picked":"Feel No Pain","floor":31.0},{"not_picked":["Fiend Fire","Feed"],"picked":"Offering","floor":33},{"not_picked":["Pommel Strike+1","Sword Boomerang"],"picked":"Warcry+1","floor":35},{"not_picked":["Anger+1","Infernal Blade+1"],"picked":"Shockwave","floor":39},{"not_picked":["Metallicize","Thunderclap+1","Corruption+1"],"picked":"SKIP","floor":40},{"not_picked":["Thunderclap+1","Perfected Strike","Metallicize"],"picked":"SKIP","floor":45},{"not_picked":["Pommel Strike+1","Iron Wave"],"picked":"Disarm","floor":48}],"player_experience":0,"relics_obtained":[{"floor":9.0,"key":"Red Skull"},{"floor":12.0,"key":"Dream Catcher"},{"floor":19.0,"key":"Torii"},{"floor":19.0,"key":"Self Forming Clay"},{"floor":26.0,"key":"Regal Pillow"},{"floor":40,"key":"Ancient Tea Set"},{"floor":43,"key":"Pear"}],"event_choices":[{"damage_healed":0.0,"max_hp_gain":0.0,"max_hp_loss":0.0,"gold_gain":0.0,"event_name":"Shining Light","player_choice":"Entered Light","floor":2.0,"gold_loss":0.0,"damage_taken":16.0,"cards_upgraded":["Defend_R","Strike_R"]},{"damage_healed":0.0,"max_hp_gain":0.0,"max_hp_loss":0.0,"gold_gain":0.0,"cards_transformed":["Strike_R"],"event_name":"Living Wall","player_choice":"Change","floor":4.0,"gold_loss":0.0,"damage_taken":0.0,"cards_obtained":["Power Through"]},{"cards_removed":["Strike_R"],"damage_healed":0.0,"max_hp_gain":0.0,"max_hp_loss":0.0,"gold_gain":0.0,"event_name":"The Cleric","player_choice":"Card Removal","floor":5.0,"gold_loss":50.0,"damage_taken":0.0},{"damage_healed":0.0,"max_hp_gain":0.0,"max_hp_loss":0.0,"gold_gain":0.0,"event_name":"Liars Game","player_choice":"Ignored","floor":13.0,"gold_loss":0.0,"damage_taken":0.0},{"damage_healed":0.0,"max_hp_gain":0.0,"max_hp_loss":0.0,"gold_gain":0.0,"event_name":"Scrap Ooze","player_choice":"Success","floor":14.0,"gold_loss":0.0,"damage_taken":3.0,"relics_obtained":["Shuriken"]},{"damage_healed":0.0,"max_hp_gain":0.0,"max_hp_loss":0.0,"gold_gain":0.0,"event_name":"Colosseum","player_choice":"Fight","floor":19.0,"gold_loss":0.0,"damage_taken":0.0},{"damage_healed":0.0,"max_hp_gain":0.0,"max_hp_loss":0.0,"gold_gain":0.0,"event_name":"Colosseum","player_choice":"Fought Nobs","floor":19.0,"gold_loss":0.0,"damage_taken":0.0},{"damage_healed":0.0,"max_hp_gain":0.0,"max_hp_loss":0.0,"gold_gain":0.0,"event_name":"Addict","player_choice":"Obtained Relic","floor":20.0,"gold_loss":85.0,"damage_taken":0.0,"relics_obtained":["Pen Nib"]},{"damage_healed":0.0,"max_hp_gain":0.0,"max_hp_loss":45.0,"gold_gain":0.0,"event_name":"Ghosts","player_choice":"Became a Ghost","floor":21.0,"gold_loss":0.0,"damage_taken":0.0,"cards_obtained":["Ghostly","Ghostly","Ghostly","Ghostly","Ghostly"]},{"damage_healed":0,"gold_gain":0,"player_choice":"Embrace Madness","damage_taken":8,"max_hp_gain":0,"max_hp_loss":0,"event_name":"Winding Halls","floor":37,"gold_loss":0,"cards_obtained":["Madness","Madness"]},{"damage_healed":0,"gold_gain":0,"player_choice":"Upgraded","damage_taken":0,"max_hp_gain":0,"max_hp_loss":0,"event_name":"Upgrade Shrine","floor":38,"gold_loss":0,"cards_upgraded":["Offering"]}],"is_beta":false,"boss_relics":[{"not_picked":["Empty Cage","Busted Crown"],"picked":"Mark of Pain"},{"not_picked":["Velvet Choker","Orrery"],"picked":"Coffee Dripper"}],"items_purged_floors":[36,42],"is_endless":false,"potions_floor_spawned":[1,19,19,24,30,35,45],"ascension_level":0}