{"path_per_floor":["M","M","M","M","?","R","E","M","T","M","E","$","M","M","R","B",null,"M","M","M","?","?","E","M","M","T","R","M","M","$","E","R"],"character_chosen":"IRONCLAD","items_purchased":["Gremlin Horn","Iron Wave","Dramatic Entrance","Enlightenment"],"gold_per_floor":[109,121,134,147,222,222,252,268,268,279,314,27,41,51,51,156,156,166,183,193,193,193,219,231,246,273,273,289,301,1,35,35,35],"floor_reached":33,"campfire_rested":0,"playtime":3615,"current_hp_per_floor":[80,80,80,78,67,67,48,49,49,53,38,38,40,46,46,43,80,67,68,63,56,40,47,54,47,47,47,54,56,56,44,44,0],"items_purged":[],"gold":35,"score":330,"play_id":"08376884-0b44-4b8e-8535-0ca7c56c4205","local_time":"20180504020350","is_prod":false,"is_daily":false,"chose_seed":false,"is_ascension_mode":false,"campfire_upgraded":4,"timestamp":1525392230,"path_taken":["M","M","M","M","?","R","E","M","T","M","E","$","M","M","R","BOSS","M","M","M","?","?","E","M","M","T","R","M","M","$","E","R","BOSS"],"build_version":"2018-04-28v2","seed_source_timestamp":25062620351892,"purchased_purges":0,"victory":false,"master_deck":["Defend_R","Defend_R","Defend_R","Defend_R","Bash","Double Tap","Cleave","Metallicize","Twin Strike","Armaments+1","Armaments+1","Armaments+1","Infernal Blade","Carnage","Iron Wave","Carnage","Juggernaut","Bludgeon","Headbutt","Metallicize","Anger","Bite","Bite","Bite","Bite","Bite","Headbutt","Flame Barrier+1","Thunderclap+1","Shockwave+1","Headbutt","Dramatic Entrance","Enlightenment","Dark Embrace"],"max_hp_per_floor":[80,80,80,80,80,80,80,80,80,80,80,80,80,80,80,80,80,80,80,80,56,56,56,56,56,56,56,56,56,56,56,56,56],"relics":["Burning Blood","Charon\u0027s Ashes","Ancient Tea Set","Pen Nib","Gremlin Horn","Runic Pyramid","Enchiridion","Letter Opener","Anchor","Ornamental Fan"],"card_choices":[{"not_picked":["Bloodletting","Pommel Strike"],"picked":"Cleave","floor":1},{"not_picked":["Disarm","Power Through"],"picked":"Metallicize","floor":2},{"not_picked":["Power Through","Thunderclap"],"picked":"Twin Strike","floor":3},{"not_picked":["Battle Trance","Sword Boomerang"],"picked":"Armaments","floor":4},{"not_picked":["Rupture","Rampage"],"picked":"Armaments","floor":7},{"not_picked":["Disarm","Thunderclap"],"picked":"Armaments","floor":8},{"not_picked":["True Grit","Armaments"],"picked":"Infernal Blade","floor":10},{"not_picked":["Searing Blow","Heavy Blade"],"picked":"Carnage","floor":11},{"not_picked":["Cleave","Sword Boomerang"],"picked":"Carnage","floor":13},{"not_picked":["Anger","Dropkick"],"picked":"Juggernaut","floor":14},{"not_picked":["Double Tap","Impervious"],"picked":"Bludgeon","floor":16},{"not_picked":["Twin Strike","Entrench"],"picked":"Headbutt","floor":18},{"not_picked":["Armaments","Rupture"],"picked":"Metallicize","floor":19},{"not_picked":["Sever Soul","Warcry"],"picked":"Anger","floor":20},{"not_picked":["Clash","Sword Boomerang"],"picked":"Headbutt","floor":23},{"not_picked":["Shrug It Off","Sword Boomerang"],"picked":"Flame Barrier","floor":24},{"not_picked":["Sever Soul","Pommel Strike"],"picked":"Thunderclap","floor":25},{"not_picked":["Thunderclap","Clothesline"],"picked":"Shockwave","floor":28},{"not_picked":["Pommel Strike","Heavy Blade"],"picked":"Headbutt","floor":29},{"not_picked":["Perfected Strike","Sever Soul"],"picked":"Dark Embrace","floor":31}],"player_experience":6234,"potions_floor_usage":[7,11,11,16,16,20,23,31,33],"damage_taken":[{"damage":3,"enemies":"Jaw Worm","floor":1,"turns":4},{"damage":6,"enemies":"Cultist","floor":2,"turns":3},{"damage":0,"enemies":"2 Louse","floor":3,"turns":3},{"damage":8,"enemies":"2 Fungi Beasts","floor":4,"turns":4},{"damage":25,"enemies":"Lagavulin","floor":7,"turns":7},{"damage":5,"enemies":"3 Louse","floor":8,"turns":4},{"damage":2,"enemies":"Looter","floor":10,"turns":4},{"damage":30,"enemies":"Gremlin Nob","floor":11,"turns":6},{"damage":4,"enemies":"Blue Slaver","floor":13,"turns":5},{"damage":0,"enemies":"2 Fungi Beasts","floor":14,"turns":3},{"damage":9,"enemies":"Slime Boss","floor":16,"turns":7},{"damage":19,"enemies":"Chosen","floor":18,"turns":5},{"damage":5,"enemies":"Spheric Guardian","floor":19,"turns":4},{"damage":17,"enemies":"Snake Plant","floor":20,"turns":6},{"damage":25,"enemies":"Gremlin Leader","floor":23,"turns":10},{"damage":12,"enemies":"Chosen and Byrds","floor":24,"turns":6},{"damage":15,"enemies":"3 Cultists","floor":25,"turns":4},{"damage":3,"enemies":"Cultist and Chosen","floor":28,"turns":5},{"damage":14,"enemies":"Snake Plant","floor":29,"turns":5},{"damage":21,"enemies":"Book of Stabbing","floor":31,"turns":7},{"damage":46,"enemies":"Automaton","floor":33,"turns":6}],"event_choices":[{"event_name":"World of Goop","player_choice":"Gather Gold","floor":5,"damage_taken":0},{"event_name":"Vampires","player_choice":"Became a vampire","floor":21,"damage_taken":0},{"event_name":"Cursed Tome","player_choice":"Obtained Book","floor":22,"damage_taken":0}],"boss_relics":[{"not_picked":["Philosopher\u0027s Stone","Lizard Tail"],"picked":"Runic Pyramid"}],"potions_floor_spawned":[1,8,10,13,14,16,20,24,25],"seed_played":"1867315830776270381","killed_by":"Automaton","ascension_level":0,"is_trial":false}