{"gold_per_floor":[109,120,136,86,11,11,28,28,28,62,62,81,81,99,99,204,204,223,223,235,248,248,248,258,258,288,315,328,116,116,128,128,224,224,241,87,87,104,124,124,135,135,135,135,135,135,146,146,146,146],"floor_reached":51,"playtime":4034,"items_purged":["Defend_G","Defend_G"],"score":743,"play_id":"e4f00c78-2a11-4b70-bbc4-05eaa5fa1b41","local_time":"20190109140531","is_ascension_mode":true,"campfire_choices":[{"data":"Cloak And Dagger","floor":6,"key":"SMITH"},{"floor":11,"key":"REST"},{"data":"Dodge and Roll","floor":13,"key":"SMITH"},{"data":"Neutralize","floor":15,"key":"SMITH"},{"data":"Envenom","floor":23,"key":"SMITH"},{"floor":25,"key":"REST"},{"data":"Backflip","floor":32,"key":"SMITH"},{"data":"Accuracy","floor":40,"key":"SMITH"},{"data":"Footwork","floor":42,"key":"SMITH"},{"data":"Choke","floor":44,"key":"SMITH"},{"data":"Adrenaline","floor":46,"key":"SMITH"},{"data":"Malaise","floor":49,"key":"SMITH"}],"neow_cost":"NONE","seed_source_timestamp":1190229146292,"circlet_count":0,"master_deck":["Defend_G+1","Defend_G+1","Strike_G+1","Strike_G+1","Strike_G+1","Survivor","Neutralize+1","Cloak And Dagger+1","Dodge and Roll+1","Blade Dance","Prepared","Envenom+1","Adrenaline+1","Cloak And Dagger+1","Poisoned Stab","Infinite Blades","Malaise+1","Terror","Caltrops","Backflip+1","Envenom","After Image","Footwork+1","Accuracy+1","Blur","Choke+1"],"relics":["Ring of the Snake","NeowsBlessing","Ornamental Fan","Matryoshka","Sozu","Nloth\u0027s Gift","Tiny Chest","Paper Crane","Bronze Scales","Runic Pyramid","Vajra","Pantograph"],"potions_floor_usage":[10,10,21],"damage_taken":[{"damage":0,"enemies":"Small Slimes","floor":1,"turns":1},{"damage":0,"enemies":"2 Louse","floor":2,"turns":1},{"damage":0,"enemies":"Cultist","floor":3,"turns":1},{"damage":6,"enemies":"Looter","floor":7,"turns":3},{"damage":49,"enemies":"Gremlin Nob","floor":10,"turns":5},{"damage":1,"enemies":"Red Slaver","floor":12,"turns":4},{"damage":0,"enemies":"3 Louse","floor":14,"turns":6},{"damage":32,"enemies":"The Guardian","floor":16,"turns":17},{"damage":22,"enemies":"Spheric Guardian","floor":18,"turns":6},{"damage":6,"enemies":"2 Thieves","floor":20,"turns":4},{"damage":9,"enemies":"Chosen and Byrds","floor":21,"turns":8},{"damage":22,"enemies":"Shelled Parasite and Fungi","floor":24,"turns":6},{"damage":7,"enemies":"Book of Stabbing","floor":27,"turns":6},{"damage":1,"enemies":"Centurion and Healer","floor":28,"turns":6},{"damage":2,"enemies":"3 Cultists","floor":31,"turns":4},{"damage":20,"enemies":"Automaton","floor":33,"turns":9},{"damage":1,"enemies":"3 Shapes","floor":35,"turns":6},{"damage":3,"enemies":"Orb Walker","floor":38,"turns":4},{"damage":16,"enemies":"Transient","floor":39,"turns":5},{"damage":22,"enemies":"Sphere and 2 Shapes","floor":41,"turns":6},{"damage":6,"enemies":"Writhing Mass","floor":47,"turns":5},{"damage":29,"enemies":"Awakened One","floor":50,"turns":11}],"seed_played":"726830238012988994","potions_obtained":[{"floor":2,"key":"PowerPotion"},{"floor":7,"key":"Swift Potion"},{"floor":16,"key":"GhostInAJar"}],"is_trial":false,"path_per_floor":["M","M","M","?","$","R","M","?","T","E","R","M","R","M","R","B",null,"M","?","M","M","?","R","M","R","T","E","M","$","?","M","R","B",null,"M","$","?","M","M","R","M","R","T","R","?","R","M","?","R","B",null],"character_chosen":"THE_SILENT","items_purchased":["Caltrops","Backflip","Accuracy","Blur"],"campfire_rested":2,"item_purchase_floors":[29,29,36,36],"current_hp_per_floor":[70,70,70,70,70,70,64,64,64,15,36,37,37,39,39,7,74,52,52,46,39,39,39,17,39,39,32,31,31,31,29,29,9,76,75,75,75,72,56,56,34,34,34,34,34,34,28,28,28,24],"gold":146,"neow_bonus":"THREE_ENEMY_KILL","is_prod":false,"is_daily":false,"chose_seed":false,"campfire_upgraded":10,"win_rate":0,"timestamp":1547039131,"path_taken":["M","M","M","?","$","R","M","?","T","E","R","M","R","M","R","BOSS","M","?","?","M","?","R","M","R","T","E","?","$","?","M","R","BOSS","M","$","?","?","?","R","M","R","T","R","?","R","M","?","R","BOSS"],"build_version":"2019-01-03v4","purchased_purges":2,"victory":true,"max_hp_per_floor":[70,70,70,70,70,70,70,70,70,70,70,72,72,74,74,74,74,74,74,74,76,76,76,76,76,76,76,76,76,76,76,76,76,76,76,76,76,76,76,76,76,76,76,76,72,72,72,72,72,72],"card_choices":[{"not_picked":["Blur","Backflip"],"picked":"Cloak And Dagger","floor":1},{"not_picked":["Dagger Spray","Skewer"],"picked":"Dodge and Roll","floor":2},{"not_picked":["Noxious Fumes","Flying Knee"],"picked":"Blade Dance","floor":3},{"not_picked":["Bane","Outmaneuver"],"picked":"Prepared","floor":7},{"not_picked":["Riddle With Holes","PiercingWail"],"picked":"Envenom","floor":10},{"not_picked":["Flechettes","Deflect","Masterful Stab"],"picked":"Singing Bowl","floor":12},{"not_picked":["Quick Slash","Caltrops","Underhanded Strike"],"picked":"Singing Bowl","floor":14},{"not_picked":["Unload","Die Die Die"],"picked":"Adrenaline","floor":16},{"not_picked":["Escape Plan","Infinite Blades+1"],"picked":"Cloak And Dagger+1","floor":18},{"not_picked":["Outmaneuver+1","Reflex"],"picked":"Infinite Blades","floor":20},{"not_picked":["Acrobatics","Poisoned Stab","Quick Slash+1"],"picked":"Singing Bowl","floor":21},{"not_picked":["Deadly Poison","Deflect","Tactician"],"picked":"SKIP","floor":24},{"not_picked":["Slice","Backflip"],"picked":"Malaise","floor":27},{"not_picked":["Flying Knee","Crippling Poison"],"picked":"Terror","floor":28},{"not_picked":["Underhanded Strike","Acrobatics"],"picked":"Envenom","floor":31},{"not_picked":["Corpse Explosion","A Thousand Cuts"],"picked":"After Image","floor":33},{"not_picked":["Acrobatics","Night Terror"],"picked":"Footwork","floor":35},{"not_picked":["Dagger Throw","PiercingWail","Prepared+1"],"picked":"SKIP","floor":38},{"not_picked":["Setup+1","Dagger Spray+1","Sucker Punch"],"picked":"SKIP","floor":39},{"not_picked":["Quick Slash+1","Bane+1"],"picked":"Choke","floor":41},{"not_picked":["Cloak And Dagger","Distraction+1","PiercingWail"],"picked":"SKIP","floor":47}],"player_experience":296692,"relics_obtained":[{"floor":9,"key":"Ornamental Fan"},{"floor":10,"key":"Matryoshka"},{"floor":26,"key":"Tiny Chest"},{"floor":26,"key":"Paper Crane"},{"floor":27,"key":"Bronze Scales"},{"floor":43,"key":"Vajra"},{"floor":43,"key":"Pantograph"}],"event_choices":[{"cards_removed":["Strike_G"],"damage_healed":0,"gold_gain":0,"player_choice":"Card Removal","damage_taken":0,"max_hp_gain":0,"max_hp_loss":0,"event_name":"The Cleric","floor":4,"gold_loss":50},{"damage_healed":0,"gold_gain":0,"player_choice":"Searched \u00271\u0027 times","damage_taken":0,"relics_obtained":["Singing Bowl"],"max_hp_gain":0,"max_hp_loss":0,"event_name":"Dead Adventurer","floor":8,"gold_loss":0},{"damage_healed":0,"gold_gain":0,"cards_transformed":["Defend_G"],"player_choice":"Transformed","damage_taken":0,"max_hp_gain":0,"max_hp_loss":0,"event_name":"Transmorgrifier","floor":19,"gold_loss":0,"cards_obtained":["Poisoned Stab"]},{"damage_healed":0,"gold_gain":0,"player_choice":"Traded Relic","damage_taken":0,"relics_obtained":["Nloth\u0027s Gift"],"max_hp_gain":0,"max_hp_loss":0,"event_name":"N\u0027loth","floor":22,"relics_lost":["Singing Bowl"],"gold_loss":0},{"damage_healed":0,"gold_gain":0,"player_choice":"Simplicity","damage_taken":0,"max_hp_gain":0,"max_hp_loss":0,"event_name":"Back to Basics","floor":30,"gold_loss":0,"cards_upgraded":["Defend_G","Defend_G","Strike_G","Strike_G","Strike_G","Strike_G"]},{"cards_removed":["Strike_G"],"damage_healed":0,"gold_gain":0,"player_choice":"Offered Basic","damage_taken":0,"max_hp_gain":0,"max_hp_loss":0,"event_name":"Bonfire Elementals","floor":37,"gold_loss":0},{"damage_healed":0,"gold_gain":0,"player_choice":"Max HP","damage_taken":0,"max_hp_gain":0,"max_hp_loss":4,"event_name":"Winding Halls","floor":45,"gold_loss":0},{"damage_healed":0,"gold_gain":0,"player_choice":"Memory 1","damage_taken":0,"max_hp_gain":0,"max_hp_loss":0,"event_name":"SensoryStone","floor":48,"gold_loss":0}],"is_beta":false,"boss_relics":[{"not_picked":["Tiny House","Eternal Feather"],"picked":"Sozu"},{"not_picked":["Black Star","Lizard Tail"],"picked":"Runic Pyramid"}],"items_purged_floors":[5,29],"is_endless":false,"potions_floor_spawned":[2,7,16,20,21,28,33,35,39,47],"ascension_level":4}