{"gold_per_floor":[111,111,127,142,162,172,185,185,241,49,49,49,59,59,59,160,160,178,178,178,178,192,12,40,53,131,131,154,168,196,214,214,214],"floor_reached":33,"playtime":2193,"items_purged":["Strike_G","Strike_G"],"score":279,"play_id":"0228f1cc-9f27-4f9f-b621-ed58cf926f78","local_time":"20190129035339","is_ascension_mode":false,"campfire_choices":[{"data":"Backflip","floor":12,"key":"SMITH"},{"data":"Dagger Throw","floor":15,"key":"SMITH"},{"data":"Envenom","floor":27,"key":"SMITH"},{"floor":32,"key":"REST"}],"neow_cost":"NONE","seed_source_timestamp":0,"circlet_count":0,"master_deck":["Defend_G","Defend_G+1","Defend_G","Defend_G","Defend_G","Strike_G","Strike_G","Survivor+1","Neutralize","Deflect","Backflip+1","Dagger Throw+1","Dagger Throw","Flying Knee","Adrenaline","Backstab","Caltrops","Quick Slash+1","Envenom+1","Underhanded Strike+1","Slice+1","Infinite Blades","Noxious Fumes","Dash+1","Slice+1","Well Laid Plans","Dagger Throw+1"],"special_seed":0,"relics":["Ring of the Snake","Mummified Hand","Tiny Chest","Molten Egg 2","Black Star","Mercury Hourglass","War Paint","Blood Vial","Darkstone Periapt","Dream Catcher","Oddly Smooth Stone","Matryoshka"],"potions_floor_usage":[13,16,24,25,29,30,31,33],"damage_taken":[{"damage":0,"enemies":"Jaw Worm","floor":1,"turns":6},{"damage":8,"enemies":"Cultist","floor":3,"turns":6},{"damage":0,"enemies":"Small Slimes","floor":4,"turns":4},{"damage":10,"enemies":"Exordium Thugs","floor":5,"turns":9},{"damage":2,"enemies":"2 Fungi Beasts","floor":6,"turns":4},{"damage":1,"enemies":"Looter","floor":7,"turns":3},{"damage":8,"enemies":"Red Slaver","floor":13,"turns":4},{"damage":11,"enemies":"Slime Boss","floor":16,"turns":11},{"damage":6,"enemies":"Chosen","floor":18,"turns":5},{"damage":0,"enemies":"Shell Parasite","floor":22,"turns":5},{"damage":2,"enemies":"Gremlin Leader","floor":24,"turns":4},{"damage":9,"enemies":"Sentry and Sphere","floor":25,"turns":4},{"damage":15,"enemies":"Shelled Parasite and Fungi","floor":29,"turns":6},{"damage":10,"enemies":"Book of Stabbing","floor":30,"turns":4},{"damage":0,"enemies":"3 Cultists","floor":31,"turns":5},{"damage":47,"enemies":"Automaton","floor":33,"turns":6}],"seed_played":"-4317022752779942906","potions_obtained":[{"floor":1,"key":"Explosive Potion"},{"floor":4,"key":"Strength Potion"},{"floor":6,"key":"GamblersBrew"},{"floor":7,"key":"Regen Potion"},{"floor":13,"key":"FearPotion"},{"floor":14,"key":"Fire Potion"},{"floor":14,"key":"GhostInAJar"},{"floor":22,"key":"Fire Potion"},{"floor":25,"key":"EssenceOfSteel"},{"floor":29,"key":"Poison Potion"},{"floor":30,"key":"Block Potion"}],"is_trial":false,"path_per_floor":["M","?","M","M","M","M","M","?","T","$","T","R","M","?","R","B",null,"M","T","?","?","M","$","E","M","T","R","T","M","E","M","R","B"],"character_chosen":"THE_SILENT","items_purchased":["Backstab","Caltrops","Infinite Blades"],"campfire_rested":1,"item_purchase_floors":[10,10,23],"current_hp_per_floor":[70,63,55,55,45,43,42,42,42,42,42,42,39,39,39,28,70,64,64,51,51,51,51,49,42,42,42,42,29,21,23,45,0],"gold":214,"neow_bonus":"REMOVE_CARD","is_prod":false,"is_daily":false,"chose_seed":false,"campfire_upgraded":3,"win_rate":0.0,"timestamp":1548752019,"path_taken":["M","?","M","?","M","M","M","?","T","$","?","R","M","?","R","BOSS","M","?","?","?","M","$","E","M","T","R","?","?","E","M","R","BOSS"],"build_version":"2019-01-23","purchased_purges":2,"victory":false,"max_hp_per_floor":[70,70,70,70,70,70,70,70,70,70,70,70,70,70,70,70,70,70,70,75,75,75,75,75,75,75,75,75,75,75,75,75,75],"card_choices":[{"not_picked":["Heel Hook","Outmaneuver"],"picked":"Deflect","floor":1},{"not_picked":["Outmaneuver","Escape Plan"],"picked":"Backflip","floor":3},{"not_picked":["Cloak And Dagger","Caltrops"],"picked":"Dagger Throw","floor":4},{"not_picked":["Prepared","Corpse Explosion"],"picked":"Dagger Throw","floor":5},{"not_picked":["Eviscerate","Prepared"],"picked":"Flying Knee","floor":6},{"not_picked":["Poisoned Stab","Underhanded Strike"],"picked":"Adrenaline","floor":7},{"not_picked":["Catalyst","Sucker Punch+1"],"picked":"Quick Slash+1","floor":13},{"not_picked":["Doppelganger","Malaise"],"picked":"Envenom","floor":16},{"not_picked":["Accuracy","Bouncing Flask"],"picked":"Underhanded Strike+1","floor":18},{"not_picked":["Dodge and Roll+1","Prepared"],"picked":"Slice+1","floor":22},{"not_picked":["Deadly Poison","Expertise"],"picked":"Noxious Fumes","floor":24},{"not_picked":["Cloak And Dagger+1","Grand Finale+1"],"picked":"Dash+1","floor":25},{"not_picked":["Acrobatics","Skewer+1"],"picked":"Slice+1","floor":29},{"not_picked":["Prepared","Caltrops+1"],"picked":"Well Laid Plans","floor":30},{"not_picked":["Cloak And Dagger","All Out Attack+1","Flechettes+1"],"picked":"SKIP","floor":31},{"not_picked":["Flechettes+1","Deadly Poison+1"],"picked":"Dagger Throw+1","floor":32}],"player_experience":74484,"relics_obtained":[{"floor":9,"key":"Tiny Chest"},{"floor":11,"key":"Molten Egg 2"},{"floor":19,"key":"Mercury Hourglass"},{"floor":24,"key":"War Paint"},{"floor":24,"key":"Blood Vial"},{"floor":26,"key":"Darkstone Periapt"},{"floor":28,"key":"Dream Catcher"},{"floor":30,"key":"Oddly Smooth Stone"},{"floor":30,"key":"Matryoshka"}],"event_choices":[{"damage_healed":0,"gold_gain":0,"player_choice":"Damaged","damage_taken":7,"max_hp_gain":0,"max_hp_loss":0,"event_name":"Wheel of Change","floor":2,"gold_loss":0},{"damage_healed":0,"gold_gain":0,"player_choice":"Gave Potion","damage_taken":0,"relics_obtained":["Mummified Hand"],"max_hp_gain":0,"max_hp_loss":0,"event_name":"WeMeetAgain","floor":8,"gold_loss":0},{"damage_healed":0,"gold_gain":0,"player_choice":"Got Potions","damage_taken":0,"max_hp_gain":0,"max_hp_loss":0,"event_name":"Lab","floor":14,"gold_loss":0},{"damage_healed":0,"gold_gain":0,"player_choice":"Shed Blood","damage_taken":18,"max_hp_gain":5,"max_hp_loss":0,"event_name":"Forgotten Altar","floor":20,"gold_loss":0},{"damage_healed":0,"gold_gain":0,"player_choice":"Ignored","damage_taken":0,"max_hp_gain":0,"max_hp_loss":0,"event_name":"Vampires","floor":21,"gold_loss":0}],"is_beta":false,"boss_relics":[{"not_picked":["Coffee Dripper","White Beast Statue"],"picked":"Black Star"}],"items_purged_floors":[10,23],"is_endless":false,"potions_floor_spawned":[1,4,6,7,13,22,25,29,30],"killed_by":"Automaton","ascension_level":0}