{"gold_per_floor":[116,130,130,130,146,190,211,234,234,234,304,304,327,327,327,327],"floor_reached":16,"playtime":765,"items_purged":[],"score":102,"play_id":"51ec84fa-363c-43e8-bafe-ea8c7b05291b","local_time":"20190128125300","is_ascension_mode":false,"campfire_choices":[{"floor":10,"key":"REST"},{"floor":12,"key":"REST"},{"floor":15,"key":"REST"}],"neow_cost":"NONE","seed_source_timestamp":481484073528845,"circlet_count":0,"master_deck":["Strike_R","Strike_R","Strike_R","Strike_R","Strike_R","Defend_R","Defend_R","Defend_R","Defend_R","Bash","Purity","Second Wind+1","Feel No Pain","Dual Wield+1","Berserk","Metallicize","Cleave","Cleave","Clash"],"relics":["Burning Blood","Golden Idol","Bag of Preparation","Vajra","War Paint","Kunai"],"potions_floor_usage":[11,16],"damage_taken":[{"damage":13,"enemies":"Jaw Worm","floor":1,"turns":6},{"damage":1,"enemies":"Small Slimes","floor":2,"turns":4},{"damage":1,"enemies":"Cultist","floor":5,"turns":4},{"damage":33,"enemies":"3 Sentries","floor":6,"turns":14},{"damage":14,"enemies":"Large Slime","floor":7,"turns":8},{"damage":25,"enemies":"3 Louse","floor":8,"turns":4},{"damage":18,"enemies":"Gremlin Nob","floor":11,"turns":5},{"damage":16,"enemies":"Red Slaver","floor":13,"turns":4},{"damage":41,"enemies":"Hexaghost","floor":16,"turns":14}],"seed_played":"-3384765003245043446","potions_obtained":[{"floor":7,"key":"AttackPotion"},{"floor":11,"key":"EssenceOfSteel"}],"is_trial":false,"path_per_floor":["M","M","?","$","M","E","M","M","T","R","?","R","M","?","R","B"],"character_chosen":"IRONCLAD","items_purchased":[],"campfire_rested":3,"item_purchase_floors":[],"current_hp_per_floor":[73,78,58,58,63,36,28,9,9,33,21,45,35,17,41,0],"gold":327,"neow_bonus":"RANDOM_COLORLESS","is_prod":false,"is_daily":false,"chose_seed":false,"campfire_upgraded":0,"win_rate":0.0,"timestamp":1548651180,"path_taken":["M","M","?","$","M","E","M","M","T","R","?","R","M","?","R","BOSS"],"build_version":"2019-01-23","purchased_purges":0,"victory":false,"max_hp_per_floor":[80,80,80,80,80,80,80,80,80,80,80,80,80,80,80,80],"card_choices":[{"not_picked":["Clothesline","Body Slam"],"picked":"Second Wind","floor":1},{"not_picked":["Headbutt","Warcry"],"picked":"Feel No Pain","floor":2},{"not_picked":["Havoc","Thunderclap"],"picked":"Dual Wield","floor":5},{"not_picked":["Shrug It Off","Searing Blow"],"picked":"Berserk","floor":6},{"not_picked":["Disarm","Cleave"],"picked":"Metallicize","floor":7},{"not_picked":["Havoc","Dual Wield"],"picked":"Cleave","floor":8},{"not_picked":["Perfected Strike","Ghostly Armor"],"picked":"Cleave","floor":11},{"not_picked":["Thunderclap","Battle Trance"],"picked":"Clash","floor":13}],"player_experience":160312,"relics_obtained":[{"floor":6,"key":"Bag of Preparation"},{"floor":9,"key":"Vajra"},{"floor":11,"key":"War Paint"}],"event_choices":[{"damage_healed":0,"gold_gain":0,"player_choice":"Take Damage","damage_taken":20,"relics_obtained":["Golden Idol"],"max_hp_gain":0,"max_hp_loss":0,"event_name":"Golden Idol","floor":3,"gold_loss":0},{"damage_healed":0,"gold_gain":0,"player_choice":"Searched \u00272\u0027 times","damage_taken":0,"max_hp_gain":0,"max_hp_loss":0,"event_name":"Dead Adventurer","floor":11,"gold_loss":0},{"damage_healed":0,"gold_gain":0,"player_choice":"Success","damage_taken":18,"relics_obtained":["Kunai"],"max_hp_gain":0,"max_hp_loss":0,"event_name":"Scrap Ooze","floor":14,"gold_loss":0}],"is_beta":false,"boss_relics":[],"items_purged_floors":[],"is_endless":false,"potions_floor_spawned":[7,11],"killed_by":"Hexaghost","ascension_level":0}