{"path_per_floor":["M","M","M","?","?","R","E","R","T","$","?","M","M","M","R","B",null,"M","M","M"],"character_chosen":"THE_SILENT","items_purchased":["Potion Belt"],"gold_per_floor":[113,132,152,152,327,327,362,362,362,144,216,234,245,264,264,361,361,380,395,412,412],"floor_reached":21,"campfire_rested":2,"playtime":2433,"item_purchase_floors":[10],"current_hp_per_floor":[77,77,77,62,62,62,14,37,37,37,37,37,37,37,60,33,77,62,56,32,0],"items_purged":["Doubt"],"gold":412,"score":183,"play_id":"cbf2addb-62ae-4eb5-be1f-4eba168ae966","local_time":"20180527220504","is_prod":false,"is_daily":false,"chose_seed":false,"is_ascension_mode":false,"campfire_upgraded":1,"win_rate":0,"timestamp":1527451504,"campfire_choices":[{"data":"Quick Slash","floor":6,"key":"SMITH"},{"floor":8,"key":"REST"},{"floor":15,"key":"REST"}],"path_taken":["M","M","M","?","?","R","E","R","T","$","?","M","M","?","R","BOSS","M","?","M","M"],"build_version":"2018-05-24","seed_source_timestamp":36987989091449,"purchased_purges":1,"victory":false,"master_deck":["Defend_G","Defend_G+1","Defend_G","Defend_G","Defend_G","Strike_G","Strike_G","Strike_G","Strike_G","Strike_G+1","Survivor","Neutralize","Flying Knee","Quick Slash","Quick Slash+1","Footwork","Dagger Throw+1","Slice+1","All Out Attack+1","Quick Slash+1","Sucker Punch+1","Outmaneuver","Backflip","Dagger Spray+1","Dagger Throw+1","Poisoned Stab+1","Noxious Fumes"],"max_hp_per_floor":[77,77,77,77,77,77,77,77,77,77,77,77,77,77,77,77,77,77,77,77,77],"relics":["Ring of the Snake","Molten Egg 2","Mummified Hand","Potion Belt","Orrery"],"card_choices":[{"not_picked":["Acrobatics","Sucker Punch"],"picked":"Flying Knee","floor":1},{"not_picked":["Caltrops","Deflect"],"picked":"Quick Slash","floor":2},{"not_picked":["Eviscerate","Setup"],"picked":"Quick Slash","floor":3},{"not_picked":["Prepared","Quick Slash"],"picked":"Footwork","floor":7},{"not_picked":["Poisoned Stab+1","Masterful Stab+1"],"picked":"Dagger Throw+1","floor":12},{"not_picked":["Masterful Stab+1","Flying Knee+1"],"picked":"Slice+1","floor":13},{"not_picked":["Setup","A Thousand Cuts"],"picked":"All Out Attack+1","floor":14},{"not_picked":["Predator+1","Setup"],"picked":"Quick Slash+1","floor":17},{"not_picked":["Leg Sweep","Calculated Gamble"],"picked":"Sucker Punch+1","floor":17},{"not_picked":["Riddle With Holes+1","Slice+1"],"picked":"Outmaneuver","floor":17},{"not_picked":["Die Die Die+1","Poisoned Stab+1"],"picked":"Backflip","floor":17},{"not_picked":["Poisoned Stab+1","Expertise"],"picked":"Dagger Spray+1","floor":17},{"not_picked":["Dagger Throw+1","Quick Slash+1","Deflect"],"picked":"SKIP","floor":18},{"not_picked":["Quick Slash+1","Deflect"],"picked":"Dagger Throw+1","floor":18},{"not_picked":["Finisher+1","Crippling Poison"],"picked":"Poisoned Stab+1","floor":19},{"not_picked":["Calculated Gamble","Quick Slash+1"],"picked":"Noxious Fumes","floor":20}],"player_experience":155663,"potions_floor_usage":[],"damage_taken":[{"damage":0,"enemies":"2 Louse","floor":1,"turns":4},{"damage":0,"enemies":"Small Slimes","floor":2,"turns":4},{"damage":0,"enemies":"Jaw Worm","floor":3,"turns":5},{"damage":48,"enemies":"Gremlin Nob","floor":7,"turns":6},{"damage":0,"enemies":"Blue Slaver","floor":12,"turns":5},{"damage":0,"enemies":"Looter","floor":13,"turns":4},{"damage":0,"enemies":"Large Slime","floor":14,"turns":4},{"damage":27,"enemies":"Slime Boss","floor":16,"turns":11},{"damage":15,"enemies":"Spheric Guardian","floor":18,"turns":4},{"damage":6,"enemies":"3 Byrds","floor":19,"turns":6},{"damage":24,"enemies":"Snake Plant","floor":20,"turns":5},{"damage":33,"enemies":"Snecko","floor":21,"turns":5}],"relics_obtained":[{"floor":7,"key":"Molten Egg 2"},{"floor":9,"key":"Mummified Hand"}],"event_choices":[{"event_name":"Shining Light","player_choice":"Entered Light","floor":4,"damage_taken":0},{"event_name":"Liars Game","player_choice":"agreed","floor":5,"damage_taken":0},{"event_name":"Golden Wing","player_choice":"Gained Gold","floor":11,"damage_taken":0}],"boss_relics":[{"not_picked":["White Beast Statue","Cursed Key"],"picked":"Orrery"}],"items_purged_floors":[10],"potions_floor_spawned":[7,12,13,14,16,18,19],"seed_played":"-3881403899757933393","killed_by":"Snecko","ascension_level":0,"potions_obtained":[{"floor":7,"key":"GamblersBrew"},{"floor":12,"key":"GhostInAJar"},{"floor":13,"key":"Block Potion"},{"floor":14,"key":"EntropicBrew"},{"floor":16,"key":"GhostInAJar"},{"floor":18,"key":"Poison Potion"},{"floor":19,"key":"AttackPotion"}],"is_trial":false}