{"gold_per_floor":[119,130,205,205,205,205,240,240,321,333,360,158,177,188,188,286,586,601,77,109,109,119,119,119,139,139,139,154,154],"floor_reached":29,"playtime":1421,"items_purged":["Doubt"],"score":233,"play_id":"7aac9ec7-a587-4e62-9fcf-0dbc300a8687","local_time":"20190125182957","is_ascension_mode":false,"campfire_choices":[{"floor":6,"key":"REST"},{"data":"Evolve","floor":8,"key":"SMITH"},{"floor":15,"key":"RECALL"},{"floor":23,"key":"REST"}],"neow_cost":"TEN_PERCENT_HP_LOSS","seed_source_timestamp":1202457407369851,"circlet_count":0,"master_deck":["Strike_R","Strike_R","Strike_R","Strike_R+1","Strike_R","Defend_R+1","Defend_R","Defend_R","Defend_R+1","Bash","Panacea","Panacea+1","Flex","Cleave","Regret","Headbutt","Evolve+1","Sword Boomerang","Flex","Heavy Blade","Feed","Decay","Parasite","Flex","Heavy Blade+1","Cleave","Necronomicurse","Exhume"],"relics":["Burning Blood","Dream Catcher","Bag of Marbles","Meat on the Bone","Vajra","Pen Nib","Calling Bell","War Paint","Kunai","Old Coin","Shuriken","Lee\u0027s Waffle","Red Mask","The Courier","Necronomicon"],"potions_floor_usage":[7,11,18,22,28],"damage_taken":[{"damage":0,"enemies":"2 Louse","floor":1,"turns":3},{"damage":0,"enemies":"Small Slimes","floor":2,"turns":3},{"damage":40,"enemies":"Lagavulin","floor":7,"turns":5},{"damage":9,"enemies":"Jaw Worm","floor":10,"turns":3},{"damage":8,"enemies":"Gremlin Nob","floor":11,"turns":3},{"damage":1,"enemies":"2 Fungi Beasts","floor":13,"turns":2},{"damage":1,"enemies":"Large Slime","floor":14,"turns":3},{"damage":17,"enemies":"Slime Boss","floor":16,"turns":5},{"damage":48,"enemies":"Spheric Guardian","floor":18,"turns":6},{"damage":40,"enemies":"Masked Bandits","floor":20,"turns":4},{"damage":18,"enemies":"3 Byrds","floor":22,"turns":5},{"damage":11,"enemies":"Sentry and Sphere","floor":25,"turns":3},{"damage":20,"enemies":"Shelled Parasite and Fungi","floor":28,"turns":4},{"damage":49,"enemies":"Book of Stabbing","floor":29,"turns":4}],"seed_played":"-8083123683470874292","potions_obtained":[{"floor":1,"key":"Poison Potion"},{"floor":10,"key":"PowerPotion"},{"floor":11,"key":"SkillPotion"},{"floor":16,"key":"Energy Potion"},{"floor":18,"key":"Energy Potion"},{"floor":20,"key":"Dexterity Potion"},{"floor":25,"key":"Explosive Potion"}],"is_trial":false,"path_per_floor":["M","M","?","?","?","R","E","R","T","M","E","$","M","M","R","B",null,"M","$","?","?","M","R","?","M","T","?","M","E"],"character_chosen":"IRONCLAD","items_purchased":["Heavy Blade","Pen Nib","Shuriken","Lee\u0027s Waffle"],"campfire_rested":2,"item_purchase_floors":[12,12,19,19],"current_hp_per_floor":[72,72,61,47,47,68,34,34,34,43,53,53,58,63,63,52,72,42,79,57,42,42,67,67,62,62,46,44,0],"gold":154,"neow_bonus":"RANDOM_COLORLESS_2","is_prod":false,"is_daily":false,"chose_seed":false,"campfire_upgraded":1,"win_rate":0,"timestamp":1548419397,"path_taken":["M","M","?","?","?","R","E","R","T","M","E","?","M","M","R","BOSS","M","$","?","?","M","R","?","M","T","?","M","E"],"build_version":"2019-01-23","purchased_purges":1,"victory":false,"max_hp_per_floor":[72,72,72,72,72,72,72,72,72,72,72,72,72,72,72,72,72,72,79,79,84,84,84,84,84,84,84,84,84],"card_choices":[{"not_picked":["Carnage","Iron Wave"],"picked":"Flex","floor":1},{"not_picked":["Thunderclap","Twin Strike"],"picked":"Cleave","floor":2},{"not_picked":["Sword Boomerang","Immolate"],"picked":"Headbutt","floor":6},{"not_picked":["Iron Wave","Sword Boomerang"],"picked":"Evolve","floor":7},{"not_picked":["Pummel","Uppercut"],"picked":"Sword Boomerang","floor":10},{"not_picked":["Clothesline","Spot Weakness"],"picked":"Flex","floor":11},{"not_picked":["Headbutt","Carnage","Brutality"],"picked":"SKIP","floor":13},{"not_picked":["Pommel Strike","Armaments","Warcry"],"picked":"SKIP","floor":14},{"not_picked":["Brutality","Demon Form"],"picked":"Feed","floor":16},{"not_picked":["Burning Pact","Power Through+1"],"picked":"Flex","floor":18},{"not_picked":["Pommel Strike","Thunderclap+1"],"picked":"Heavy Blade+1","floor":22},{"not_picked":["Feel No Pain","Havoc"],"picked":"Cleave","floor":23},{"not_picked":["Headbutt","Twin Strike","Clothesline"],"picked":"SKIP","floor":25},{"not_picked":["Thunderclap","Warcry"],"picked":"Exhume","floor":28}],"player_experience":655876,"relics_obtained":[{"floor":7,"key":"Bag of Marbles"},{"floor":9,"key":"Meat on the Bone"},{"floor":11,"key":"Vajra"},{"floor":17,"key":"War Paint"},{"floor":17,"key":"Kunai"},{"floor":17,"key":"Old Coin"},{"floor":20,"key":"Red Mask"},{"floor":26,"key":"The Courier"},{"floor":27,"key":"Necronomicon"}],"event_choices":[{"damage_healed":0,"gold_gain":75,"player_choice":"Gather Gold","damage_taken":11,"max_hp_gain":0,"max_hp_loss":0,"event_name":"World of Goop","floor":3,"gold_loss":0},{"damage_healed":0,"gold_gain":0,"player_choice":"Entered Light","damage_taken":14,"max_hp_gain":0,"max_hp_loss":0,"event_name":"Shining Light","floor":4,"gold_loss":0,"cards_upgraded":["Defend_R","Strike_R"]},{"damage_healed":0,"gold_gain":0,"player_choice":"Box","damage_taken":0,"relics_obtained":["Dream Catcher"],"max_hp_gain":0,"max_hp_loss":0,"event_name":"Big Fish","floor":5,"gold_loss":0,"cards_obtained":["Regret"]},{"damage_healed":0,"gold_gain":0,"player_choice":"Fought Bandits","damage_taken":0,"max_hp_gain":0,"max_hp_loss":0,"event_name":"Masked Bandits","floor":20,"gold_loss":0},{"damage_healed":0,"gold_gain":0,"player_choice":"Shed Blood","damage_taken":20,"max_hp_gain":5,"max_hp_loss":0,"event_name":"Forgotten Altar","floor":21,"gold_loss":0},{"damage_healed":0,"gold_gain":0,"player_choice":"Ignored","damage_taken":0,"max_hp_gain":0,"max_hp_loss":0,"event_name":"The Mausoleum","floor":24,"gold_loss":0},{"damage_healed":0,"gold_gain":0,"player_choice":"Obtained Book","damage_taken":16,"max_hp_gain":0,"max_hp_loss":0,"event_name":"Cursed Tome","floor":27,"gold_loss":0}],"is_beta":false,"boss_relics":[{"not_picked":["Snecko Eye","Pandora\u0027s Box"],"picked":"Calling Bell"}],"items_purged_floors":[19],"is_endless":false,"potions_floor_spawned":[1,10,11,16,18,20,25],"killed_by":"Book of Stabbing","ascension_level":0}