{"gold_per_floor":[109,122,122,146,146,146,246,290,360,374,390,415,433,474,474,597,660,678,224,247,261,286,286,324,344,344,363,363],"floor_reached":28,"playtime":2044,"items_purged":["Strike_R"],"score":371,"play_id":"6ceea65e-259b-409b-a535-4a651c867aff","local_time":"20190131153758","is_ascension_mode":true,"campfire_choices":[{"data":"Bash","floor":6,"key":"SMITH"},{"data":"Uppercut","floor":15,"key":"SMITH"},{"floor":23,"key":"REST"}],"neow_cost":"NONE","seed_source_timestamp":97983555519100,"circlet_count":0,"master_deck":["Strike_R","Strike_R","Strike_R","Strike_R","Defend_R","Defend_R","Defend_R","Defend_R","Bash+1","Reaper+1","Inflame","Shrug It Off","Infernal Blade","Uppercut+1","Pommel Strike","Clash","Pommel Strike","Anger","Double Tap","Infernal Blade","Shockwave","Cleave+1","Corruption","Iron Wave+1","Rampage","Armaments","Iron Wave"],"relics":["Burning Blood","Golden Idol","Art of War","Pear","Charon\u0027s Ashes","Tiny House","Prayer Wheel","Mummified Hand","Self Forming Clay"],"potions_floor_usage":[13,21,22,24,24,28],"damage_taken":[{"damage":2,"enemies":"2 Louse","floor":1,"turns":6},{"damage":6,"enemies":"Cultist","floor":2,"turns":4},{"damage":4,"enemies":"Small Slimes","floor":4,"turns":4},{"damage":8,"enemies":"Gremlin Nob","floor":8,"turns":3},{"damage":0,"enemies":"Exordium Wildlife","floor":10,"turns":3},{"damage":8,"enemies":"Looter","floor":11,"turns":3},{"damage":4,"enemies":"2 Fungi Beasts","floor":12,"turns":4},{"damage":8,"enemies":"3 Louse","floor":13,"turns":3},{"damage":27,"enemies":"3 Sentries","floor":14,"turns":8},{"damage":21,"enemies":"Slime Boss","floor":16,"turns":7},{"damage":26,"enemies":"Chosen","floor":18,"turns":6},{"damage":19,"enemies":"Spheric Guardian","floor":20,"turns":4},{"damage":31,"enemies":"Cultist and Chosen","floor":21,"turns":5},{"damage":30,"enemies":"Shelled Parasite and Fungi","floor":22,"turns":3},{"damage":25,"enemies":"Gremlin Leader","floor":24,"turns":6},{"damage":21,"enemies":"3 Cultists","floor":25,"turns":4},{"damage":20,"enemies":"Snecko","floor":27,"turns":5},{"damage":32,"enemies":"Chosen and Byrds","floor":28,"turns":6}],"seed_played":"670627758887798872","potions_obtained":[{"floor":1,"key":"Block Potion"},{"floor":4,"key":"Regen Potion"},{"floor":10,"key":"BloodPotion"},{"floor":17,"key":"Energy Potion"},{"floor":21,"key":"Dexterity Potion"},{"floor":22,"key":"EssenceOfSteel"},{"floor":25,"key":"FearPotion"}],"is_trial":false,"path_per_floor":["M","M","?","M","$","R","?","E","T","M","M","M","M","E","R","B",null,"M","$","M","M","M","R","E","M","T","M","M"],"character_chosen":"IRONCLAD","items_purchased":["Shockwave","Prayer Wheel"],"campfire_rested":1,"item_purchase_floors":[19,19],"current_hp_per_floor":[80,80,60,68,68,68,68,66,76,90,88,90,88,75,75,60,88,68,68,55,39,24,52,33,33,33,19,0],"gold":363,"neow_bonus":"ONE_RANDOM_RARE_CARD","is_prod":false,"is_daily":false,"chose_seed":false,"campfire_upgraded":2,"win_rate":0,"timestamp":1548920278,"path_taken":["M","M","?","M","$","R","?","E","T","M","M","M","M","E","R","BOSS","M","$","M","M","M","R","E","M","T","M","?"],"build_version":"2019-01-23","purchased_purges":1,"victory":false,"max_hp_per_floor":[80,80,80,80,80,80,80,80,90,90,90,90,90,90,90,90,95,95,95,95,95,95,95,95,95,95,95,95],"card_choices":[{"not_picked":["Infernal Blade","Flex"],"picked":"Inflame","floor":1},{"not_picked":["Flex","True Grit"],"picked":"Shrug It Off","floor":2},{"not_picked":["Sever Soul","Fire Breathing"],"picked":"Infernal Blade","floor":4},{"not_picked":["Entrench","Flex"],"picked":"Uppercut","floor":8},{"not_picked":["Heavy Blade","Iron Wave"],"picked":"Pommel Strike","floor":10},{"not_picked":["Sword Boomerang","Blood for Blood"],"picked":"Clash","floor":11},{"not_picked":["Searing Blow","Heavy Blade"],"picked":"Pommel Strike","floor":12},{"not_picked":["Blood for Blood","Headbutt","Havoc"],"picked":"SKIP","floor":13},{"not_picked":["Headbutt","Sword Boomerang"],"picked":"Anger","floor":14},{"not_picked":["Dark Embrace","Brutality"],"picked":"Double Tap","floor":16},{"not_picked":["Uppercut","Shrug It Off"],"picked":"Infernal Blade","floor":17},{"not_picked":["Body Slam","Pummel","Perfected Strike"],"picked":"SKIP","floor":18},{"not_picked":["Disarm","Warcry"],"picked":"Cleave+1","floor":20},{"not_picked":["Sword Boomerang","Reckless Charge","Hemokinesis"],"picked":"SKIP","floor":20},{"not_picked":["Heavy Blade","Battle Trance"],"picked":"Corruption","floor":21},{"not_picked":["Flex","Intimidate"],"picked":"Iron Wave+1","floor":21},{"not_picked":["Pummel+1","Rage"],"picked":"Rampage","floor":22},{"not_picked":["Warcry+1","Headbutt","Pommel Strike+1"],"picked":"SKIP","floor":22},{"not_picked":["Sword Boomerang+1","Bloodletting+1","Havoc"],"picked":"SKIP","floor":24},{"not_picked":["Evolve","Rampage"],"picked":"Armaments","floor":25},{"not_picked":["Searing Blow","Warcry"],"picked":"Iron Wave","floor":25},{"not_picked":["Heavy Blade","Perfected Strike+1","Brutality"],"picked":"SKIP","floor":27},{"not_picked":["Wild Strike","True Grit","Body Slam"],"picked":"SKIP","floor":27}],"player_experience":213309,"relics_obtained":[{"floor":8,"key":"Art of War"},{"floor":9,"key":"Pear"},{"floor":14,"key":"Charon\u0027s Ashes"},{"floor":24,"key":"Mummified Hand"},{"floor":26,"key":"Self Forming Clay"}],"event_choices":[{"damage_healed":0,"gold_gain":0,"player_choice":"Take Damage","damage_taken":20,"relics_obtained":["Golden Idol"],"max_hp_gain":0,"max_hp_loss":0,"event_name":"Golden Idol","floor":3,"gold_loss":0},{"damage_healed":0,"gold_gain":100,"player_choice":"Pray","damage_taken":0,"max_hp_gain":0,"max_hp_loss":0,"event_name":"Golden Shrine","floor":7,"gold_loss":0}],"is_beta":false,"boss_relics":[{"not_picked":["Mark of Pain","Velvet Choker"],"picked":"Tiny House"}],"items_purged_floors":[19],"is_endless":false,"potions_floor_spawned":[1,4,10,11,21,22,25],"killed_by":"Chosen and Byrds","ascension_level":7}