{"gold_per_floor":[359,534,554,43,56,91,91,110,136,136,136,170,190,190],"floor_reached":14,"playtime":405,"items_purged":[],"score":145,"play_id":"3873b857-88f6-4945-b9aa-bd7978ecd6d3","local_time":"20190130141304","is_ascension_mode":true,"campfire_choices":[{"data":"Zap","floor":7,"key":"SMITH"},{"floor":10,"key":"REST"}],"neow_cost":"TEN_PERCENT_HP_LOSS","seed_source_timestamp":1620068095504106,"circlet_count":0,"master_deck":["Strike_B","Strike_B","Strike_B","Strike_B","Defend_B","Defend_B","Defend_B","Defend_B","Zap+1","Dualcast","Go for the Eyes+1","Doubt","Rip and Tear+1","FTL","Flash of Steel","Go for the Eyes","Gash","Consume","Capacitor","Ball Lightning"],"relics":["Cracked Core","Sling","Oddly Smooth Stone","Whetstone","Happy Flower","Bag of Preparation"],"potions_floor_usage":[6,12,13],"damage_taken":[{"damage":7,"enemies":"2 Louse","floor":1,"turns":3},{"damage":2,"enemies":"Jaw Worm","floor":3,"turns":3},{"damage":8,"enemies":"Small Slimes","floor":5,"turns":2},{"damage":25,"enemies":"Gremlin Nob","floor":6,"turns":5},{"damage":9,"enemies":"Exordium Wildlife","floor":8,"turns":3},{"damage":24,"enemies":"3 Sentries","floor":12,"turns":5},{"damage":4,"enemies":"Lots of Slimes","floor":13,"turns":3},{"damage":20,"enemies":"Lagavulin","floor":14,"turns":2}],"seed_played":"-2190838216334889626","potions_obtained":[{"floor":3,"key":"Energy Potion"},{"floor":5,"key":"FocusPotion"},{"floor":8,"key":"FearPotion"},{"floor":13,"key":"GamblersBrew"}],"is_trial":false,"path_per_floor":["M","?","M","$","M","E","R","M","T","R","?","E","M","E"],"character_chosen":"DEFECT","items_purchased":["FTL","Flash of Steel","Sling","Oddly Smooth Stone"],"campfire_rested":1,"item_purchase_floors":[4,4,4,4],"current_hp_per_floor":[61,61,59,59,51,26,26,17,17,37,37,13,9,0],"gold":190,"neow_bonus":"TWO_FIFTY_GOLD","is_prod":false,"is_daily":false,"chose_seed":false,"campfire_upgraded":1,"win_rate":0,"timestamp":1548835984,"path_taken":["M","?","M","$","M","E","R","M","T","R","?","E","M","E"],"build_version":"2019-01-23","purchased_purges":0,"victory":false,"max_hp_per_floor":[68,68,68,68,68,68,68,68,68,68,68,68,68,68],"card_choices":[{"not_picked":["Cold Snap","Hologram"],"picked":"Go for the Eyes","floor":1},{"not_picked":["Steam","Stack"],"picked":"Rip and Tear","floor":3},{"not_picked":["Fusion","Darkness"],"picked":"Go for the Eyes","floor":5},{"not_picked":["Go for the Eyes","Barrage"],"picked":"Gash","floor":6},{"not_picked":["Compile Driver","Creative AI"],"picked":"Consume","floor":8},{"not_picked":["Conserve Battery","Gash"],"picked":"Capacitor","floor":12},{"not_picked":["Recycle","Redo"],"picked":"Ball Lightning","floor":13}],"player_experience":696850,"relics_obtained":[{"floor":6,"key":"Whetstone"},{"floor":9,"key":"Happy Flower"},{"floor":12,"key":"Bag of Preparation"}],"event_choices":[{"damage_healed":0,"gold_gain":175,"player_choice":"AGREE","damage_taken":0,"max_hp_gain":0,"max_hp_loss":0,"event_name":"Liars Game","floor":2,"gold_loss":0,"cards_obtained":["Doubt"]},{"damage_healed":0,"gold_gain":0,"player_choice":"Searched \u00270\u0027 times","damage_taken":0,"max_hp_gain":0,"max_hp_loss":0,"event_name":"Dead Adventurer","floor":11,"gold_loss":0}],"is_beta":false,"boss_relics":[],"items_purged_floors":[],"is_endless":false,"potions_floor_spawned":[3,5,8,13],"killed_by":"Lagavulin","ascension_level":9}