{"gold_per_floor":[119,119,294,71,146,146,206,106,156,185,203,213,69,88,88,190,190,205,11,11,11,25,60,60,60,60,60],"floor_reached":27,"playtime":1224,"items_purged":["Doubt","Strike_R"],"score":404,"play_id":"76e59f2b-d0e0-4884-8d80-155ee8aa28ee","local_time":"20190128142517","is_ascension_mode":true,"campfire_choices":[{"data":"Armaments","floor":6,"key":"SMITH"},{"data":"Barricade","floor":15,"key":"SMITH"},{"floor":24,"key":"REST"}],"neow_cost":"NONE","seed_source_timestamp":18316257325300,"circlet_count":0,"master_deck":["Strike_R","Strike_R+1","Strike_R","Strike_R","Defend_R","Defend_R","Defend_R","Defend_R","Bash","Armaments+1","Shrug It Off","Shockwave","Iron Wave+1","Body Slam","Barricade+1","Shrug It Off","Whirlwind"],"relics":["Burning Blood","NeowsBlessing","Oddly Smooth Stone","Strawberry","Tiny Chest","Bag of Marbles","The Courier","Black Star","Matryoshka","Dream Catcher","Centennial Puzzle","Whetstone","Darkstone Periapt"],"potions_floor_usage":[16,23,27,27],"damage_taken":[{"damage":0,"enemies":"2 Louse","floor":1,"turns":1},{"damage":0,"enemies":"Lagavulin","floor":7,"turns":1},{"damage":0,"enemies":"Gremlin Nob","floor":10,"turns":1},{"damage":0,"enemies":"Small Slimes","floor":11,"turns":3},{"damage":3,"enemies":"Jaw Worm","floor":12,"turns":5},{"damage":8,"enemies":"Blue Slaver","floor":14,"turns":6},{"damage":0,"enemies":"Slime Boss","floor":16,"turns":14},{"damage":6,"enemies":"Chosen","floor":18,"turns":5},{"damage":7,"enemies":"Shell Parasite","floor":22,"turns":9},{"damage":41,"enemies":"Slavers","floor":23,"turns":10},{"damage":85,"enemies":"Book of Stabbing","floor":27,"turns":8}],"seed_played":"6176877558458660988","potions_obtained":[{"floor":7,"key":"Dexterity Potion"},{"floor":11,"key":"BloodPotion"},{"floor":12,"key":"Explosive Potion"},{"floor":16,"key":"Regen Potion"}],"is_trial":false,"path_per_floor":["M","?","?","$","?","R","E","$","T","E","M","M","$","M","R","B",null,"M","$","?","?","M","E","R","$","T","E"],"character_chosen":"IRONCLAD","items_purchased":["Strawberry","Barricade","Shrug It Off","Matryoshka"],"campfire_rested":1,"item_purchase_floors":[4,13,13,19],"current_hp_per_floor":[80,77,77,84,73,73,79,79,79,85,87,87,87,85,85,87,87,87,87,70,70,69,34,61,61,61,0],"gold":60,"neow_bonus":"THREE_ENEMY_KILL","is_prod":false,"is_daily":false,"chose_seed":false,"campfire_upgraded":2,"win_rate":0,"timestamp":1548656717,"path_taken":["M","?","?","$","?","R","E","$","T","E","?","M","$","M","R","BOSS","M","$","?","?","M","E","R","$","T","E"],"build_version":"2019-01-23","purchased_purges":2,"victory":false,"max_hp_per_floor":[80,80,80,87,87,87,87,87,87,87,87,87,87,87,87,87,87,87,87,92,92,92,92,92,92,92,92],"card_choices":[{"not_picked":["Perfected Strike","Clash"],"picked":"Armaments","floor":1},{"not_picked":["Fire Breathing","True Grit"],"picked":"Shrug It Off","floor":7},{"not_picked":["Twin Strike","Inflame"],"picked":"Shockwave","floor":10},{"not_picked":["Carnage","Thunderclap"],"picked":"Iron Wave","floor":11},{"not_picked":["Power Through","Perfected Strike"],"picked":"Body Slam","floor":12},{"not_picked":["Corruption","Iron Wave","Wild Strike"],"picked":"SKIP","floor":14},{"not_picked":["Heavy Blade","Dropkick","Clash"],"picked":"SKIP","floor":18},{"not_picked":["Flex","Rage+1"],"picked":"Whirlwind","floor":22},{"not_picked":["Corruption","Cleave+1","Carnage+1"],"picked":"SKIP","floor":23}],"player_experience":177225,"relics_obtained":[{"floor":7,"key":"Tiny Chest"},{"floor":9,"key":"Bag of Marbles"},{"floor":10,"key":"The Courier"},{"floor":23,"key":"Dream Catcher"},{"floor":23,"key":"Centennial Puzzle"},{"floor":26,"key":"Whetstone"},{"floor":26,"key":"Darkstone Periapt"}],"event_choices":[{"damage_healed":0,"gold_gain":0,"player_choice":"Success","damage_taken":3,"relics_obtained":["Oddly Smooth Stone"],"max_hp_gain":0,"max_hp_loss":0,"event_name":"Scrap Ooze","floor":2,"gold_loss":0},{"damage_healed":0,"gold_gain":175,"player_choice":"AGREE","damage_taken":0,"max_hp_gain":0,"max_hp_loss":0,"event_name":"Liars Game","floor":3,"gold_loss":0,"cards_obtained":["Doubt"]},{"damage_healed":0,"gold_gain":75,"player_choice":"Gather Gold","damage_taken":11,"max_hp_gain":0,"max_hp_loss":0,"event_name":"World of Goop","floor":5,"gold_loss":0},{"damage_healed":0,"gold_gain":0,"player_choice":"Shed Blood","damage_taken":22,"max_hp_gain":5,"max_hp_loss":0,"event_name":"Forgotten Altar","floor":20,"gold_loss":0},{"damage_healed":0,"gold_gain":0,"player_choice":"Ignored","damage_taken":0,"max_hp_gain":0,"max_hp_loss":0,"event_name":"Ghosts","floor":21,"gold_loss":0}],"is_beta":false,"boss_relics":[{"not_picked":["Orrery","Ectoplasm"],"picked":"Black Star"}],"items_purged_floors":[4,8],"is_endless":false,"potions_floor_spawned":[7,11,12,14,16,18],"killed_by":"Book of Stabbing","ascension_level":4}