{"gold_per_floor":[111,111,125,125,137,137,151,163,163,175,175,202,257,61,61,160,160,180,195,15,32,47,47,66,66,93,93],"floor_reached":27,"playtime":1226,"items_purged":["Decay","Twin Strike"],"score":217,"play_id":"f7faae17-ff68-4c1d-90fa-251351aa383e","local_time":"20190203164901","is_ascension_mode":false,"campfire_choices":[{"data":"Flex","floor":6,"key":"SMITH"},{"data":"Inflame","floor":11,"key":"SMITH"},{"data":"Evolve","floor":15,"key":"SMITH"},{"data":"Corruption","floor":23,"key":"SMITH"},{"data":"Whirlwind","floor":25,"key":"SMITH"}],"neow_cost":"NONE","seed_source_timestamp":8236183343522,"circlet_count":0,"master_deck":["Bash+1","Cleave","Flex+1","Evolve+1","Inflame+1","Corruption+1","Immolate","Flame Barrier","Offering","Juggernaut","Sentinel+1","Corruption","Rage+1","Clothesline","Blood for Blood","Thunderclap","Twin Strike","Burning Pact+1","Pummel","Whirlwind+1","Feel No Pain","Iron Wave"],"relics":["Burning Blood","Dream Catcher","Shuriken","Matryoshka","Singing Bowl","Tiny Chest","Pandora\u0027s Box","Ornamental Fan","War Paint"],"potions_floor_usage":[7,7,12,16,21],"damage_taken":[{"damage":7,"enemies":"2 Louse","floor":1,"turns":2},{"damage":1,"enemies":"Cultist","floor":3,"turns":4},{"damage":8,"enemies":"Jaw Worm","floor":5,"turns":4},{"damage":10,"enemies":"Exordium Wildlife","floor":7,"turns":3},{"damage":11,"enemies":"Blue Slaver","floor":8,"turns":5},{"damage":2,"enemies":"3 Louse","floor":10,"turns":2},{"damage":23,"enemies":"Lagavulin","floor":12,"turns":6},{"damage":11,"enemies":"Gremlin Nob","floor":13,"turns":4},{"damage":30,"enemies":"Slime Boss","floor":16,"turns":6},{"damage":11,"enemies":"Spheric Guardian","floor":18,"turns":3},{"damage":15,"enemies":"Chosen","floor":19,"turns":4},{"damage":35,"enemies":"Shelled Parasite and Fungi","floor":21,"turns":6},{"damage":35,"enemies":"Centurion and Healer","floor":22,"turns":5},{"damage":6,"enemies":"Sentry and Sphere","floor":24,"turns":3},{"damage":12,"enemies":"Cultist and Chosen","floor":27,"turns":2}],"seed_played":"8351179810085569394","potions_obtained":[{"floor":3,"key":"FearPotion"},{"floor":5,"key":"SkillPotion"},{"floor":7,"key":"LiquidBronze"},{"floor":10,"key":"SpeedPotion"},{"floor":16,"key":"EssenceOfSteel"},{"floor":19,"key":"FearPotion"},{"floor":24,"key":"Explosive Potion"}],"is_trial":false,"path_per_floor":["M","?","M","?","M","R","M","M","T","M","R","E","?","$","R","B",null,"M","M","$","M","M","R","M","R","T","M"],"character_chosen":"IRONCLAD","items_purchased":["Tiny Chest","Whirlwind"],"campfire_rested":0,"item_purchase_floors":[14,20],"current_hp_per_floor":[79,79,80,80,78,78,74,69,69,73,73,56,53,53,53,29,82,77,68,68,39,10,10,12,12,12,0],"gold":93,"neow_bonus":"RANDOM_COMMON_RELIC","is_prod":false,"is_daily":false,"chose_seed":false,"campfire_upgraded":5,"win_rate":0,"timestamp":1549234141,"path_taken":["M","?","?","?","M","R","M","M","T","?","R","E","?","?","R","BOSS","M","M","$","M","M","R","M","R","T","M"],"build_version":"2019-01-23","purchased_purges":2,"victory":false,"max_hp_per_floor":[80,80,80,80,80,80,80,80,80,80,80,80,82,82,82,82,82,82,82,82,82,82,82,84,84,84,84],"card_choices":[{"not_picked":["Warcry","Combust"],"picked":"Cleave","floor":1},{"not_picked":["Pommel Strike","Clothesline"],"picked":"Flex","floor":3},{"not_picked":["Entrench","Bloodletting"],"picked":"Evolve","floor":5},{"not_picked":["Battle Trance","Sword Boomerang"],"picked":"Inflame","floor":7},{"not_picked":["Clothesline","Sword Boomerang"],"picked":"Corruption","floor":8},{"not_picked":["Searing Blow","Thunderclap"],"picked":"Immolate","floor":10},{"not_picked":["Perfected Strike","Flex"],"picked":"Flame Barrier","floor":12},{"not_picked":["Hemokinesis","Heavy Blade","True Grit"],"picked":"Singing Bowl","floor":13},{"not_picked":["Bludgeon","Double Tap"],"picked":"Offering","floor":16},{"not_picked":["Thunderclap+1","Hemokinesis"],"picked":"Burning Pact+1","floor":18},{"not_picked":["Heavy Blade+1","Headbutt"],"picked":"Pummel","floor":19},{"not_picked":["Rupture","Heavy Blade"],"picked":"Feel No Pain","floor":21},{"not_picked":["Havoc","Double Tap"],"picked":"Iron Wave","floor":22},{"not_picked":["Sever Soul+1","Sword Boomerang","Headbutt+1"],"picked":"Singing Bowl","floor":24}],"player_experience":718421,"relics_obtained":[{"floor":9,"key":"Shuriken"},{"floor":12,"key":"Matryoshka"},{"floor":13,"key":"Singing Bowl"},{"floor":26,"key":"Ornamental Fan"},{"floor":26,"key":"War Paint"}],"event_choices":[{"damage_healed":0,"gold_gain":0,"player_choice":"Upgraded","damage_taken":0,"max_hp_gain":0,"max_hp_loss":0,"event_name":"Upgrade Shrine","floor":2,"gold_loss":0,"cards_upgraded":["Bash"]},{"damage_healed":0,"gold_gain":0,"player_choice":"Cursed","damage_taken":0,"max_hp_gain":0,"max_hp_loss":0,"event_name":"Wheel of Change","floor":4,"gold_loss":0,"cards_obtained":["Decay"]},{"damage_healed":0,"gold_gain":0,"player_choice":"Searched \u00271\u0027 times","damage_taken":0,"max_hp_gain":0,"max_hp_loss":0,"event_name":"Dead Adventurer","floor":13,"gold_loss":0}],"is_beta":false,"boss_relics":[{"not_picked":["Astrolabe","Velvet Choker"],"picked":"Pandora\u0027s Box"}],"items_purged_floors":[14,20],"is_endless":false,"potions_floor_spawned":[3,5,7,10,16,19,24],"killed_by":"Cultist and Chosen","ascension_level":0}