{"gold_per_floor":[119,119,130,140,156,156,8,8,8,36,49,49,80,98,98,202,202,215,215,215,233,83,113,113,113,113,139,139],"floor_reached":28,"playtime":1804,"items_purged":["Strike_B"],"score":279,"play_id":"57b16460-f092-4e0c-bdaa-6885872386cd","local_time":"20190129232118","is_ascension_mode":true,"campfire_choices":[{"data":"Melter","floor":6,"key":"SMITH"},{"data":"Hello World","floor":12,"key":"SMITH"},{"data":"Compile Driver","floor":15,"key":"SMITH"},{"floor":24,"key":"REST"}],"neow_cost":"NONE","seed_source_timestamp":1269920356890900,"circlet_count":0,"master_deck":["Defend_B","Defend_B","Defend_B","Zap","Dualcast","Compile Driver+1","Sweeping Beam","Leap","Conserve Battery","Melter+1","Rebound","Self Repair","Coolheaded","Hello World+1","Doom and Gloom","Barrage","Buffer","Aggregate+1","Rainbow+1","Core Surge+1","Cold Snap","Turbo","All For One"],"relics":["Cracked Core","Omamori","Pantograph","Dodecahedron","Ancient Tea Set","Astrolabe","Mango","Enchiridion","Oddly Smooth Stone","Boot","MutagenicStrength","Gambling Chip","Meat on the Bone"],"potions_floor_usage":[13,16,23],"damage_taken":[{"damage":1,"enemies":"Cultist","floor":1,"turns":3},{"damage":0,"enemies":"Small Slimes","floor":3,"turns":2},{"damage":0,"enemies":"Jaw Worm","floor":4,"turns":3},{"damage":1,"enemies":"Looter","floor":5,"turns":3},{"damage":26,"enemies":"Lagavulin","floor":10,"turns":7},{"damage":0,"enemies":"3 Louse","floor":11,"turns":3},{"damage":23,"enemies":"Gremlin Nob","floor":13,"turns":4},{"damage":2,"enemies":"Blue Slaver","floor":14,"turns":4},{"damage":38,"enemies":"The Guardian","floor":16,"turns":8},{"damage":37,"enemies":"Shell Parasite","floor":18,"turns":5},{"damage":0,"enemies":"Spheric Guardian","floor":21,"turns":3},{"damage":49,"enemies":"Slavers","floor":23,"turns":6},{"damage":33,"enemies":"Book of Stabbing","floor":27,"turns":8},{"damage":14,"enemies":"Snake Plant","floor":28,"turns":2}],"seed_played":"-1155054647015416910","potions_obtained":[{"floor":4,"key":"LiquidBronze"},{"floor":5,"key":"FearPotion"},{"floor":10,"key":"Strength Potion"},{"floor":14,"key":"SkillPotion"},{"floor":18,"key":"SteroidPotion"},{"floor":21,"key":"SteroidPotion"},{"floor":23,"key":"GamblersBrew"}],"is_trial":false,"path_per_floor":["M","?","M","M","M","R","$","T","T","E","M","R","E","M","R","B",null,"M","?","?","M","$","E","R","?","T","E","M"],"character_chosen":"DEFECT","items_purchased":["Self Repair","Oddly Smooth Stone"],"campfire_rested":1,"item_purchase_floors":[7,22],"current_hp_per_floor":[74,74,74,74,73,73,73,73,73,54,61,61,45,50,50,37,75,45,59,43,50,50,8,34,34,34,8,0],"gold":139,"neow_bonus":"THREE_CARDS","is_prod":false,"is_daily":false,"chose_seed":false,"campfire_upgraded":3,"win_rate":0,"timestamp":1548822078,"path_taken":["M","?","?","M","M","R","$","?","T","E","M","R","E","M","R","BOSS","M","?","?","M","$","E","R","?","T","E","M"],"build_version":"2019-01-23","purchased_purges":1,"victory":false,"max_hp_per_floor":[75,75,75,75,75,75,75,75,75,75,75,75,75,75,75,75,75,75,89,89,89,89,89,89,89,89,89,89],"card_choices":[{"not_picked":["Leap","Stack"],"picked":"Compile Driver","floor":0},{"not_picked":["Redo","Fusion"],"picked":"Sweeping Beam","floor":1},{"not_picked":["Stack","Sweeping Beam"],"picked":"Conserve Battery","floor":3},{"not_picked":["Leap","Redo"],"picked":"Melter","floor":4},{"not_picked":["Aggregate","Hologram"],"picked":"Rebound","floor":5},{"not_picked":["Sweeping Beam","Rebound"],"picked":"Coolheaded","floor":10},{"not_picked":["Genetic Algorithm","Reinforced Body"],"picked":"Hello World","floor":11},{"not_picked":["Aggregate","Hologram"],"picked":"Doom and Gloom","floor":13},{"not_picked":["Beam Cell","Chaos"],"picked":"Barrage","floor":14},{"not_picked":["Rainbow","Thunder Strike"],"picked":"Buffer","floor":16},{"not_picked":["Genetic Algorithm","Force Field"],"picked":"Cold Snap","floor":18},{"not_picked":["Streamline","Hologram"],"picked":"Turbo","floor":21},{"not_picked":["Chill","Streamline"],"picked":"All For One","floor":23},{"not_picked":["Rainbow","Fusion","Redo"],"picked":"SKIP","floor":27}],"player_experience":94226,"relics_obtained":[{"floor":8,"key":"Omamori"},{"floor":9,"key":"Pantograph"},{"floor":10,"key":"Dodecahedron"},{"floor":13,"key":"Ancient Tea Set"},{"floor":20,"key":"Enchiridion"},{"floor":23,"key":"Boot"},{"floor":26,"key":"Gambling Chip"},{"floor":27,"key":"Meat on the Bone"}],"event_choices":[{"damage_healed":0,"gold_gain":0,"cards_transformed":["Strike_B"],"player_choice":"Transformed","damage_taken":0,"max_hp_gain":0,"max_hp_loss":0,"event_name":"Transmorgrifier","floor":2,"gold_loss":0,"cards_obtained":["Leap"]},{"damage_healed":0,"gold_gain":0,"player_choice":"Opened","damage_taken":0,"relics_obtained":["Mango"],"max_hp_gain":0,"max_hp_loss":0,"event_name":"The Mausoleum","floor":19,"gold_loss":0},{"damage_healed":0,"gold_gain":0,"player_choice":"Obtained Book","damage_taken":16,"max_hp_gain":0,"max_hp_loss":0,"event_name":"Cursed Tome","floor":20,"gold_loss":0},{"damage_healed":0,"gold_gain":0,"player_choice":"Inject Mutagens","damage_taken":0,"relics_obtained":["MutagenicStrength"],"max_hp_gain":0,"max_hp_loss":0,"event_name":"Drug Dealer","floor":25,"gold_loss":0}],"is_beta":false,"boss_relics":[{"not_picked":["Busted Crown","Empty Cage"],"picked":"Astrolabe"}],"items_purged_floors":[7],"is_endless":false,"potions_floor_spawned":[4,5,10,14,18,21,23],"killed_by":"Snake Plant","ascension_level":1}