{"gold_per_floor":[116,34,34,34,34,77,77,115,115,115,115,129,129],"floor_reached":13,"playtime":433,"items_purged":[],"score":93,"play_id":"625c9158-47aa-4f31-99ea-0a98a3b34b65","local_time":"20190130031549","is_ascension_mode":true,"campfire_choices":[{"data":"Rampage","floor":7,"key":"SMITH"},{"floor":10,"key":"REST"}],"neow_cost":"NONE","seed_source_timestamp":1285362387995200,"circlet_count":0,"master_deck":["Strike_R","Strike_R","Strike_R","Strike_R","Strike_R","Defend_R","Defend_R","Defend_R","Defend_R","Bash","Anger","Headbutt","Rampage+1","Double Tap","Dual Wield"],"relics":["Burning Blood","Golden Idol","Regal Pillow","Potion Belt","Thread and Needle","Shuriken"],"potions_floor_usage":[12,13],"damage_taken":[{"damage":5,"enemies":"Small Slimes","floor":1,"turns":3},{"damage":29,"enemies":"3 Sentries","floor":6,"turns":7},{"damage":26,"enemies":"Lagavulin","floor":8,"turns":5},{"damage":3,"enemies":"2 Louse","floor":12,"turns":2},{"damage":30,"enemies":"Gremlin Nob","floor":13,"turns":4}],"seed_played":"-3207295399199121834","potions_obtained":[{"floor":8,"key":"AttackPotion"},{"floor":12,"key":"PowerPotion"}],"is_trial":false,"path_per_floor":["M","$","?","?","$","E","R","E","T","R","?","M","E"],"character_chosen":"IRONCLAD","items_purchased":["Rampage"],"campfire_rested":1,"item_purchase_floors":[2],"current_hp_per_floor":[80,80,60,60,60,37,37,17,17,56,23,26,0],"gold":129,"neow_bonus":"THREE_CARDS","is_prod":false,"is_daily":false,"chose_seed":false,"campfire_upgraded":1,"win_rate":0,"timestamp":1548836149,"path_taken":["M","$","?","?","$","E","R","E","T","R","?","M","E"],"build_version":"2019-01-23","purchased_purges":0,"victory":false,"max_hp_per_floor":[80,80,80,80,80,80,80,80,80,80,80,80,80],"card_choices":[{"not_picked":["Pummel","Dropkick"],"picked":"Anger","floor":0},{"not_picked":["Wild Strike","Warcry"],"picked":"Headbutt","floor":1},{"not_picked":["Seeing Red","Thunderclap"],"picked":"Double Tap","floor":6},{"not_picked":["Sword Boomerang","Warcry","Perfected Strike"],"picked":"SKIP","floor":8},{"not_picked":["Reckless Charge","Armaments"],"picked":"Dual Wield","floor":12}],"player_experience":109293,"relics_obtained":[{"floor":6,"key":"Regal Pillow"},{"floor":8,"key":"Potion Belt"},{"floor":9,"key":"Thread and Needle"}],"event_choices":[{"damage_healed":0,"gold_gain":0,"player_choice":"Take Damage","damage_taken":20,"relics_obtained":["Golden Idol"],"max_hp_gain":0,"max_hp_loss":0,"event_name":"Golden Idol","floor":3,"gold_loss":0},{"damage_healed":0,"gold_gain":0,"player_choice":"Ignored","damage_taken":0,"max_hp_gain":0,"max_hp_loss":0,"event_name":"Liars Game","floor":4,"gold_loss":0},{"damage_healed":0,"gold_gain":0,"player_choice":"Success","damage_taken":33,"relics_obtained":["Shuriken"],"max_hp_gain":0,"max_hp_loss":0,"event_name":"Scrap Ooze","floor":11,"gold_loss":0}],"is_beta":false,"boss_relics":[],"items_purged_floors":[],"is_endless":false,"potions_floor_spawned":[8,12],"killed_by":"Gremlin Nob","ascension_level":1}