{"gold_per_floor":[118,136,151,162,87,87,115,115,115,144,67,67,87,115,115,215,215,230,220,220,232,147,175,175,175,175,185,185,213,113,147,147,247,247,267,142,157,167,167,198,208,208,208,57,73,73,73,43,43,43],"floor_reached":50,"playtime":2605,"items_purged":["Bash","Strike_R","Strike_R"],"score":704,"play_id":"22d8644b-0e4d-4a51-9112-6a43f18d8e5e","local_time":"20190130035926","is_ascension_mode":true,"campfire_choices":[{"data":"Rage","floor":6,"key":"SMITH"},{"data":"Anger","floor":8,"key":"SMITH"},{"data":"Inflame","floor":15,"key":"SMITH"},{"data":"Spot Weakness","floor":24,"key":"SMITH"},{"floor":28,"key":"REST"},{"floor":32,"key":"REST"},{"floor":42,"key":"RECALL"},{"data":"Limit Break","floor":47,"key":"SMITH"},{"floor":49,"key":"REST"}],"neow_cost":"NONE","seed_source_timestamp":1285806478409500,"circlet_count":0,"master_deck":["Strike_R","Strike_R","Defend_R","Defend_R","Defend_R","Anger+1","Rage+1","Ghostly Armor","Bludgeon+1","Rampage+1","Spot Weakness+1","Anger+1","Inflame+1","Pommel Strike+1","Cleave+1","Heavy Blade+1","Inflame+1","Limit Break+1","Inflame+1","Battle Trance+1","Limit Break"],"relics":["Burning Blood","Nunchaku","Ice Cream","Charon\u0027s Ashes","Pen Nib","Sozu","PreservedInsect","Calipers","Singing Bowl","Question Card","Pear","White Beast Statue","Whetstone","Anchor"],"potions_floor_usage":[14,14,16,23],"damage_taken":[{"damage":8,"enemies":"2 Louse","floor":1,"turns":3},{"damage":1,"enemies":"Cultist","floor":2,"turns":3},{"damage":2,"enemies":"Small Slimes","floor":3,"turns":4},{"damage":0,"enemies":"Looter","floor":4,"turns":4},{"damage":28,"enemies":"3 Sentries","floor":7,"turns":13},{"damage":18,"enemies":"Lagavulin","floor":10,"turns":6},{"damage":0,"enemies":"3 Louse","floor":13,"turns":4},{"damage":7,"enemies":"Gremlin Nob","floor":14,"turns":4},{"damage":0,"enemies":"Slime Boss","floor":16,"turns":5},{"damage":5,"enemies":"Spheric Guardian","floor":18,"turns":3},{"damage":15,"enemies":"2 Thieves","floor":19,"turns":4},{"damage":15,"enemies":"Snake Plant","floor":21,"turns":4},{"damage":34,"enemies":"Gremlin Leader","floor":23,"turns":4},{"damage":17,"enemies":"Shelled Parasite and Fungi","floor":27,"turns":4},{"damage":19,"enemies":"Slavers","floor":29,"turns":4},{"damage":21,"enemies":"Book of Stabbing","floor":31,"turns":4},{"damage":53,"enemies":"Automaton","floor":33,"turns":8},{"damage":32,"enemies":"3 Darklings","floor":35,"turns":4},{"damage":14,"enemies":"3 Shapes","floor":37,"turns":3},{"damage":21,"enemies":"3 Darklings","floor":38,"turns":3},{"damage":3,"enemies":"Giant Head","floor":40,"turns":5},{"damage":26,"enemies":"Maw","floor":41,"turns":6},{"damage":10,"enemies":"Sphere and 2 Shapes","floor":45,"turns":3},{"damage":86,"enemies":"Awakened One","floor":50,"turns":7}],"seed_played":"-3334359242037707474","potions_obtained":[{"floor":2,"key":"Ancient Potion"},{"floor":7,"key":"FearPotion"},{"floor":10,"key":"EssenceOfSteel"},{"floor":14,"key":"Fire Potion"},{"floor":16,"key":"Dexterity Potion"}],"is_trial":false,"path_per_floor":["M","M","M","M","$","R","E","R","T","E","$","?","M","E","R","B",null,"M","M","?","M","?","E","R","?","T","M","R","E","$","E","R","B",null,"M","$","M","M","?","E","M","R","T","$","M","?","R","?","R","B"],"character_chosen":"IRONCLAD","items_purchased":["Spot Weakness","Anchor"],"campfire_rested":3,"item_purchase_floors":[11,44],"current_hp_per_floor":[86,88,88,88,88,88,66,66,66,54,54,54,60,59,59,65,88,88,79,79,70,70,42,42,25,25,14,41,28,28,25,56,9,105,79,79,73,60,60,65,45,45,45,45,41,41,41,41,74,0],"gold":43,"neow_bonus":"TEN_PERCENT_HP_BONUS","is_prod":false,"is_daily":false,"chose_seed":false,"campfire_upgraded":5,"win_rate":0,"timestamp":1548838766,"path_taken":["M","M","M","M","$","R","E","R","T","E","$","?","?","E","R","BOSS","M","M","?","?","?","E","R","?","T","M","R","E","$","E","R","BOSS","M","$","M","M","?","E","?","R","T","$","?","?","R","?","R","BOSS"],"build_version":"2019-01-23","purchased_purges":3,"victory":false,"max_hp_per_floor":[88,88,88,88,88,88,88,88,88,88,88,88,88,88,88,88,88,88,88,88,88,88,88,88,93,93,93,93,93,93,105,105,105,105,105,105,107,109,109,111,111,111,111,111,111,111,111,111,111,111],"card_choices":[{"not_picked":["Sword Boomerang","Thunderclap","Clothesline"],"picked":"SKIP","floor":1},{"not_picked":["Perfected Strike","Havoc"],"picked":"Anger","floor":2},{"not_picked":["Anger","Havoc"],"picked":"Rage","floor":3},{"not_picked":["Perfected Strike","Bloodletting"],"picked":"Ghostly Armor","floor":4},{"not_picked":["True Grit","Sword Boomerang"],"picked":"Bludgeon","floor":7},{"not_picked":["Body Slam","Disarm"],"picked":"Rampage","floor":10},{"not_picked":["Pummel","Iron Wave"],"picked":"Inflame","floor":13},{"not_picked":["Metallicize","Infernal Blade","True Grit"],"picked":"SKIP","floor":14},{"not_picked":["Hemokinesis","Wild Strike","Uppercut+1"],"picked":"SKIP","floor":18},{"not_picked":["Blood for Blood","Rupture","Cleave+1"],"picked":"SKIP","floor":19},{"not_picked":["Iron Wave","Pummel+1"],"picked":"Pommel Strike+1","floor":21},{"not_picked":["Flex","Clothesline"],"picked":"Cleave+1","floor":23},{"not_picked":["Evolve","Body Slam"],"picked":"Heavy Blade+1","floor":27},{"not_picked":["Disarm+1","Brutality"],"picked":"Inflame+1","floor":29},{"not_picked":["Clothesline","Sword Boomerang","Shockwave","Metallicize"],"picked":"Singing Bowl","floor":31},{"not_picked":["Fiend Fire","Offering","Reaper"],"picked":"Limit Break","floor":33},{"not_picked":["Searing Blow","Disarm","True Grit"],"picked":"Inflame+1","floor":35},{"not_picked":["Pummel","Anger","Wild Strike","Pommel Strike"],"picked":"Singing Bowl","floor":37},{"not_picked":["Perfected Strike+1","Metallicize","Pummel","Wild Strike+1"],"picked":"Singing Bowl","floor":38},{"not_picked":["Anger+1","Flex+1","Clash+1","Dual Wield+1"],"picked":"Singing Bowl","floor":40},{"not_picked":["Searing Blow+1","Power Through","Sentinel"],"picked":"Battle Trance+1","floor":41},{"not_picked":["True Grit+1","Clash","Headbutt"],"picked":"Limit Break","floor":45}],"player_experience":109726,"relics_obtained":[{"floor":7,"key":"Nunchaku"},{"floor":9,"key":"Ice Cream"},{"floor":10,"key":"Charon\u0027s Ashes"},{"floor":14,"key":"Pen Nib"},{"floor":23,"key":"Calipers"},{"floor":26,"key":"Singing Bowl"},{"floor":29,"key":"Question Card"},{"floor":31,"key":"Pear"},{"floor":40,"key":"Whetstone"}],"event_choices":[{"damage_healed":0,"gold_gain":0,"cards_transformed":["Strike_R"],"player_choice":"Transformed","damage_taken":0,"max_hp_gain":0,"max_hp_loss":0,"event_name":"Transmorgrifier","floor":12,"gold_loss":0,"cards_obtained":["Anger"]},{"damage_healed":0,"gold_gain":0,"player_choice":"Forge","damage_taken":0,"max_hp_gain":0,"max_hp_loss":0,"event_name":"Accursed Blacksmith","floor":20,"gold_loss":0,"cards_upgraded":["Rampage"]},{"damage_healed":0,"gold_gain":0,"player_choice":"Obtained Relic","damage_taken":0,"relics_obtained":["PreservedInsect"],"max_hp_gain":0,"max_hp_loss":0,"event_name":"Addict","floor":22,"gold_loss":85},{"damage_healed":0,"gold_gain":0,"player_choice":"Shed Blood","damage_taken":22,"max_hp_gain":5,"max_hp_loss":0,"event_name":"Forgotten Altar","floor":25,"gold_loss":0},{"cards_removed":["Defend_R"],"damage_healed":0,"gold_gain":0,"player_choice":"Offered Basic","damage_taken":0,"max_hp_gain":0,"max_hp_loss":0,"event_name":"Bonfire Elementals","floor":39,"gold_loss":0},{"damage_healed":0,"gold_gain":0,"player_choice":"Ignored","damage_taken":0,"max_hp_gain":0,"max_hp_loss":0,"event_name":"Mysterious Sphere","floor":46,"gold_loss":0},{"damage_healed":0,"gold_gain":0,"player_choice":"Bought 2 Potions","damage_taken":0,"max_hp_gain":0,"max_hp_loss":0,"event_name":"The Woman in Blue","floor":48,"gold_loss":0}],"is_beta":false,"boss_relics":[{"not_picked":["Runic Cube","Calling Bell"],"picked":"Sozu"},{"not_picked":["Busted Crown","Black Blood"],"picked":"White Beast Statue"}],"items_purged_floors":[5,30,36],"is_endless":false,"potions_floor_spawned":[2,7,10,14,16,18,19,27,33,35,37,38,40,41,45],"killed_by":"Awakened One","ascension_level":1}