{"gold_per_floor":[110,158,168,185,201,201,235,235,316,37,37,37,56,56,56,134,134,150,168,188,138,154,154,188,188,188,207,217,142,173,183,183,259,259,270,287,304,324,174,174,199,199,223,239,252,252,15,15,15,15],"floor_reached":51,"playtime":3972,"items_purged":["Strike_R","Strike_R"],"score":1700,"play_id":"7f5e2fcc-a0fd-41c3-bda0-db54363c9f6c","local_time":"20190205003212","is_ascension_mode":true,"campfire_choices":[{"data":"Armaments","floor":6.0,"key":"SMITH"},{"floor":8.0,"key":"REST"},{"floor":15.0,"key":"REST"},{"floor":23.0,"key":"REST"},{"floor":25.0,"key":"REST"},{"floor":32.0,"key":"REST"},{"data":"Feel No Pain","floor":40,"key":"SMITH"},{"data":"Fiend Fire","floor":42,"key":"SMITH"},{"data":"Offering","floor":46,"key":"SMITH"},{"data":"Feel No Pain","floor":49,"key":"SMITH"}],"neow_cost":"NONE","seed_source_timestamp":0,"circlet_count":0,"master_deck":["AscendersBane","Defend_R","Defend_R","Defend_R","Defend_R","Bash","Clothesline","Flame Barrier","Disarm","Armaments+1","Pommel Strike","Shrug It Off","Searing Blow","Offering+1","Pummel","Corruption+1","Flame Barrier","Shrug It Off","Ghostly Armor","Fiend Fire+1","Infernal Blade","Disarm","Exhume","Feel No Pain+1","Shrug It Off+1","Bloodletting","Shrug It Off+1","Metallicize+1","Rupture","Bloodletting","Ghostly Armor","Seeing Red+1","Shockwave+1","Rupture","Feel No Pain+1","Armaments","Deep Breath","Magnetism","Sadistic Nature"],"special_seed":0,"relics":["Burning Blood","Oddly Smooth Stone","Dead Branch","Bottled Lightning","Matryoshka","Blood Vial","Black Star","Prayer Wheel","FossilizedHelix","Dodecahedron","Mummified Hand","Magic Flower","Bottled Tornado","Sozu","Meat on the Bone","Happy Flower","Shuriken","Ancient Tea Set"],"potions_floor_usage":[],"damage_taken":[{"damage":2.0,"enemies":"Cultist","floor":1.0,"turns":4.0},{"damage":10.0,"enemies":"Jaw Worm","floor":3.0,"turns":4.0},{"damage":7.0,"enemies":"Small Slimes","floor":4.0,"turns":4.0},{"damage":13.0,"enemies":"Exordium Thugs","floor":5.0,"turns":10.0},{"damage":61.0,"enemies":"3 Sentries","floor":7.0,"turns":17.0},{"damage":5.0,"enemies":"3 Louse","floor":13.0,"turns":4.0},{"damage":23.0,"enemies":"The Guardian","floor":16.0,"turns":12.0},{"damage":6.0,"enemies":"2 Thieves","floor":18.0,"turns":4.0},{"damage":37.0,"enemies":"Chosen","floor":19.0,"turns":6.0},{"damage":22.0,"enemies":"Snake Plant","floor":20.0,"turns":5.0},{"damage":6.0,"enemies":"Centurion and Healer","floor":22.0,"turns":4.0},{"damage":21.0,"enemies":"Book of Stabbing","floor":24.0,"turns":4.0},{"damage":14.0,"enemies":"Cultist and Chosen","floor":27.0,"turns":5.0},{"damage":0.0,"enemies":"Chosen and Byrds","floor":28.0,"turns":5.0},{"damage":36.0,"enemies":"Slavers","floor":30.0,"turns":7.0},{"damage":0.0,"enemies":"3 Cultists","floor":31.0,"turns":5.0},{"damage":9.0,"enemies":"Champ","floor":33.0,"turns":3.0},{"damage":0.0,"enemies":"3 Darklings","floor":35.0,"turns":3.0},{"damage":0.0,"enemies":"3 Shapes","floor":36.0,"turns":1.0},{"damage":3,"enemies":"Transient","floor":37,"turns":4},{"damage":6,"enemies":"4 Shapes","floor":38,"turns":2},{"damage":0,"enemies":"Reptomancer","floor":41,"turns":2},{"damage":0,"enemies":"3 Darklings","floor":44,"turns":1},{"damage":0,"enemies":"Jaw Worm Horde","floor":45,"turns":2},{"damage":15,"enemies":"Donu and Deca","floor":50,"turns":2}],"seed_played":"-7264438052553642673","potions_obtained":[{"floor":4.0,"key":"Energy Potion"},{"floor":7.0,"key":"GamblersBrew"},{"floor":13.0,"key":"Weak Potion"},{"floor":20.0,"key":"PowerPotion"},{"floor":22.0,"key":"FairyPotion"},{"floor":28.0,"key":"Energy Potion"},{"floor":30.0,"key":"Dexterity Potion"}],"is_trial":false,"path_per_floor":["M","T","M","M","M","R","E","R","T","$","?","?","M","?","R","B",null,"M","M","M","?","M","R","E","R","T","M","M","?","E","M","R","B",null,"M","M","M","M","$","R","E","R","T","M","M","R","$","?","R","B",null],"character_chosen":"IRONCLAD","items_purchased":["Matryoshka","Rupture","Feel No Pain","Armaments"],"campfire_rested":5,"item_purchase_floors":[10,39,47,47],"current_hp_per_floor":[79,79,75,74,67,67,12,36,36,36,25,25,28,28,52,37,71,73,44,30,30,32,56,43,67,67,61,69,69,41,53,77,80,82,82,82,82,82,82,82,82,82,82,82,82,82,82,72,72,69],"gold":15,"neow_bonus":"TEN_PERCENT_HP_BONUS","is_prod":false,"is_daily":false,"chose_seed":false,"campfire_upgraded":5,"win_rate":0,"timestamp":1549344732,"path_taken":["M","?","M","M","M","R","E","R","T","$","?","?","?","?","R","BOSS","M","M","?","?","M","R","E","R","T","M","?","?","E","M","R","BOSS","M","M","M","M","$","R","E","R","T","M","M","R","$","?","R","BOSS"],"build_version":"2019-01-23","purchased_purges":2,"victory":true,"max_hp_per_floor":[82,82,82,82,82,82,82,82,82,82,82,82,82,82,82,82,82,82,82,82,82,82,82,82,82,82,82,82,82,82,82,82,82,82,82,82,82,82,82,82,82,82,82,82,82,82,82,82,82,82],"card_choices":[{"not_picked":["Seeing Red","Armaments"],"picked":"Clothesline","floor":1.0},{"not_picked":["Havoc","Battle Trance"],"picked":"Flame Barrier","floor":3.0},{"not_picked":["Twin Strike","Feel No Pain"],"picked":"Disarm","floor":4.0},{"not_picked":["Flame Barrier","Headbutt"],"picked":"Armaments","floor":5.0},{"not_picked":["Thunderclap","Sword Boomerang"],"picked":"Pommel Strike","floor":7.0},{"not_picked":["Bludgeon","Twin Strike"],"picked":"Shrug It Off","floor":13.0},{"not_picked":["Limit Break","Exhume"],"picked":"Offering","floor":16.0},{"not_picked":["Rampage","Carnage"],"picked":"Pummel","floor":18.0},{"not_picked":["Clothesline","Dropkick+1","Uppercut"],"picked":"SKIP","floor":19.0},{"not_picked":["Headbutt","Flex"],"picked":"Corruption+1","floor":20.0},{"not_picked":["Anger","Wild Strike","Perfected Strike"],"picked":"SKIP","floor":22.0},{"not_picked":["Iron Wave","Whirlwind"],"picked":"Flame Barrier","floor":24.0},{"not_picked":["Spot Weakness","Armaments"],"picked":"Shrug It Off","floor":27.0},{"not_picked":["Thunderclap","Combust","Anger+1"],"picked":"SKIP","floor":27.0},{"not_picked":["Blood for Blood","Fire Breathing"],"picked":"Ghostly Armor","floor":28.0},{"not_picked":["Sever Soul","Pommel Strike"],"picked":"Fiend Fire","floor":28.0},{"not_picked":["Thunderclap+1","Carnage"],"picked":"Infernal Blade","floor":30.0},{"not_picked":["Spot Weakness","Headbutt"],"picked":"Disarm","floor":31.0},{"not_picked":["Perfected Strike","Evolve","Wild Strike+1"],"picked":"SKIP","floor":31.0},{"not_picked":["Bludgeon","Dark Embrace"],"picked":"Exhume","floor":33.0},{"not_picked":["Sword Boomerang","Second Wind"],"picked":"Feel No Pain","floor":35.0},{"not_picked":["Corruption","Wild Strike+1","Headbutt+1"],"picked":"SKIP","floor":35.0},{"not_picked":["Anger+1","Warcry"],"picked":"Shrug It Off+1","floor":36.0},{"not_picked":["Battle Trance","Heavy Blade+1","Searing Blow"],"picked":"SKIP","floor":36.0},{"not_picked":["Rampage","True Grit"],"picked":"Bloodletting","floor":37},{"not_picked":["Thunderclap","Berserk","Warcry+1"],"picked":"SKIP","floor":37},{"not_picked":["Armaments","Combust+1"],"picked":"Shrug It Off+1","floor":38},{"not_picked":["Sword Boomerang","Warcry"],"picked":"Metallicize+1","floor":38},{"not_picked":["Headbutt","Havoc"],"picked":"Bloodletting","floor":41},{"not_picked":["Power Through","Sword Boomerang"],"picked":"Ghostly Armor","floor":44},{"not_picked":["Iron Wave","Pommel Strike"],"picked":"Seeing Red+1","floor":44},{"not_picked":["True Grit","Power Through+1"],"picked":"Shockwave+1","floor":45},{"not_picked":["Feed","Wild Strike"],"picked":"Rupture","floor":45},{"not_picked":["Impatience","Violence"],"picked":"Deep Breath","floor":48},{"not_picked":["Dramatic Entrance","Mind Blast"],"picked":"Magnetism","floor":48},{"not_picked":["Forethought","Madness"],"picked":"Sadistic Nature","floor":48}],"player_experience":1175313,"relics_obtained":[{"floor":2.0,"key":"Oddly Smooth Stone"},{"floor":7.0,"key":"Dead Branch"},{"floor":9.0,"key":"Bottled Lightning"},{"floor":24.0,"key":"Prayer Wheel"},{"floor":24.0,"key":"FossilizedHelix"},{"floor":26.0,"key":"Dodecahedron"},{"floor":26.0,"key":"Mummified Hand"},{"floor":30.0,"key":"Magic Flower"},{"floor":30.0,"key":"Bottled Tornado"},{"floor":41,"key":"Meat on the Bone"},{"floor":41,"key":"Happy Flower"},{"floor":43,"key":"Shuriken"},{"floor":43,"key":"Ancient Tea Set"}],"event_choices":[{"damage_healed":0.0,"max_hp_gain":0.0,"max_hp_loss":0.0,"gold_gain":0.0,"event_name":"Scrap Ooze","player_choice":"Success","floor":11.0,"gold_loss":0.0,"damage_taken":11.0,"relics_obtained":["Blood Vial"]},{"cards_removed":["Strike_R"],"damage_healed":0.0,"max_hp_gain":0.0,"max_hp_loss":0.0,"gold_gain":0.0,"event_name":"Living Wall","player_choice":"Forget","floor":12.0,"gold_loss":0.0,"damage_taken":0.0},{"damage_healed":0.0,"max_hp_gain":0.0,"max_hp_loss":0.0,"gold_gain":0.0,"cards_transformed":["Strike_R"],"event_name":"Transmorgrifier","player_choice":"Transformed","floor":14.0,"gold_loss":0.0,"damage_taken":0.0,"cards_obtained":["Searing Blow"]},{"damage_healed":0.0,"max_hp_gain":0.0,"max_hp_loss":0.0,"gold_gain":0.0,"event_name":"The Joust","player_choice":"Bet on Murderer","floor":21.0,"gold_loss":50.0,"damage_taken":0.0},{"cards_removed":["Strike_R"],"damage_healed":0.0,"max_hp_gain":0.0,"max_hp_loss":0.0,"gold_gain":0.0,"event_name":"Beggar","player_choice":"Gave Gold","floor":29.0,"gold_loss":75.0,"damage_taken":0.0},{"damage_healed":0,"gold_gain":0,"player_choice":"Memory 3","damage_taken":10,"max_hp_gain":0,"max_hp_loss":0,"event_name":"SensoryStone","floor":48,"gold_loss":0}],"is_beta":false,"boss_relics":[{"not_picked":["Pandora\u0027s Box","Coffee Dripper"],"picked":"Black Star"},{"not_picked":["White Beast Statue","Velvet Choker"],"picked":"Sozu"}],"items_purged_floors":[39,47],"is_endless":false,"potions_floor_spawned":[4,7,13,20,22,28,30,31,35,37,41],"ascension_level":19}