{"gold_per_floor":[115,190,190,38,48,48,79,97,97,126,140,140,163,163,163,286,286,226,26,26,26,41,41,61,97,97,97],"floor_reached":27,"playtime":1191,"items_purged":["Pain","Strike_B"],"score":294,"play_id":"4c5b641c-382f-4b10-859f-3dac346374f4","local_time":"20190205041557","is_ascension_mode":true,"campfire_choices":[{"data":"Zap","floor":6,"key":"SMITH"},{"data":"Hologram","floor":15,"key":"SMITH"},{"data":"Reinforced Body","floor":23,"key":"SMITH"}],"neow_cost":"NONE","seed_source_timestamp":1806611253963200,"circlet_count":0,"master_deck":["Strike_B","Strike_B","Strike_B","Defend_B","Defend_B","Defend_B","Defend_B","Zap+1","Dualcast","Self Repair","Gash","Rebound","Sweeping Beam","Hologram+1","Steam","Loop+1","Rebound","Cold Snap","Buffer+1","Steam+1","Go for the Eyes","Leap","Reinforced Body+1","Static Discharge+1","Gash"],"relics":["Cracked Core","NeowsBlessing","WarpedTongs","Frozen Egg 2","Ornamental Fan","Odd Mushroom","Golden Idol","Inserter","Enchiridion","Anchor","Kunai"],"potions_floor_usage":[10,10,14,18,22,25,25,27],"damage_taken":[{"damage":0,"enemies":"Small Slimes","floor":1,"turns":1},{"damage":0,"enemies":"Jaw Worm","floor":5,"turns":1},{"damage":0,"enemies":"Lagavulin","floor":7,"turns":1},{"damage":1,"enemies":"Cultist","floor":8,"turns":3},{"damage":5,"enemies":"The Mushroom Lair","floor":10,"turns":3},{"damage":8,"enemies":"3 Louse","floor":11,"turns":3},{"damage":0,"enemies":"Blue Slaver","floor":13,"turns":4},{"damage":0,"enemies":"2 Fungi Beasts","floor":14,"turns":2},{"damage":20,"enemies":"Hexaghost","floor":16,"turns":8},{"damage":1,"enemies":"2 Thieves","floor":18,"turns":4},{"damage":16,"enemies":"3 Byrds","floor":22,"turns":3},{"damage":14,"enemies":"Snecko","floor":24,"turns":11},{"damage":28,"enemies":"Slavers","floor":25,"turns":6},{"damage":9,"enemies":"Centurion and Healer","floor":27,"turns":8}],"seed_played":"-6311807001261262634","potions_obtained":[{"floor":1,"key":"Dexterity Potion"},{"floor":7,"key":"Swift Potion"},{"floor":10,"key":"Energy Potion"},{"floor":13,"key":"AttackPotion"},{"floor":16,"key":"Strength Potion"},{"floor":21,"key":"Swift Potion"},{"floor":21,"key":"SteroidPotion"},{"floor":22,"key":"FearPotion"},{"floor":25,"key":"Weak Potion"}],"is_trial":false,"path_per_floor":["M","?","?","$","M","R","E","M","T","?","M","?","M","M","R","B",null,"M","$","?","?","M","R","M","E","T","M"],"character_chosen":"DEFECT","items_purchased":["Gash","Rebound","Go for the Eyes","Leap"],"campfire_rested":0,"item_purchase_floors":[4,4,19,19],"current_hp_per_floor":[75,64,64,64,64,64,64,63,63,65,64,46,53,53,53,40,75,75,75,59,59,43,43,36,8,8,0],"gold":97,"neow_bonus":"THREE_ENEMY_KILL","is_prod":false,"is_daily":false,"chose_seed":false,"campfire_upgraded":3,"win_rate":0,"timestamp":1549358157,"path_taken":["M","?","?","$","M","R","E","?","T","?","M","?","M","M","R","BOSS","M","$","?","?","?","R","M","E","T","M"],"build_version":"2019-01-23","purchased_purges":2,"victory":false,"max_hp_per_floor":[75,75,75,75,75,75,75,75,75,75,75,75,75,75,75,75,75,75,75,75,75,75,75,75,75,75,75],"card_choices":[{"not_picked":["Conserve Battery","Sweeping Beam"],"picked":"Self Repair","floor":1},{"not_picked":["Redo","Ball Lightning"],"picked":"Sweeping Beam","floor":5},{"not_picked":["Darkness","Reprogram"],"picked":"Hologram","floor":7},{"not_picked":["Compile Driver","Capacitor+1"],"picked":"Steam","floor":8},{"not_picked":["Ball Lightning","Force Field"],"picked":"Loop+1","floor":10},{"not_picked":["Blizzard","Turbo"],"picked":"Rebound","floor":11},{"not_picked":["Loop+1","Recycle"],"picked":"Cold Snap","floor":13},{"not_picked":["Cold Snap","White Noise","Coolheaded"],"picked":"SKIP","floor":14},{"not_picked":["Biased Cognition+1","Core Surge"],"picked":"Buffer+1","floor":16},{"not_picked":["Recycle","Steam Power"],"picked":"Steam+1","floor":18},{"not_picked":["Beam Cell","Tempest"],"picked":"Reinforced Body","floor":22},{"not_picked":["Streamline","Steam"],"picked":"Static Discharge+1","floor":24},{"not_picked":["Turbo","Force Field"],"picked":"Gash","floor":25}],"player_experience":236749,"relics_obtained":[{"floor":7,"key":"Frozen Egg 2"},{"floor":9,"key":"Ornamental Fan"},{"floor":10,"key":"Odd Mushroom"},{"floor":20,"key":"Enchiridion"},{"floor":25,"key":"Anchor"},{"floor":26,"key":"Kunai"}],"event_choices":[{"damage_healed":0,"gold_gain":75,"player_choice":"Gather Gold","damage_taken":11,"max_hp_gain":0,"max_hp_loss":0,"event_name":"World of Goop","floor":2,"gold_loss":0},{"damage_healed":0,"gold_gain":0,"player_choice":"Rummage","damage_taken":0,"relics_obtained":["WarpedTongs"],"max_hp_gain":0,"max_hp_loss":0,"event_name":"Accursed Blacksmith","floor":3,"gold_loss":0,"cards_obtained":["Pain"]},{"damage_healed":0,"gold_gain":0,"player_choice":"Fought Mushrooms","damage_taken":0,"max_hp_gain":0,"max_hp_loss":0,"event_name":"Mushrooms","floor":10,"gold_loss":0},{"damage_healed":0,"gold_gain":0,"player_choice":"Take Damage","damage_taken":18,"relics_obtained":["Golden Idol"],"max_hp_gain":0,"max_hp_loss":0,"event_name":"Golden Idol","floor":12,"gold_loss":0},{"damage_healed":0,"gold_gain":0,"player_choice":"Obtained Book","damage_taken":16,"max_hp_gain":0,"max_hp_loss":0,"event_name":"Cursed Tome","floor":20,"gold_loss":0},{"damage_healed":0,"gold_gain":0,"player_choice":"Got Potions","damage_taken":0,"max_hp_gain":0,"max_hp_loss":0,"event_name":"Lab","floor":21,"gold_loss":0}],"is_beta":false,"boss_relics":[{"not_picked":["Lizard Tail","Velvet Choker"],"picked":"Inserter"}],"items_purged_floors":[4,19],"is_endless":false,"potions_floor_spawned":[1,7,10,13,14,16,22,25],"killed_by":"Centurion and Healer","ascension_level":3}