{"gold_per_floor":[212,227,203,203,213,213,239,253,253,253,253,283,283,302,302,405,405,405,405,405,405,405,405,405,405,405,405,405,405,405,405,405,405,405,405,212,212,212,212,212,212,212,212,212,212,12,12,12,12,12],"floor_reached":51,"playtime":8179,"items_purged":[],"score":896,"play_id":"1f58d692-07e1-4bb8-b222-60ce49bf3e61","local_time":"20190201191718","is_ascension_mode":true,"campfire_choices":[{"data":"Clothesline","floor":6,"key":"SMITH"},{"data":"Bash","floor":11,"key":"SMITH"},{"floor":13,"key":"REST"},{"data":"Anger","floor":15,"key":"SMITH"},{"data":"Reaper","floor":23,"key":"SMITH"},{"data":"Twin Strike","floor":27,"key":"SMITH"},{"data":"True Grit","floor":32,"key":"SMITH"},{"data":"Double Tap","floor":40,"key":"SMITH"},{"floor":44,"key":"REST"},{"data":"Pommel Strike","floor":47,"key":"SMITH"},{"data":"Body Slam","floor":49,"key":"SMITH"}],"neow_cost":"NONE","seed_source_timestamp":191398888842300,"circlet_count":0,"master_deck":["Strike_R","Strike_R","Strike_R","Defend_R","Defend_R","Defend_R","Defend_R","Bash+1","Clothesline+1","Battle Trance","Anger+1","Twin Strike+1","Pummel","True Grit+1","Reaper+1","Seeing Red+1","Necronomicurse","Body Slam+1","Flame Barrier+1","Pommel Strike+1","Double Tap+1","Infernal Blade","Rage","Cleave+1","Metallicize+1","Madness","Madness","Ghostly Armor+1","Metallicize+1","Ghostly Armor+1"],"relics":["Burning Blood","Ancient Tea Set","Bottled Flame","Bronze Scales","Pen Nib","Ectoplasm","Necronomicon","Kunai","Ornamental Fan","Singing Bowl","Tiny Chest","Orrery","Lee\u0027s Waffle","Potion Belt","DollysMirror"],"potions_floor_usage":[16,25,33,50,50,50],"damage_taken":[{"damage":1,"enemies":"Cultist","floor":1,"turns":4},{"damage":18,"enemies":"Jaw Worm","floor":2,"turns":4},{"damage":1,"enemies":"Small Slimes","floor":5,"turns":3},{"damage":12,"enemies":"Gremlin Nob","floor":7,"turns":3},{"damage":11,"enemies":"3 Louse","floor":8,"turns":3},{"damage":23,"enemies":"Lagavulin","floor":12,"turns":5},{"damage":7,"enemies":"Lots of Slimes","floor":14,"turns":3},{"damage":53,"enemies":"The Guardian","floor":16,"turns":9},{"damage":9,"enemies":"Shell Parasite","floor":18,"turns":4},{"damage":3,"enemies":"Chosen","floor":21,"turns":4},{"damage":5,"enemies":"Book of Stabbing","floor":25,"turns":3},{"damage":1,"enemies":"Snake Plant","floor":28,"turns":2},{"damage":11,"enemies":"Slavers","floor":30,"turns":4},{"damage":2,"enemies":"Cultist and Chosen","floor":31,"turns":5},{"damage":57,"enemies":"Champ","floor":33,"turns":10},{"damage":19,"enemies":"3 Shapes","floor":35,"turns":3},{"damage":18,"enemies":"3 Darklings","floor":37,"turns":5},{"damage":23,"enemies":"Writhing Mass","floor":38,"turns":6},{"damage":30,"enemies":"Transient","floor":39,"turns":5},{"damage":10,"enemies":"Sphere and 2 Shapes","floor":45,"turns":5},{"damage":18,"enemies":"3 Darklings","floor":48,"turns":6},{"damage":67,"enemies":"Awakened One","floor":50,"turns":20}],"seed_played":"-277171230507961399","potions_obtained":[{"floor":8,"key":"Dexterity Potion"},{"floor":12,"key":"Explosive Potion"},{"floor":14,"key":"Block Potion"},{"floor":16,"key":"AttackPotion"},{"floor":28,"key":"Dexterity Potion"},{"floor":37,"key":"Regen Potion"},{"floor":48,"key":"SteroidPotion"}],"is_trial":false,"path_per_floor":["M","M","$","?","M","R","E","M","T","$","R","E","R","M","R","B",null,"M","?","?","M","T","R","?","E","T","R","M","$","E","M","R","B",null,"M","$","M","M","M","R","?","?","T","R","M","$","R","M","R","B",null],"character_chosen":"IRONCLAD","items_purchased":["Anger","Lee\u0027s Waffle","DollysMirror"],"campfire_rested":2,"item_purchase_floors":[3,36,46],"current_hp_per_floor":[77,65,65,62,67,67,61,56,56,56,56,39,63,62,62,15,64,61,45,45,56,56,56,56,79,79,79,82,82,82,84,84,39,77,66,97,85,77,77,77,64,54,54,84,90,90,90,98,98,66],"gold":12,"neow_bonus":"HUNDRED_GOLD","is_prod":false,"is_daily":false,"chose_seed":false,"campfire_upgraded":9,"win_rate":0,"timestamp":1549019838,"path_taken":["M","?","$","?","M","R","E","M","T","$","R","E","R","M","R","BOSS","M","?","?","?","?","R","?","E","T","R","?","$","E","M","R","BOSS","M","$","M","M","?","R","?","?","T","R","M","$","R","M","R","BOSS"],"build_version":"2019-01-23","purchased_purges":0,"victory":true,"max_hp_per_floor":[80,80,80,80,80,80,80,80,80,80,80,80,80,80,80,80,80,80,80,80,80,80,80,80,80,80,80,82,82,82,84,84,84,88,90,97,97,99,101,101,101,101,101,101,101,101,101,101,101,101],"card_choices":[{"not_picked":["Sword Boomerang","True Grit"],"picked":"Clothesline","floor":1},{"not_picked":["Cleave","Entrench"],"picked":"Battle Trance","floor":2},{"not_picked":["Heavy Blade","Burning Pact"],"picked":"Twin Strike","floor":5},{"not_picked":["Second Wind","Clothesline"],"picked":"Pummel","floor":7},{"not_picked":["Bloodletting","Feel No Pain"],"picked":"True Grit","floor":8},{"not_picked":["Clothesline","Sever Soul","Evolve"],"picked":"SKIP","floor":12},{"not_picked":["Entrench","Rupture","Headbutt"],"picked":"SKIP","floor":14},{"not_picked":["Brutality","Exhume"],"picked":"Reaper","floor":16},{"not_picked":["Combust","Havoc"],"picked":"Seeing Red+1","floor":18},{"not_picked":["Sword Boomerang","Twin Strike","Clash"],"picked":"SKIP","floor":21},{"not_picked":["Metallicize+1","Hemokinesis"],"picked":"Flame Barrier+1","floor":25},{"not_picked":["Rupture","Burning Pact+1","Warcry"],"picked":"Singing Bowl","floor":28},{"not_picked":["Wild Strike","Flame Barrier"],"picked":"Pommel Strike","floor":30},{"not_picked":["Heavy Blade","Twin Strike","Flex"],"picked":"Singing Bowl","floor":31},{"not_picked":["Berserk","Exhume"],"picked":"Double Tap","floor":33},{"not_picked":["Warcry","Pummel+1","Intimidate"],"picked":"Singing Bowl","floor":34},{"not_picked":["Dual Wield","Clash","Intimidate+1"],"picked":"Singing Bowl","floor":34},{"not_picked":["Anger+1","Searing Blow"],"picked":"Infernal Blade","floor":34},{"not_picked":["Headbutt+1","Heavy Blade+1"],"picked":"Rage","floor":34},{"not_picked":["Perfected Strike","True Grit+1"],"picked":"Cleave+1","floor":34},{"not_picked":["Flex+1","Pummel+1","Second Wind+1"],"picked":"Singing Bowl","floor":35},{"not_picked":["Hemokinesis+1","Shrug It Off+1"],"picked":"Metallicize+1","floor":37},{"not_picked":["Heavy Blade","Havoc+1","Double Tap"],"picked":"Singing Bowl","floor":38},{"not_picked":["True Grit","Perfected Strike+1","Clash"],"picked":"Singing Bowl","floor":39},{"not_picked":["Reckless Charge","Rupture"],"picked":"Ghostly Armor+1","floor":45},{"not_picked":["Dropkick+1","Headbutt+1"],"picked":"Ghostly Armor+1","floor":48}],"player_experience":239422,"relics_obtained":[{"floor":7,"key":"Bottled Flame"},{"floor":9,"key":"Bronze Scales"},{"floor":12,"key":"Pen Nib"},{"floor":19,"key":"Necronomicon"},{"floor":22,"key":"Kunai"},{"floor":25,"key":"Ornamental Fan"},{"floor":26,"key":"Singing Bowl"},{"floor":30,"key":"Tiny Chest"},{"floor":43,"key":"Potion Belt"}],"event_choices":[{"damage_healed":0,"gold_gain":0,"player_choice":"Success","damage_taken":3,"relics_obtained":["Ancient Tea Set"],"max_hp_gain":0,"max_hp_loss":0,"event_name":"Scrap Ooze","floor":4,"gold_loss":0},{"damage_healed":0,"gold_gain":0,"player_choice":"Obtained Book","damage_taken":16,"max_hp_gain":0,"max_hp_loss":0,"event_name":"Cursed Tome","floor":19,"gold_loss":0},{"damage_healed":0,"gold_gain":0,"cards_transformed":["Strike_R"],"player_choice":"Transformed","damage_taken":0,"max_hp_gain":0,"max_hp_loss":0,"event_name":"Transmorgrifier","floor":20,"gold_loss":0,"cards_obtained":["Body Slam"]},{"cards_removed":["Strike_R"],"damage_healed":0,"gold_gain":0,"player_choice":"Offered Basic","damage_taken":0,"max_hp_gain":0,"max_hp_loss":0,"event_name":"Bonfire Elementals","floor":24,"gold_loss":0},{"damage_healed":0,"gold_gain":0,"player_choice":"Embrace Madness","damage_taken":13,"max_hp_gain":0,"max_hp_loss":0,"event_name":"Winding Halls","floor":41,"gold_loss":0,"cards_obtained":["Madness","Madness"]},{"damage_healed":0,"gold_gain":0,"player_choice":"Damaged","damage_taken":10,"max_hp_gain":0,"max_hp_loss":0,"event_name":"Wheel of Change","floor":42,"gold_loss":0}],"is_beta":false,"boss_relics":[{"not_picked":["Empty Cage","Mark of Pain"],"picked":"Ectoplasm"},{"not_picked":["Runic Dome","Black Star"],"picked":"Orrery"}],"items_purged_floors":[],"is_endless":false,"potions_floor_spawned":[8,12,14,16,18,21,28,30,37,39,48],"ascension_level":7}