{"gold_per_floor":[115,115,135,145,160,190,190,201,225,40,54,65,65,96,96,198,198,217,27,27,27,27,27,38,38,62,104,26,50,62,103,115,127],"floor_reached":33,"playtime":1831,"items_purged":[],"score":464,"play_id":"e141c8bc-d6f4-4b34-a47d-6bc8f01378e3","local_time":"20190204111256","is_ascension_mode":true,"campfire_choices":[{"floor":7,"key":"REST"},{"data":"Hologram","floor":13,"key":"SMITH"},{"data":"Zap","floor":15,"key":"SMITH"},{"floor":23,"key":"REST"},{"data":"BootSequence","floor":25,"key":"SMITH"},{"floor":30,"key":"REST"},{"data":"Sweeping Beam","floor":32,"key":"SMITH"}],"neow_cost":"NONE","seed_source_timestamp":1852928741500,"circlet_count":0,"master_deck":["Defend_B","Defend_B","Defend_B+1","Defend_B","Zap+1","Dualcast","BootSequence","Cold Snap","Cold Snap","BootSequence+1","Sweeping Beam+1","Panache","Doom and Gloom","Hologram+1","Self Repair","Ball Lightning","All For One","Double Energy+1"],"relics":["Cracked Core","Anchor","Regal Pillow","Lantern","Pen Nib","Blood Vial","Busted Crown","PreservedInsect","Enchiridion","MawBank","Torii","Juzu Bracelet"],"potions_floor_usage":[6,14,14,14,29,33],"damage_taken":[{"damage":0,"enemies":"Small Slimes","floor":1,"turns":3},{"damage":0,"enemies":"2 Louse","floor":3,"turns":2},{"damage":0,"enemies":"Jaw Worm","floor":4,"turns":3},{"damage":15,"enemies":"Large Slime","floor":5,"turns":6},{"damage":6,"enemies":"3 Sentries","floor":6,"turns":7},{"damage":7,"enemies":"2 Fungi Beasts","floor":8,"turns":3},{"damage":10,"enemies":"Exordium Thugs","floor":11,"turns":7},{"damage":0,"enemies":"Large Slime","floor":12,"turns":5},{"damage":0,"enemies":"Gremlin Nob","floor":14,"turns":2},{"damage":52,"enemies":"Hexaghost","floor":16,"turns":13},{"damage":7,"enemies":"2 Thieves","floor":18,"turns":3},{"damage":5,"enemies":"3 Byrds","floor":24,"turns":4},{"damage":34,"enemies":"Book of Stabbing","floor":27,"turns":6},{"damage":14,"enemies":"Snake Plant","floor":29,"turns":5},{"damage":6,"enemies":"Slavers","floor":31,"turns":5},{"damage":75,"enemies":"Automaton","floor":33,"turns":10}],"seed_played":"-635010184651444128","potions_obtained":[{"floor":3,"key":"Fire Potion"},{"floor":5,"key":"Explosive Potion"},{"floor":8,"key":"Explosive Potion"},{"floor":11,"key":"AttackPotion"},{"floor":24,"key":"Regen Potion"},{"floor":29,"key":"LiquidBronze"},{"floor":31,"key":"Strength Potion"}],"is_trial":false,"path_per_floor":["M","?","M","M","M","E","R","M","T","$","M","M","R","E","R","B",null,"M","$","?","?","?","R","M","R","T","E","?","M","R","E","R","B"],"character_chosen":"DEFECT","items_purchased":["Panache","PreservedInsect","Self Repair"],"campfire_rested":3,"item_purchase_floors":[10,19,19],"current_hp_per_floor":[68,61,61,61,46,40,75,68,68,68,58,58,58,58,58,8,58,53,53,53,37,37,74,75,75,75,41,41,41,75,69,69,0],"gold":127,"neow_bonus":"RANDOM_COMMON_RELIC","is_prod":false,"is_daily":false,"chose_seed":false,"campfire_upgraded":4,"win_rate":0,"timestamp":1549257176,"path_taken":["M","?","M","M","M","E","R","M","T","$","M","M","R","E","R","BOSS","M","$","?","?","?","R","M","R","T","E","?","?","R","E","R","BOSS"],"build_version":"2019-01-23","purchased_purges":0,"victory":false,"max_hp_per_floor":[75,75,75,75,75,75,75,75,75,75,75,75,75,75,75,75,75,75,75,75,75,75,75,75,75,75,75,75,75,75,75,75,75],"card_choices":[{"not_picked":["Steam","Gash"],"picked":"BootSequence","floor":1},{"not_picked":["Glacier","Stack"],"picked":"Cold Snap","floor":3},{"not_picked":["Sweeping Beam","Conserve Battery"],"picked":"Cold Snap","floor":4},{"not_picked":["Compile Driver","Turbo"],"picked":"BootSequence","floor":5},{"not_picked":["Multi-Cast","Go for the Eyes"],"picked":"Sweeping Beam","floor":6},{"not_picked":["Fusion","Turbo","Rip and Tear"],"picked":"SKIP","floor":8},{"not_picked":["Steam","Cold Snap"],"picked":"Doom and Gloom","floor":11},{"not_picked":["Stack","Cold Snap"],"picked":"Hologram","floor":12},{"not_picked":["Force Field","Stack","Barrage"],"picked":"SKIP","floor":14},{"not_picked":["Stack"],"picked":"SKIP","floor":18},{"not_picked":["Recycle"],"picked":"SKIP","floor":24},{"not_picked":["Meteor Strike"],"picked":"SKIP","floor":27},{"not_picked":[],"picked":"Double Energy+1","floor":29},{"not_picked":["Gash"],"picked":"SKIP","floor":31}],"player_experience":717432,"relics_obtained":[{"floor":6,"key":"Lantern"},{"floor":9,"key":"Pen Nib"},{"floor":14,"key":"Blood Vial"},{"floor":21,"key":"Enchiridion"},{"floor":26,"key":"MawBank"},{"floor":27,"key":"Torii"},{"floor":31,"key":"Juzu Bracelet"}],"event_choices":[{"damage_healed":0,"gold_gain":0,"player_choice":"Success","damage_taken":7,"relics_obtained":["Regal Pillow"],"max_hp_gain":0,"max_hp_loss":0,"event_name":"Scrap Ooze","floor":2,"gold_loss":0},{"damage_healed":0,"gold_gain":0,"cards_transformed":["Strike_B","Strike_B"],"player_choice":"Became Test Subject","damage_taken":0,"max_hp_gain":0,"max_hp_loss":0,"event_name":"Drug Dealer","floor":20,"gold_loss":0,"cards_obtained":["Ball Lightning","All For One"]},{"damage_healed":0,"gold_gain":0,"player_choice":"Obtained Book","damage_taken":16,"max_hp_gain":0,"max_hp_loss":0,"event_name":"Cursed Tome","floor":21,"gold_loss":0},{"cards_removed":["Strike_B"],"damage_healed":0,"gold_gain":0,"player_choice":"Elegance","damage_taken":0,"max_hp_gain":0,"max_hp_loss":0,"event_name":"Back to Basics","floor":22,"gold_loss":0},{"cards_removed":["Strike_B"],"damage_healed":0,"gold_gain":0,"player_choice":"Upgrade and Remove","damage_taken":0,"max_hp_gain":0,"max_hp_loss":0,"event_name":"Designer","floor":28,"gold_loss":90,"cards_upgraded":["Defend_B"]}],"is_beta":false,"boss_relics":[{"not_picked":["Nuclear Battery","Velvet Choker"],"picked":"Busted Crown"}],"items_purged_floors":[],"is_endless":false,"potions_floor_spawned":[3,5,8,11,12,24,29,31],"killed_by":"Automaton","ascension_level":9}