{"path_per_floor":["M","$","?","M","?","R","E","R","T","M","M","?","M","E","R","B",null,"M","?","$","?","$","R","E","R","T","M","M","E","$","M","R","B",null,"M","M","?","M","M","R","E","M","T","M","M","M","E","$","R","B"],"character_chosen":"IRONCLAD","items_purchased":["Bandage Up","Bronze Scales","Oddly Smooth Stone","Ancient Tea Set"],"gold_per_floor":[362,37,37,52,52,52,78,78,151,164,179,179,200,231,231,350,350,374,299,54,54,54,54,81,81,81,98,112,147,22,42,42,144,144,156,175,175,189,204,204,233,247,293,304,318,335,370,66,66,66],"floor_reached":51,"campfire_rested":0,"playtime":4665,"current_hp_per_floor":[80,77,77,77,77,77,65,65,65,75,77,58,64,69,69,36,77,77,77,77,77,77,77,49,49,49,53,46,36,36,49,49,47,77,77,77,77,77,77,77,77,77,77,77,60,73,77,77,77,77],"items_purged":["Parasite","Strike_R","Strike_R","Pain"],"gold":66,"score":784,"play_id":"f1db4f3a-201b-4c6f-8847-8f238beb43a2","local_time":"20180510202853","is_prod":false,"is_daily":false,"chose_seed":false,"is_ascension_mode":false,"campfire_upgraded":8,"timestamp":1525976933,"path_taken":["M","$","?","M","?","R","E","R","T","M","?","?","M","E","R","BOSS","M","?","$","?","?","R","E","R","T","M","?","E","$","M","R","BOSS","M","M","?","M","?","R","E","M","T","?","?","M","E","$","R","BOSS"],"build_version":"2018-05-03","seed_source_timestamp":25220165246552,"purchased_purges":4,"victory":true,"master_deck":["Strike_R","Strike_R","Defend_R","Defend_R","Defend_R","Bash","Metallicize+1","Bandage Up","True Grit+1","Body Slam+1","Iron Wave+1","Feel No Pain+1","Juggernaut+1","Headbutt","Warcry","Entrench+1","Barricade+1","Body Slam","Flame Barrier+1","Metallicize+1","Metallicize+1","Sentinel+1","Inflame","Shrug It Off+1"],"max_hp_per_floor":[80,77,77,77,77,77,77,77,77,77,77,77,77,77,77,77,77,77,77,77,77,77,77,77,77,77,77,77,77,77,77,77,77,77,77,77,77,77,77,77,77,77,77,77,77,77,77,77,77,77],"relics":["Burning Blood","Bronze Scales","Ginger","Bottled Lightning","Bloody Idol","Bag of Marbles","Mark of Pain","Oddly Smooth Stone","Torii","Centennial Puzzle","Happy Flower","Cursed Key","Bottled Tornado","Regal Pillow","Gremlin Horn","Ancient Tea Set"],"card_choices":[{"not_picked":["Evolve","Spot Weakness"],"picked":"Metallicize","floor":1},{"not_picked":["Second Wind","Heavy Blade"],"picked":"True Grit","floor":4},{"not_picked":["Armaments","Headbutt"],"picked":"Body Slam","floor":7},{"not_picked":["Flex","Sword Boomerang"],"picked":"Iron Wave","floor":11},{"not_picked":["Spot Weakness","Whirlwind"],"picked":"Feel No Pain","floor":14},{"not_picked":["Berserk","Reaper"],"picked":"Juggernaut","floor":16},{"not_picked":["Cleave","Flex"],"picked":"Headbutt","floor":27},{"not_picked":["Perfected Strike","Thunderclap"],"picked":"Warcry","floor":28},{"not_picked":["Dark Embrace","Wild Strike"],"picked":"Entrench","floor":29},{"not_picked":["Berserk","Exhume"],"picked":"Barricade","floor":33},{"not_picked":["Clothesline","Headbutt"],"picked":"Body Slam","floor":35},{"not_picked":["Reckless Charge","Rupture"],"picked":"Flame Barrier","floor":36},{"not_picked":["Twin Strike","Anger"],"picked":"Metallicize","floor":41},{"not_picked":["Berserk","Wild Strike"],"picked":"Metallicize","floor":42},{"not_picked":["Dropkick","Perfected Strike"],"picked":"Sentinel","floor":44},{"not_picked":["Flex","Wild Strike"],"picked":"Inflame","floor":46},{"not_picked":["Combust","Bludgeon"],"picked":"Shrug It Off","floor":47}],"player_experience":101266,"potions_floor_usage":[7,7,14,16,16,24,50,50,50],"damage_taken":[{"damage":3,"enemies":"Cultist","floor":1,"turns":5},{"damage":0,"enemies":"Jaw Worm","floor":4,"turns":5},{"damage":22,"enemies":"Lagavulin","floor":7,"turns":7},{"damage":0,"enemies":"Small Slimes","floor":10,"turns":4},{"damage":0,"enemies":"Gremlin Gang","floor":11,"turns":6},{"damage":4,"enemies":"Blue Slaver","floor":13,"turns":4},{"damage":17,"enemies":"Gremlin Nob","floor":14,"turns":5},{"damage":43,"enemies":"Slime Boss","floor":16,"turns":15},{"damage":10,"enemies":"3 Byrds","floor":18,"turns":4},{"damage":43,"enemies":"Slavers","floor":24,"turns":7},{"damage":11,"enemies":"Spheric Guardian","floor":27,"turns":4},{"damage":22,"enemies":"Centurion and Healer","floor":28,"turns":8},{"damage":25,"enemies":"Gremlin Leader","floor":29,"turns":7},{"damage":2,"enemies":"Snake Plant","floor":31,"turns":3},{"damage":17,"enemies":"Collector","floor":33,"turns":14},{"damage":1,"enemies":"Orb Walker","floor":35,"turns":4},{"damage":14,"enemies":"3 Darklings","floor":36,"turns":4},{"damage":11,"enemies":"Sphere and 2 Shapes","floor":38,"turns":5},{"damage":1,"enemies":"4 Shapes","floor":39,"turns":8},{"damage":2,"enemies":"Nemesis","floor":41,"turns":9},{"damage":0,"enemies":"Maw","floor":42,"turns":6},{"damage":12,"enemies":"Sphere and 2 Shapes","floor":44,"turns":5},{"damage":28,"enemies":"3 Darklings","floor":45,"turns":5},{"damage":2,"enemies":"4 Shapes","floor":46,"turns":5},{"damage":8,"enemies":"Giant Head","floor":47,"turns":10},{"damage":6,"enemies":"Donu and Deca","floor":50,"turns":5}],"event_choices":[{"event_name":"The Cleric","player_choice":"Leave","floor":3,"damage_taken":0},{"event_name":"The Lab","player_choice":"Got Potions","floor":5,"damage_taken":0},{"event_name":"Golden Idol","player_choice":"Take Damage","floor":12,"damage_taken":0},{"event_name":"Beggar","player_choice":"Gave Gold","floor":19,"damage_taken":0},{"event_name":"Forgotten Altar","player_choice":"Gave Idol","floor":21,"damage_taken":0}],"boss_relics":[{"not_picked":["Lizard Tail","White Beast Statue"],"picked":"Mark of Pain"},{"not_picked":["Runic Dome","Eternal Feather"],"picked":"Cursed Key"}],"potions_floor_spawned":[1,13,14,16,24,33,36,41,44,46],"seed_played":"6210033200014113258","ascension_level":0,"is_trial":false}