{"gold_per_floor":[114,64,64,64,74,38,38,50,50,50,76,88,100,65,65,163,163,181,181,101,115,127,158,175,198,246,246,246,12,12,12,12,12],"floor_reached":33,"playtime":1472,"items_purged":[],"score":263,"play_id":"1a036498-a433-4363-a8f4-a9b5d746dc03","local_time":"20190203163834","is_ascension_mode":false,"campfire_choices":[{"data":"Madness","floor":10,"key":"SMITH"},{"floor":15,"key":"REST"},{"floor":28,"key":"REST"},{"floor":30,"key":"REST"},{"data":"Caltrops","floor":32,"key":"SMITH"}],"neow_cost":"NONE","seed_source_timestamp":275586688373537,"circlet_count":0,"master_deck":["Defend_G","Defend_G","Defend_G","Defend_G","Defend_G","Strike_G","Strike_G","Strike_G","Survivor","Neutralize","Madness+1","Concentrate","Accuracy","Choke","Adrenaline","Dash","Finisher","Flying Knee","Noxious Fumes","Bullet Time","Masterful Stab","Glass Knife","Dagger Throw","Bouncing Flask+1","Corpse Explosion","Poisoned Stab+1","Caltrops+1"],"relics":["Ring of the Snake","Pen Nib","Mummified Hand","Blood Vial","Runic Pyramid","Turnip","Lantern","Art of War","MealTicket"],"potions_floor_usage":[11,16,21,22,24,33],"damage_taken":[{"damage":0,"enemies":"2 Louse","floor":1,"turns":3},{"damage":0,"enemies":"Jaw Worm","floor":5,"turns":6},{"damage":0,"enemies":"Small Slimes","floor":8,"turns":3},{"damage":17,"enemies":"Gremlin Nob","floor":11,"turns":5},{"damage":1,"enemies":"Exordium Wildlife","floor":12,"turns":6},{"damage":9,"enemies":"Red Slaver","floor":13,"turns":2},{"damage":59,"enemies":"Hexaghost","floor":16,"turns":11},{"damage":5,"enemies":"Shell Parasite","floor":18,"turns":5},{"damage":1,"enemies":"3 Byrds","floor":21,"turns":5},{"damage":16,"enemies":"Snake Plant","floor":22,"turns":3},{"damage":45,"enemies":"Book of Stabbing","floor":23,"turns":5},{"damage":1,"enemies":"Cultist and Chosen","floor":24,"turns":4},{"damage":80,"enemies":"Automaton","floor":33,"turns":6}],"seed_played":"-2255040490086379659","potions_obtained":[{"floor":5,"key":"SteroidPotion"},{"floor":8,"key":"GhostInAJar"},{"floor":12,"key":"GhostInAJar"},{"floor":13,"key":"Regen Potion"},{"floor":18,"key":"GamblersBrew"},{"floor":23,"key":"Poison Potion"}],"is_trial":false,"path_per_floor":["M","?","?","?","M","$","T","M","T","R","E","M","M","$","R","B",null,"M","?","$","M","M","E","M","T","T","$","R","$","R","$","R","B"],"character_chosen":"THE_SILENT","items_purchased":["Choke","Noxious Fumes","Glass Knife","Caltrops","MealTicket"],"campfire_rested":3,"item_purchase_floors":[6,14,20,29,29],"current_hp_per_floor":[70,70,75,68,68,68,68,68,68,68,51,52,45,45,67,10,75,70,70,70,71,57,14,15,15,15,15,37,37,59,74,74,0],"gold":12,"neow_bonus":"RANDOM_COLORLESS","is_prod":false,"is_daily":false,"chose_seed":false,"campfire_upgraded":2,"win_rate":0.0,"timestamp":1549183114,"path_taken":["M","?","?","?","?","?","?","M","T","R","E","M","M","$","R","BOSS","M","?","$","M","M","E","?","?","T","$","R","?","R","$","R","BOSS"],"build_version":"2019-01-23","purchased_purges":0,"victory":false,"max_hp_per_floor":[70,70,75,75,75,75,75,75,75,75,75,75,75,75,75,75,75,75,75,75,75,75,75,75,75,75,75,75,75,75,75,75,75],"card_choices":[{"not_picked":["Dagger Throw","Leg Sweep"],"picked":"Concentrate","floor":1},{"not_picked":["Dodge and Roll","Deflect"],"picked":"Accuracy","floor":5},{"not_picked":["Acrobatics","Backstab"],"picked":"Adrenaline","floor":8},{"not_picked":["Blade Dance","Backflip"],"picked":"Dash","floor":11},{"not_picked":["Tactician","Cloak And Dagger"],"picked":"Finisher","floor":12},{"not_picked":["Sucker Punch","Dodge and Roll"],"picked":"Flying Knee","floor":13},{"not_picked":["A Thousand Cuts","Glass Knife"],"picked":"Bullet Time","floor":16},{"not_picked":["Bane","Poisoned Stab"],"picked":"Masterful Stab","floor":18},{"not_picked":["Outmaneuver","Flying Knee"],"picked":"Dagger Throw","floor":21},{"not_picked":["Choke","Slice"],"picked":"Bouncing Flask+1","floor":22},{"not_picked":["Dagger Spray","Escape Plan"],"picked":"Corpse Explosion","floor":23},{"not_picked":["Footwork","Prepared"],"picked":"Poisoned Stab+1","floor":24}],"player_experience":170738,"relics_obtained":[{"floor":7,"key":"Pen Nib"},{"floor":9,"key":"Mummified Hand"},{"floor":11,"key":"Blood Vial"},{"floor":23,"key":"Turnip"},{"floor":25,"key":"Lantern"},{"floor":26,"key":"Art of War"}],"event_choices":[{"cards_removed":["Strike_G"],"damage_healed":0,"gold_gain":0,"player_choice":"Card Removal","damage_taken":0,"max_hp_gain":0,"max_hp_loss":0,"event_name":"The Cleric","floor":2,"gold_loss":50},{"damage_healed":0,"gold_gain":0,"player_choice":"Donut","damage_taken":0,"max_hp_gain":5,"max_hp_loss":0,"event_name":"Big Fish","floor":3,"gold_loss":0},{"cards_removed":["Strike_G"],"damage_healed":0,"gold_gain":0,"player_choice":"Card Removal","damage_taken":7,"max_hp_gain":0,"max_hp_loss":0,"event_name":"Golden Wing","floor":4,"gold_loss":0},{"damage_healed":0,"gold_gain":0,"player_choice":"Bought 0 Potions","damage_taken":0,"max_hp_gain":0,"max_hp_loss":0,"event_name":"The Woman in Blue","floor":19,"gold_loss":0}],"is_beta":false,"boss_relics":[{"not_picked":["Empty Cage","Velvet Choker"],"picked":"Runic Pyramid"}],"items_purged_floors":[],"is_endless":false,"potions_floor_spawned":[5,8,12,13,18,23],"killed_by":"Automaton","ascension_level":0}