{"gold_per_floor":[111,129,143,157,175,175,188,217,217,237,270,270,300,400,400,496,496,515,148,148,161,61,61,61],"floor_reached":24,"playtime":3696,"items_purged":["Strike_R","Strike_R"],"score":262,"play_id":"eaace67a-f3b1-4b86-83be-7d0a50598085","local_time":"20190203001459","is_ascension_mode":true,"campfire_choices":[{"data":"Armaments","floor":6.0,"key":"SMITH"},{"data":"Battle Trance","floor":12.0,"key":"SMITH"},{"data":"Pommel Strike","floor":15.0,"key":"SMITH"},{"data":"Shrug It Off","floor":23.0,"key":"SMITH"}],"neow_cost":"NONE","seed_source_timestamp":0,"circlet_count":0,"master_deck":["Strike_R","Strike_R","Defend_R","Defend_R","Defend_R","Defend_R","Bash","Armaments+1","Headbutt","Shrug It Off","Immolate","Inflame","Shrug It Off","Pommel Strike+1","Battle Trance+1","Feel No Pain","Flame Barrier","Demon Form","Inflame","Havoc","Shrug It Off+1","Barricade","Metallicize"],"special_seed":0,"relics":["Burning Blood","Centennial Puzzle","Question Card","Thread and Needle","Pantograph","Runic Pyramid","Frozen Eye"],"potions_floor_usage":[24],"damage_taken":[{"damage":4.0,"enemies":"Small Slimes","floor":1.0,"turns":4.0},{"damage":6.0,"enemies":"Cultist","floor":2.0,"turns":4.0},{"damage":7.0,"enemies":"Jaw Worm","floor":3.0,"turns":4.0},{"damage":10.0,"enemies":"Blue Slaver","floor":4.0,"turns":4.0},{"damage":2.0,"enemies":"2 Fungi Beasts","floor":5.0,"turns":4.0},{"damage":0.0,"enemies":"Looter","floor":7.0,"turns":4.0},{"damage":23.0,"enemies":"Gremlin Nob","floor":8.0,"turns":5.0},{"damage":6.0,"enemies":"Gremlin Gang","floor":10.0,"turns":2.0},{"damage":11.0,"enemies":"Lagavulin","floor":11.0,"turns":6.0},{"damage":6.0,"enemies":"3 Sentries","floor":13.0,"turns":6.0},{"damage":56.0,"enemies":"The Guardian","floor":16.0,"turns":9.0},{"damage":11.0,"enemies":"Spheric Guardian","floor":18.0,"turns":5.0},{"damage":29.0,"enemies":"3 Byrds","floor":21.0,"turns":7.0},{"damage":56,"enemies":"Book of Stabbing","floor":24,"turns":7}],"seed_played":"-7638418556145382569","potions_obtained":[{"floor":2.0,"key":"EssenceOfSteel"},{"floor":8.0,"key":"Dexterity Potion"},{"floor":10.0,"key":"SkillPotion"},{"floor":16.0,"key":"SteroidPotion"},{"floor":18.0,"key":"Strength Potion"}],"is_trial":false,"path_per_floor":["M","M","M","M","M","R","M","E","T","M","E","R","E","?","R","B",null,"M","$","?","M","$","R","E"],"character_chosen":"IRONCLAD","items_purchased":["Frozen Eye","Havoc","Shrug It Off"],"campfire_rested":0,"item_purchase_floors":[19,19,19],"current_hp_per_floor":[80,80,79,75,79,79,80,63,63,63,58,58,58,58,58,30,80,75,75,75,52,52,52,0],"gold":61,"neow_bonus":"REMOVE_CARD","is_prod":false,"is_daily":false,"chose_seed":false,"campfire_upgraded":4,"win_rate":0,"timestamp":1549149299,"path_taken":["M","M","M","M","M","R","M","E","T","M","E","R","E","?","R","BOSS","M","$","?","M","?","R","E"],"build_version":"2019-01-23","purchased_purges":2,"victory":false,"max_hp_per_floor":[80,80,80,80,80,80,80,80,80,80,80,80,80,80,80,80,80,80,80,80,80,80,80,80],"card_choices":[{"not_picked":["True Grit","Clash"],"picked":"Armaments","floor":1.0},{"not_picked":["Sentinel","Thunderclap"],"picked":"Headbutt","floor":2.0},{"not_picked":["Wild Strike","Pummel"],"picked":"Shrug It Off","floor":3.0},{"not_picked":["Clash","Entrench"],"picked":"Immolate","floor":4.0},{"not_picked":["Sword Boomerang","Bloodletting"],"picked":"Inflame","floor":5.0},{"not_picked":["Carnage","Anger"],"picked":"Shrug It Off","floor":7.0},{"not_picked":["Thunderclap","Iron Wave"],"picked":"Pommel Strike","floor":8.0},{"not_picked":["Pommel Strike","Bludgeon","Clash"],"picked":"Battle Trance","floor":10.0},{"not_picked":["Armaments","Sword Boomerang","Iron Wave"],"picked":"Feel No Pain","floor":11.0},{"not_picked":["Perfected Strike","Body Slam","Pummel"],"picked":"Flame Barrier","floor":13.0},{"not_picked":["Feed","Reaper","Juggernaut"],"picked":"Demon Form","floor":16.0},{"not_picked":["Clash","Carnage","Anger"],"picked":"Inflame","floor":18.0},{"not_picked":["Perfected Strike","Sword Boomerang+1","Blood for Blood"],"picked":"Metallicize","floor":21.0}],"player_experience":66240,"relics_obtained":[{"floor":8.0,"key":"Centennial Puzzle"},{"floor":9.0,"key":"Question Card"},{"floor":11.0,"key":"Thread and Needle"},{"floor":13.0,"key":"Pantograph"}],"event_choices":[{"damage_healed":0.0,"max_hp_gain":0.0,"max_hp_loss":0.0,"gold_gain":100.0,"event_name":"Wheel of Change","player_choice":"Gold","floor":14.0,"gold_loss":0.0,"damage_taken":0.0},{"damage_healed":0.0,"max_hp_gain":0.0,"max_hp_loss":0.0,"gold_gain":0.0,"event_name":"Match and Keep!","player_choice":"1 cards matched","floor":20.0,"gold_loss":0.0,"damage_taken":0.0,"cards_obtained":["Barricade"]}],"is_beta":false,"boss_relics":[{"not_picked":["Orrery","White Beast Statue"],"picked":"Runic Pyramid"}],"items_purged_floors":[19,22],"is_endless":false,"potions_floor_spawned":[2,8,10,11,16,18,21],"killed_by":"Book of Stabbing","ascension_level":4}