{"gold_per_floor":[110,128,144,155,168,168,188,188,188,215,215,215,215,15,15,120,120,95,110,110],"floor_reached":20,"playtime":1435,"items_purged":[],"score":237,"play_id":"620df4cd-d356-40e2-afee-f7d06f72ddaa","local_time":"20190131015159","is_ascension_mode":true,"campfire_choices":[{"data":"Hologram","floor":6,"key":"SMITH"},{"data":"Gash","floor":8,"key":"SMITH"},{"floor":11,"key":"REST"},{"data":"Scrape","floor":15,"key":"SMITH"}],"neow_cost":"NONE","seed_source_timestamp":1365729258007400,"circlet_count":0,"master_deck":["Strike_B","Strike_B","Defend_B","Defend_B","Defend_B","Defend_B","Zap","Dualcast","Loop","Gash+1","Hologram+1","Rebound","Self Repair","Streamline","Rebound","Conserve Battery","Redo","All For One","Scrape+1","Flash of Steel","Chaos","Machine Learning","Steam+1","Hologram"],"relics":["Cracked Core","Dream Catcher","The Courier","White Beast Statue"],"potions_floor_usage":[2,4,16,18],"damage_taken":[{"damage":0,"enemies":"2 Louse","floor":1,"turns":3},{"damage":7,"enemies":"Jaw Worm","floor":2,"turns":4},{"damage":5,"enemies":"Small Slimes","floor":3,"turns":4},{"damage":2,"enemies":"Exordium Wildlife","floor":4,"turns":4},{"damage":8,"enemies":"2 Fungi Beasts","floor":5,"turns":4},{"damage":6,"enemies":"Red Slaver","floor":7,"turns":4},{"damage":51,"enemies":"Gremlin Nob","floor":10,"turns":5},{"damage":0,"enemies":"Slime Boss","floor":16,"turns":4},{"damage":36,"enemies":"2 Thieves","floor":18,"turns":5},{"damage":28,"enemies":"Chosen","floor":19,"turns":5},{"damage":22,"enemies":"Colosseum Slavers","floor":20,"turns":2}],"seed_played":"7554999903094984250","potions_obtained":[{"floor":1,"key":"Fruit Juice"},{"floor":3,"key":"Block Potion"},{"floor":10,"key":"FearPotion"},{"floor":16,"key":"PowerPotion"},{"floor":18,"key":"Ancient Potion"},{"floor":19,"key":"Swift Potion"}],"is_trial":false,"path_per_floor":["M","M","M","M","M","R","M","R","T","E","R","?","?","$","R","B",null,"M","M","?"],"character_chosen":"DEFECT","items_purchased":["Scrape","Flash of Steel","Chaos"],"campfire_rested":1,"item_purchase_floors":[14,14,14],"current_hp_per_floor":[75,73,68,66,65,65,66,66,66,22,46,46,46,46,46,53,80,44,16,0],"gold":110,"neow_bonus":"TRANSFORM_CARD","is_prod":false,"is_daily":false,"chose_seed":false,"campfire_upgraded":3,"win_rate":0,"timestamp":1548917519,"path_taken":["M","M","M","M","M","R","M","R","T","E","R","?","?","$","R","BOSS","M","M","?"],"build_version":"2019-01-23","purchased_purges":0,"victory":false,"max_hp_per_floor":[75,80,80,80,80,80,80,80,80,80,80,80,80,80,80,80,80,80,80,80],"card_choices":[{"not_picked":["Hologram","Conserve Battery"],"picked":"Gash","floor":1},{"not_picked":["Melter","Turbo"],"picked":"Hologram","floor":2},{"not_picked":["Stack","Steam"],"picked":"Rebound","floor":3},{"not_picked":["Compile Driver","Stack"],"picked":"Self Repair","floor":4},{"not_picked":["Cold Snap","Ball Lightning"],"picked":"Streamline","floor":5},{"not_picked":["Self Repair","Barrage"],"picked":"Rebound","floor":7},{"not_picked":["Double Energy","Turbo"],"picked":"Conserve Battery","floor":10},{"not_picked":["Stack","Doom and Gloom"],"picked":"Redo","floor":11},{"not_picked":["Creative AI","Meteor Strike"],"picked":"Machine Learning","floor":16},{"not_picked":["Barrage+1","Compile Driver"],"picked":"Steam+1","floor":18},{"not_picked":["Buffer","Self Repair"],"picked":"Hologram","floor":19}],"player_experience":139383,"relics_obtained":[{"floor":9,"key":"Dream Catcher"},{"floor":10,"key":"The Courier"}],"event_choices":[{"damage_healed":0,"gold_gain":0,"player_choice":"Ignored","damage_taken":0,"max_hp_gain":0,"max_hp_loss":0,"event_name":"Liars Game","floor":12,"gold_loss":0},{"damage_healed":0,"gold_gain":0,"cards_transformed":["Strike_B"],"player_choice":"Change","damage_taken":0,"max_hp_gain":0,"max_hp_loss":0,"event_name":"Living Wall","floor":13,"gold_loss":0,"cards_obtained":["All For One"]},{"damage_healed":0,"gold_gain":0,"player_choice":"Fight","damage_taken":0,"max_hp_gain":0,"max_hp_loss":0,"event_name":"Colosseum","floor":20,"gold_loss":0}],"is_beta":false,"boss_relics":[{"not_picked":["Eternal Feather","Ectoplasm"],"picked":"White Beast Statue"}],"items_purged_floors":[],"is_endless":false,"potions_floor_spawned":[1,3,10,16,18,19],"killed_by":"Colosseum Slavers","ascension_level":1}