{"gold_per_floor":[110,110,125,140,157,186,198,212,264,284,284,284,312,322,322,426,476,486,486],"floor_reached":19,"playtime":1353,"items_purged":[],"score":303,"play_id":"22a4358c-f585-45de-b5b2-8754417a137f","local_time":"20190205125630","is_ascension_mode":true,"campfire_choices":[{"data":"Uppercut","floor":12,"key":"SMITH"},{"data":"Shrug It Off","floor":15,"key":"SMITH"}],"neow_cost":"NONE","seed_source_timestamp":76957814214231,"circlet_count":0,"master_deck":["Strike_R","Strike_R+1","Defend_R","Defend_R","Defend_R","Defend_R","Bash","Uppercut+1","Shrug It Off+1","Iron Wave","Clothesline","Inflame","Sword Boomerang","Heavy Blade","Inflame","Headbutt","Inflame"],"relics":["Burning Blood","Ancient Tea Set","Potion Belt","Bag of Preparation","Tiny House"],"potions_floor_usage":[5,6,8,8,19],"damage_taken":[{"damage":5,"enemies":"2 Louse","floor":1,"turns":4},{"damage":0,"enemies":"Cultist","floor":3,"turns":3},{"damage":4,"enemies":"Small Slimes","floor":4,"turns":3},{"damage":9,"enemies":"Blue Slaver","floor":5,"turns":4},{"damage":19,"enemies":"Gremlin Nob","floor":6,"turns":5},{"damage":4,"enemies":"Looter","floor":7,"turns":4},{"damage":4,"enemies":"3 Louse","floor":8,"turns":4},{"damage":6,"enemies":"2 Fungi Beasts","floor":10,"turns":4},{"damage":33,"enemies":"Lagavulin","floor":13,"turns":6},{"damage":17,"enemies":"Large Slime","floor":14,"turns":7},{"damage":0,"enemies":"Slime Boss","floor":16,"turns":5},{"damage":23,"enemies":"3 Byrds","floor":18,"turns":6},{"damage":63,"enemies":"Masked Bandits","floor":19,"turns":4}],"seed_played":"8367005115753507594","potions_obtained":[{"floor":1,"key":"Poison Potion"},{"floor":4,"key":"Weak Potion"},{"floor":5,"key":"Fruit Juice"},{"floor":7,"key":"Weak Potion"},{"floor":16,"key":"Ancient Potion"},{"floor":17,"key":"SpeedPotion"}],"is_trial":false,"path_per_floor":["M","?","M","M","M","E","M","M","T","M","?","R","E","M","R","B",null,"M","?"],"character_chosen":"IRONCLAD","items_purchased":[],"campfire_rested":0,"item_purchase_floors":[],"current_hp_per_floor":[73,73,79,80,82,69,71,73,73,73,66,66,39,28,28,34,77,60,0],"gold":486,"neow_bonus":"REMOVE_CARD","is_prod":false,"is_daily":false,"chose_seed":false,"campfire_upgraded":2,"win_rate":0,"timestamp":1549367790,"path_taken":["M","?","M","M","M","E","?","M","T","M","?","R","E","M","R","BOSS","M","?"],"build_version":"2019-01-23","purchased_purges":0,"victory":false,"max_hp_per_floor":[80,80,80,80,85,85,85,85,85,85,85,85,85,85,85,85,90,90,90],"card_choices":[{"not_picked":["Twin Strike","Rage"],"picked":"Uppercut","floor":1},{"not_picked":["Anger","Burning Pact"],"picked":"Iron Wave","floor":3},{"not_picked":["Bloodletting","Havoc","Wild Strike"],"picked":"SKIP","floor":4},{"not_picked":["True Grit","Burning Pact"],"picked":"Clothesline","floor":5},{"not_picked":["Infernal Blade","Disarm"],"picked":"Inflame","floor":6},{"not_picked":["Double Tap","Seeing Red"],"picked":"Sword Boomerang","floor":7},{"not_picked":["Wild Strike","Sentinel"],"picked":"Heavy Blade","floor":8},{"not_picked":["Seeing Red","Armaments","Intimidate"],"picked":"SKIP","floor":10},{"not_picked":["Anger","Heavy Blade"],"picked":"Inflame","floor":13},{"not_picked":["Body Slam","Sentinel","Sever Soul"],"picked":"SKIP","floor":14},{"not_picked":["Twin Strike","Anger"],"picked":"Headbutt","floor":17},{"not_picked":["Warcry","Hemokinesis"],"picked":"Inflame","floor":18}],"player_experience":358213,"relics_obtained":[{"floor":6,"key":"Ancient Tea Set"},{"floor":9,"key":"Potion Belt"},{"floor":13,"key":"Bag of Preparation"}],"event_choices":[{"damage_healed":0,"gold_gain":0,"cards_transformed":["Strike_R"],"player_choice":"Transformed","damage_taken":0,"max_hp_gain":0,"max_hp_loss":0,"event_name":"Transmorgrifier","floor":2,"gold_loss":0,"cards_obtained":["Shrug It Off"]},{"cards_removed":["Strike_R"],"damage_healed":0,"gold_gain":0,"player_choice":"Card Removal","damage_taken":7,"max_hp_gain":0,"max_hp_loss":0,"event_name":"Golden Wing","floor":11,"gold_loss":0},{"damage_healed":0,"gold_gain":0,"player_choice":"Fought Bandits","damage_taken":0,"max_hp_gain":0,"max_hp_loss":0,"event_name":"Masked Bandits","floor":19,"gold_loss":0}],"is_beta":false,"boss_relics":[{"not_picked":["Philosopher\u0027s Stone","Fusion Hammer"],"picked":"Tiny House"}],"items_purged_floors":[],"is_endless":false,"potions_floor_spawned":[1,4,5,7,16],"killed_by":"Masked Bandits","ascension_level":6}