{"gold_per_floor":[115,115,127,127,146,177,177,209,256,256,256,256,256,172,172,276,276,296,296,315,315,334,334,359,379,379,304,228,254,179,193,193,291,291,306,306,48,61,78,111,61,86,112,112,112,142,142,159,159,159],"floor_reached":51,"playtime":3388,"items_purged":["Strike_R","Strike_R","Strike_R","Writhe","Warcry"],"score":1232,"play_id":"1b2d77b8-fec4-4885-865e-843852376ad3","local_time":"20181021154523","is_ascension_mode":true,"campfire_choices":[{"data":"Heavy Blade","floor":7.0,"key":"SMITH"},{"floor":12.0,"key":"REST"},{"data":"Limit Break","floor":15.0,"key":"SMITH"},{"data":"True Grit","floor":23.0,"key":"SMITH"},{"floor":32,"key":"REST"},{"data":"Armaments","floor":45,"key":"SMITH"},{"data":"Offering","floor":47,"key":"SMITH"},{"data":"Whirlwind","floor":49,"key":"SMITH"}],"neow_cost":"NONE","seed_source_timestamp":974890356604434,"circlet_count":0,"master_deck":["Defend_R","Defend_R","Defend_R","Defend_R","Bash","AscendersBane","Limit Break+1","Twin Strike","True Grit+1","Heavy Blade+1","Offering+1","Headbutt","Armaments+1","Inflame","Reaper","J.A.X.","Battle Trance","Anger","Shrug It Off+1","Rupture+1","Shrug It Off","Reaper","Warcry+1","Heavy Blade+1","Ghostly Armor","Whirlwind+1"],"special_seed":0,"relics":["Burning Blood","Ornamental Fan","Smiling Mask","Kunai","Pen Nib","Turnip","Sozu","FossilizedHelix","Charon\u0027s Ashes","Bottled Flame","Ginger","Mark of Pain","Medical Kit","Regal Pillow","Strawberry","Anchor","WingedGreaves","Gambling Chip"],"potions_floor_usage":[],"damage_taken":[{"damage":0.0,"enemies":"Small Slimes","floor":1.0,"turns":3.0},{"damage":4.0,"enemies":"2 Louse","floor":3.0,"turns":3.0},{"damage":1.0,"enemies":"Cultist","floor":5.0,"turns":4.0},{"damage":35.0,"enemies":"3 Sentries","floor":6.0,"turns":10.0},{"damage":35.0,"enemies":"Gremlin Nob","floor":8.0,"turns":4.0},{"damage":30.0,"enemies":"Hexaghost","floor":16.0,"turns":9.0},{"damage":29.0,"enemies":"Shell Parasite","floor":18.0,"turns":6.0},{"damage":9.0,"enemies":"Spheric Guardian","floor":20.0,"turns":3.0},{"damage":22.0,"enemies":"Cultist and Chosen","floor":22.0,"turns":6.0},{"damage":32.0,"enemies":"Gremlin Leader","floor":24.0,"turns":4.0},{"damage":23.0,"enemies":"Centurion and Healer","floor":25.0,"turns":4.0},{"damage":45.0,"enemies":"Book of Stabbing","floor":29.0,"turns":6.0},{"damage":21,"enemies":"Shelled Parasite and Fungi","floor":31,"turns":6},{"damage":49,"enemies":"Automaton","floor":33,"turns":7},{"damage":16,"enemies":"Orb Walker","floor":35,"turns":4},{"damage":3,"enemies":"3 Darklings","floor":38,"turns":3},{"damage":22,"enemies":"Maw","floor":39,"turns":6},{"damage":57,"enemies":"Nemesis","floor":40,"turns":5},{"damage":6,"enemies":"Reptomancer","floor":42,"turns":3},{"damage":13,"enemies":"Mind Bloom Boss Battle","floor":44,"turns":6},{"damage":42,"enemies":"Nemesis","floor":46,"turns":5},{"damage":9,"enemies":"Jaw Worm Horde","floor":48,"turns":3},{"damage":81,"enemies":"Awakened One","floor":50,"turns":9}],"seed_played":"7663628118607325901","potions_obtained":[{"floor":1.0,"key":"Fire Potion"},{"floor":3.0,"key":"SteroidPotion"},{"floor":16.0,"key":"Explosive Potion"}],"is_trial":false,"path_per_floor":["M","?","M","?","M","E","R","E","T","T","?","R","?","$","R","B",null,"M","?","M","?","M","R","E","M","T","?","$","E","$","M","R","B",null,"M","?","$","M","M","E","$","E","T","?","R","E","R","M","R","B"],"character_chosen":"IRONCLAD","items_purchased":["Inflame","Warcry","Shrug It Off","Medical Kit"],"campfire_rested":2,"item_purchase_floors":[14,28,30,37],"current_hp_per_floor":[78,66,68,68,73,44,44,15,15,15,15,39,39,39,39,15,64,54,54,51,51,47,47,61,60,60,60,60,25,25,18,42,7,62,72,72,72,80,72,42,42,87,87,87,87,51,51,87,87,52],"gold":159,"neow_bonus":"ONE_RANDOM_RARE_CARD","is_prod":false,"is_daily":false,"chose_seed":false,"campfire_upgraded":6,"win_rate":0,"timestamp":1540129523,"path_taken":["M","?","M","?","?","E","R","E","T","?","?","R","?","$","R","BOSS","M","?","M","?","M","R","E","?","T","?","$","E","$","M","R","BOSS","M","?","$","M","M","E","$","E","T","?","R","E","R","?","R","BOSS"],"build_version":"2018-10-19","purchased_purges":5,"victory":true,"max_hp_per_floor":[80,80,80,80,80,80,80,80,80,80,80,80,80,80,80,80,80,80,80,80,80,80,80,80,80,80,80,80,80,80,80,80,80,80,80,80,80,80,80,80,80,87,87,87,87,87,87,87,87,87],"card_choices":[{"not_picked":["Flame Barrier","Second Wind"],"picked":"Twin Strike","floor":1.0},{"not_picked":["Corruption","Clash"],"picked":"True Grit","floor":3.0},{"not_picked":["Shrug It Off","Iron Wave"],"picked":"Heavy Blade","floor":5.0},{"not_picked":["Rage","Anger"],"picked":"Offering","floor":6.0},{"not_picked":["Pummel","Cleave"],"picked":"Headbutt","floor":8.0},{"not_picked":["Fiend Fire","Immolate"],"picked":"Reaper","floor":16.0},{"not_picked":["Armaments","Twin Strike","Headbutt"],"picked":"SKIP","floor":18.0},{"not_picked":["Iron Wave","Carnage"],"picked":"Battle Trance","floor":20.0},{"not_picked":["Heavy Blade+1","Sentinel"],"picked":"Anger","floor":22.0},{"not_picked":["Hemokinesis","Intimidate","Fiend Fire"],"picked":"SKIP","floor":24.0},{"not_picked":["Heavy Blade","Headbutt"],"picked":"Shrug It Off+1","floor":25.0},{"not_picked":["Sword Boomerang","Fire Breathing+1"],"picked":"Rupture+1","floor":29.0},{"not_picked":["Iron Wave","Evolve","Uppercut"],"picked":"SKIP","floor":31},{"not_picked":["Double Tap","Brutality"],"picked":"Reaper","floor":33},{"not_picked":["Sword Boomerang+1","Perfected Strike+1"],"picked":"Warcry+1","floor":35},{"not_picked":["Clothesline+1","Burning Pact","Thunderclap"],"picked":"SKIP","floor":38},{"not_picked":["Heavy Blade","Rampage","Headbutt"],"picked":"SKIP","floor":39},{"not_picked":["Warcry+1","Feed"],"picked":"Heavy Blade+1","floor":40},{"not_picked":["Reckless Charge","Body Slam","Pommel Strike"],"picked":"SKIP","floor":42},{"not_picked":["Carnage","Wild Strike"],"picked":"Ghostly Armor","floor":44},{"not_picked":["Blood for Blood","Shrug It Off+1","Rupture"],"picked":"SKIP","floor":46},{"not_picked":["Combust","Sword Boomerang+1"],"picked":"Whirlwind","floor":48}],"player_experience":386360,"relics_obtained":[{"floor":6.0,"key":"Smiling Mask"},{"floor":8.0,"key":"Kunai"},{"floor":9.0,"key":"Pen Nib"},{"floor":10.0,"key":"Turnip"},{"floor":24.0,"key":"Charon\u0027s Ashes"},{"floor":26.0,"key":"Bottled Flame"},{"floor":29.0,"key":"Ginger"},{"floor":40,"key":"Regal Pillow"},{"floor":42,"key":"Strawberry"},{"floor":43,"key":"Anchor"},{"floor":44,"key":"WingedGreaves"},{"floor":46,"key":"Gambling Chip"}],"event_choices":[{"damage_healed":0.0,"max_hp_gain":0.0,"max_hp_loss":0.0,"gold_gain":0.0,"event_name":"Scrap Ooze","player_choice":"Success","floor":2.0,"gold_loss":0.0,"damage_taken":12.0,"relics_obtained":["Ornamental Fan"]},{"cards_removed":["Strike_R"],"damage_healed":0.0,"max_hp_gain":0.0,"max_hp_loss":0.0,"gold_gain":0.0,"event_name":"Purifier","player_choice":"Purged","floor":4.0,"gold_loss":0.0,"damage_taken":0.0},{"damage_healed":0.0,"max_hp_gain":0.0,"max_hp_loss":0.0,"gold_gain":0.0,"event_name":"Liars Game","player_choice":"Ignored","floor":11.0,"gold_loss":0.0,"damage_taken":0.0},{"damage_healed":0.0,"max_hp_gain":0.0,"max_hp_loss":0.0,"gold_gain":0.0,"event_name":"Match and Keep!","player_choice":"1 cards matched","floor":13.0,"gold_loss":0.0,"damage_taken":0.0,"cards_obtained":["Armaments"]},{"damage_healed":0.0,"max_hp_gain":0.0,"max_hp_loss":0.0,"gold_gain":0.0,"event_name":"Drug Dealer","player_choice":"Obtain J.A.X.","floor":19.0,"gold_loss":0.0,"damage_taken":0.0,"cards_obtained":["J.A.X."]},{"damage_healed":0.0,"max_hp_gain":0.0,"max_hp_loss":0.0,"gold_gain":0.0,"event_name":"The Mausoleum","player_choice":"Opened","floor":21.0,"gold_loss":0.0,"damage_taken":0.0,"relics_obtained":["FossilizedHelix"],"cards_obtained":["Writhe"]},{"cards_removed":["Strike_R"],"damage_healed":0.0,"max_hp_gain":0.0,"max_hp_loss":0.0,"gold_gain":0.0,"event_name":"Beggar","player_choice":"Gave Gold","floor":27.0,"gold_loss":75.0,"damage_taken":0.0},{"damage_healed":0,"gold_gain":0,"player_choice":"Ignored","damage_taken":0,"max_hp_gain":0,"max_hp_loss":0,"event_name":"Tomb of Lord Red Mask","floor":36,"gold_loss":0},{"damage_healed":0,"gold_gain":0,"player_choice":"Fight","damage_taken":0,"max_hp_gain":0,"max_hp_loss":0,"event_name":"MindBloom","floor":44,"gold_loss":0}],"is_beta":true,"boss_relics":[{"not_picked":["Tiny House","White Beast Statue"],"picked":"Sozu"},{"not_picked":["Coffee Dripper","Pandora\u0027s Box"],"picked":"Mark of Pain"}],"items_purged_floors":[14,28,30,37,41],"is_endless":false,"potions_floor_spawned":[1,3,16,20,24,29,31,35,39,46,48],"ascension_level":11}