{"gold_per_floor":[110,122,9,9,9,9,84,116,116,116,166,180,200,212,212,289,289,301,301,315,333,258,288,288,288,311,331,342,357,357,388,388,388],"floor_reached":33,"playtime":1502,"items_purged":["Strike_R"],"score":517,"play_id":"865be87c-1204-45f4-a11c-daea53e128e2","local_time":"20190131105005","is_ascension_mode":true,"campfire_choices":[{"data":"Rampage","floor":6,"key":"SMITH"},{"data":"Shrug It Off","floor":10,"key":"SMITH"},{"data":"Cleave","floor":15,"key":"SMITH"},{"floor":24,"key":"REST"},{"floor":30,"key":"REST"},{"floor":32,"key":"REST"}],"neow_cost":"TEN_PERCENT_HP_LOSS","seed_source_timestamp":1032806266308579,"circlet_count":0,"master_deck":["AscendersBane","Strike_R","Strike_R","Defend_R","Defend_R","Defend_R","Bash","Inflame","Shrug It Off+1","Rampage+1","Metallicize","Cleave+1","Shrug It Off","Offering","True Grit","Necronomicurse"],"relics":["Burning Blood","Torii","Art of War","Red Skull","Busted Crown","Mercury Hourglass","Necronomicon","Centennial Puzzle","Bag of Marbles"],"potions_floor_usage":[14,18,21,23,29],"damage_taken":[{"damage":1,"enemies":"Cultist","floor":1,"turns":5},{"damage":8,"enemies":"2 Louse","floor":2,"turns":3},{"damage":26,"enemies":"Gremlin Nob","floor":8,"turns":4},{"damage":1,"enemies":"Small Slimes","floor":12,"turns":3},{"damage":1,"enemies":"3 Louse","floor":13,"turns":4},{"damage":1,"enemies":"Lots of Slimes","floor":14,"turns":2},{"damage":26,"enemies":"Slime Boss","floor":16,"turns":9},{"damage":7,"enemies":"Chosen","floor":18,"turns":4},{"damage":8,"enemies":"Shell Parasite","floor":20,"turns":5},{"damage":13,"enemies":"Centurion and Healer","floor":21,"turns":9},{"damage":34,"enemies":"Book of Stabbing","floor":23,"turns":7},{"damage":6,"enemies":"3 Cultists","floor":27,"turns":5},{"damage":13,"enemies":"Shelled Parasite and Fungi","floor":28,"turns":4},{"damage":6,"enemies":"Snecko","floor":29,"turns":3},{"damage":33,"enemies":"Gremlin Leader","floor":31,"turns":5},{"damage":46,"enemies":"Collector","floor":33,"turns":5}],"seed_played":"-3083058481602529354","potions_obtained":[{"floor":12,"key":"AttackPotion"},{"floor":14,"key":"Swift Potion"},{"floor":16,"key":"Fire Potion"},{"floor":18,"key":"Poison Potion"},{"floor":23,"key":"Ancient Potion"},{"floor":27,"key":"Regen Potion"}],"is_trial":false,"path_per_floor":["M","M","$","?","?","R","?","E","T","R","?","M","M","M","R","B",null,"M","?","M","M","$","E","R","?","T","M","M","M","R","E","R","B"],"character_chosen":"IRONCLAD","items_purchased":["Shrug It Off","Rampage"],"campfire_rested":3,"item_purchase_floors":[3,3],"current_hp_per_floor":[68,66,66,59,59,59,48,28,28,28,28,33,38,43,43,23,57,56,56,54,47,47,19,39,18,18,18,11,20,40,13,33,0],"gold":388,"neow_bonus":"ONE_RARE_RELIC","is_prod":false,"is_daily":false,"chose_seed":false,"campfire_upgraded":3,"win_rate":0,"timestamp":1548928205,"path_taken":["M","M","$","?","?","R","?","E","T","R","?","M","?","M","R","BOSS","M","?","?","M","$","E","R","?","T","M","M","M","R","E","R","BOSS"],"build_version":"2019-01-23","purchased_purges":1,"victory":false,"max_hp_per_floor":[68,68,68,68,68,68,68,68,68,68,68,68,68,68,68,68,68,68,68,68,68,68,68,68,68,68,68,68,68,68,68,68,68],"card_choices":[{"not_picked":["Havoc","Cleave"],"picked":"Inflame","floor":1},{"not_picked":["Feel No Pain","True Grit","Infernal Blade"],"picked":"SKIP","floor":2},{"not_picked":["Power Through","Rupture","Dropkick"],"picked":"SKIP","floor":8},{"not_picked":["Sword Boomerang","Spot Weakness"],"picked":"Metallicize","floor":12},{"not_picked":["Twin Strike","Disarm"],"picked":"Cleave","floor":13},{"not_picked":["Warcry","Wild Strike"],"picked":"Shrug It Off","floor":14},{"not_picked":["Fiend Fire","Exhume"],"picked":"Offering","floor":16},{"not_picked":["Sword Boomerang"],"picked":"SKIP","floor":18},{"not_picked":["Infernal Blade"],"picked":"SKIP","floor":20},{"not_picked":[],"picked":"True Grit","floor":21},{"not_picked":["Rage"],"picked":"SKIP","floor":23},{"not_picked":["Wild Strike"],"picked":"SKIP","floor":27},{"not_picked":["Seeing Red"],"picked":"SKIP","floor":28},{"not_picked":["Shrug It Off"],"picked":"SKIP","floor":29},{"not_picked":["Flex"],"picked":"SKIP","floor":31}],"player_experience":658868,"relics_obtained":[{"floor":8,"key":"Art of War"},{"floor":9,"key":"Red Skull"},{"floor":23,"key":"Mercury Hourglass"},{"floor":25,"key":"Necronomicon"},{"floor":26,"key":"Centennial Puzzle"},{"floor":31,"key":"Bag of Marbles"}],"event_choices":[{"cards_removed":["Strike_R"],"damage_healed":0,"gold_gain":0,"player_choice":"Card Removal","damage_taken":7,"max_hp_gain":0,"max_hp_loss":0,"event_name":"Golden Wing","floor":4,"gold_loss":0},{"cards_removed":["Defend_R"],"damage_healed":0,"gold_gain":0,"player_choice":"Forget","damage_taken":0,"max_hp_gain":0,"max_hp_loss":0,"event_name":"Living Wall","floor":5,"gold_loss":0},{"damage_healed":0,"gold_gain":75,"player_choice":"Gather Gold","damage_taken":11,"max_hp_gain":0,"max_hp_loss":0,"event_name":"World of Goop","floor":7,"gold_loss":0},{"damage_healed":0,"gold_gain":50,"player_choice":"Pray","damage_taken":0,"max_hp_gain":0,"max_hp_loss":0,"event_name":"Golden Shrine","floor":11,"gold_loss":0},{"cards_removed":["Strike_R"],"damage_healed":0,"gold_gain":0,"player_choice":"Offered Basic","damage_taken":0,"max_hp_gain":0,"max_hp_loss":0,"event_name":"Bonfire Elementals","floor":19,"gold_loss":0},{"damage_healed":0,"gold_gain":0,"player_choice":"Obtained Book","damage_taken":21,"max_hp_gain":0,"max_hp_loss":0,"event_name":"Cursed Tome","floor":25,"gold_loss":0}],"is_beta":true,"boss_relics":[{"not_picked":["Tiny House","Fusion Hammer"],"picked":"Busted Crown"}],"items_purged_floors":[22],"is_endless":false,"potions_floor_spawned":[12,14,16,18,23,27],"killed_by":"Collector","ascension_level":16}