{"gold_per_floor":[109,109,59,72,90,118,118,150,150,178,178,67,82,114,114,218,218,237,59,75,87,0,0,30,30,30,49,49,63,63,79,79,175,175,190,190,216,42,60,60,85,85,112,139,155,172,191,211,211,211],"floor_reached":51,"playtime":6916,"items_purged":["Strike_B","Strike_B","Writhe"],"score":950,"play_id":"1a1e060a-9837-4c61-82e9-75ac7e664f0e","local_time":"20190127224621","is_ascension_mode":true,"campfire_choices":[{"data":"Buffer","floor":7.0,"key":"SMITH"},{"data":"Hologram","floor":11.0,"key":"SMITH"},{"data":"Creative AI","floor":15.0,"key":"SMITH"},{"data":"Double Energy","floor":23.0,"key":"SMITH"},{"data":"Zap","floor":28.0,"key":"SMITH"},{"floor":32.0,"key":"REST"},{"data":"Consume","floor":40.0,"key":"SMITH"},{"data":"Capacitor","floor":42.0,"key":"SMITH"},{"floor":49.0,"key":"REST"}],"neow_cost":"PERCENT_DAMAGE","seed_source_timestamp":0,"circlet_count":0,"master_deck":["Strike_B+1","Defend_B","Defend_B+1","Defend_B","Defend_B","Zap+1","Dualcast","Buffer+1","Skim","Leap","Hologram","Hologram+1","Double Energy+1","Creative AI+1","Electrodynamics","Capacitor+1","Go for the Eyes+1","Conserve Battery","Machine Learning","Parasite","Conserve Battery","Consume+1","White Noise+1","Normality","Storm","Skim","Coolheaded+1"],"special_seed":0,"relics":["Cracked Core","Strawberry","Girya","Darkstone Periapt","Bottled Tornado","Bronze Scales","Black Star","Ornamental Fan","Thread and Needle","Orichalcum","Mummified Hand","Cursed Key","Whetstone","Centennial Puzzle","Smiling Mask","Oddly Smooth Stone","Pantograph","Bottled Lightning"],"potions_floor_usage":[50,50],"damage_taken":[{"damage":5.0,"enemies":"Small Slimes","floor":1.0,"turns":4.0},{"damage":0.0,"enemies":"2 Louse","floor":4.0,"turns":4.0},{"damage":0.0,"enemies":"Jaw Worm","floor":5.0,"turns":4.0},{"damage":5.0,"enemies":"Lagavulin","floor":6.0,"turns":7.0},{"damage":0.0,"enemies":"Gremlin Nob","floor":8.0,"turns":4.0},{"damage":0.0,"enemies":"Lagavulin","floor":10.0,"turns":8.0},{"damage":0.0,"enemies":"Looter","floor":13.0,"turns":3.0},{"damage":6.0,"enemies":"3 Sentries","floor":14.0,"turns":6.0},{"damage":0.0,"enemies":"Slime Boss","floor":16.0,"turns":5.0},{"damage":15.0,"enemies":"Chosen","floor":18.0,"turns":6.0},{"damage":24.0,"enemies":"Spheric Guardian","floor":20.0,"turns":6.0},{"damage":26.0,"enemies":"Snake Plant","floor":21.0,"turns":4.0},{"damage":9.0,"enemies":"Gremlin Leader","floor":24.0,"turns":4.0},{"damage":0.0,"enemies":"Snecko","floor":27.0,"turns":6.0},{"damage":0.0,"enemies":"Shelled Parasite and Fungi","floor":29.0,"turns":5.0},{"damage":0.0,"enemies":"3 Cultists","floor":31.0,"turns":5.0},{"damage":0.0,"enemies":"Automaton","floor":33.0,"turns":10.0},{"damage":0.0,"enemies":"3 Shapes","floor":35.0,"turns":3.0},{"damage":3.0,"enemies":"3 Darklings","floor":39.0,"turns":6.0},{"damage":17.0,"enemies":"Giant Head","floor":41.0,"turns":9.0},{"damage":15.0,"enemies":"Nemesis","floor":44.0,"turns":7.0},{"damage":32.0,"enemies":"Transient","floor":45.0,"turns":5.0},{"damage":0.0,"enemies":"4 Shapes","floor":46.0,"turns":3.0},{"damage":0.0,"enemies":"Jaw Worm Horde","floor":47.0,"turns":4.0},{"damage":0.0,"enemies":"Spire Growth","floor":48.0,"turns":6.0},{"damage":22,"enemies":"Donu and Deca","floor":50,"turns":7}],"seed_played":"-4227431613196168198","potions_obtained":[{"floor":1.0,"key":"Regen Potion"},{"floor":6.0,"key":"Regen Potion"},{"floor":13.0,"key":"PowerPotion"},{"floor":20.0,"key":"FocusPotion"},{"floor":27.0,"key":"EssenceOfSteel"},{"floor":29.0,"key":"Ancient Potion"},{"floor":33.0,"key":"SpeedPotion"},{"floor":35.0,"key":"Ancient Potion"},{"floor":39.0,"key":"Weak Potion"},{"floor":48.0,"key":"FocusPotion"}],"is_trial":false,"path_per_floor":["M","?","?","M","M","E","R","E","T","E","R","$","M","E","R","B",null,"M","$","M","M","?","R","E","?","T","M","R","M","?","M","R","B",null,"M","?","T","$","M","R","E","R","T","E","M","M","M","M","R","B",null],"character_chosen":"DEFECT","items_purchased":["Double Energy","Capacitor","Conserve Battery"],"campfire_rested":2,"item_purchase_floors":[12,19,38],"current_hp_per_floor":[49,34,34,34,34,36,36,48,48,48,48,48,48,42,42,42,82,67,67,43,29,29,29,20,26,26,26,26,26,9,9,36,36,93,93,93,99,99,96,96,79,79,85,70,38,38,38,38,69,72],"gold":211,"neow_bonus":"THREE_RARE_CARDS","is_prod":false,"is_daily":false,"chose_seed":false,"campfire_upgraded":7,"win_rate":1,"timestamp":1548625581,"path_taken":["M","?","?","M","M","E","R","E","T","E","R","$","M","E","R","BOSS","M","$","M","M","?","R","E","?","T","M","R","M","?","?","R","BOSS","M","?","?","$","?","R","E","R","T","E","M","M","M","M","R","BOSS"],"build_version":"2019-01-23","purchased_purges":3,"victory":true,"max_hp_per_floor":[75,75,75,75,75,82,82,82,82,82,82,82,82,82,82,82,82,82,82,82,82,82,82,82,88,88,88,88,88,93,93,93,93,93,93,93,99,99,99,99,99,99,105,105,105,105,105,105,105,105],"card_choices":[{"not_picked":["Fission","Meteor Strike"],"picked":"Buffer","floor":0.0},{"not_picked":["Sweeping Beam","Lockon"],"picked":"Skim","floor":1.0},{"not_picked":["Streamline","Scrape"],"picked":"Leap","floor":4.0},{"not_picked":["Steam","Sweeping Beam"],"picked":"Ball Lightning","floor":5.0},{"not_picked":["Turbo","Reinforced Body"],"picked":"Hologram","floor":6.0},{"not_picked":["Turbo","Redo"],"picked":"Hologram","floor":8.0},{"not_picked":["Compile Driver","Streamline","Doom and Gloom"],"picked":"SKIP","floor":10.0},{"not_picked":["Redo","All For One","Reprogram"],"picked":"SKIP","floor":13.0},{"not_picked":["Ball Lightning","Compile Driver"],"picked":"Creative AI","floor":14.0},{"not_picked":["Thunder Strike","Multi-Cast"],"picked":"Electrodynamics","floor":16.0},{"not_picked":["Barrage","Auto Shields","Loop"],"picked":"SKIP","floor":18.0},{"not_picked":["Leap+1","Undo+1"],"picked":"Go for the Eyes+1","floor":20.0},{"not_picked":["Stack","Force Field","Melter"],"picked":"SKIP","floor":21.0},{"not_picked":["Static Discharge","BootSequence","Go for the Eyes"],"picked":"SKIP","floor":24.0},{"not_picked":["Hologram","Force Field"],"picked":"Conserve Battery","floor":27.0},{"not_picked":["Go for the Eyes","Redo","Sweeping Beam+1"],"picked":"SKIP","floor":29.0},{"not_picked":["Aggregate+1","Streamline","Beam Cell"],"picked":"SKIP","floor":31.0},{"not_picked":["Electrodynamics","Multi-Cast"],"picked":"Machine Learning","floor":33.0},{"not_picked":["FTL","Hologram","Stack+1"],"picked":"SKIP","floor":35.0},{"not_picked":["Hello World","Compile Driver+1"],"picked":"Consume","floor":39.0},{"not_picked":["Go for the Eyes+1","Conserve Battery+1"],"picked":"White Noise+1","floor":41.0},{"not_picked":["Ball Lightning","Stack+1"],"picked":"Storm","floor":44.0},{"not_picked":["Doom and Gloom","Ball Lightning","Genetic Algorithm"],"picked":"SKIP","floor":45.0},{"not_picked":["Stack+1","Loop"],"picked":"Skim","floor":46.0},{"not_picked":["Redo+1","Cold Snap","Fusion+1"],"picked":"SKIP","floor":47.0},{"not_picked":["Lockon+1","Heatsinks"],"picked":"Coolheaded+1","floor":48.0}],"player_experience":22990,"relics_obtained":[{"floor":6.0,"key":"Strawberry"},{"floor":8.0,"key":"Girya"},{"floor":9.0,"key":"Darkstone Periapt"},{"floor":10.0,"key":"Bottled Tornado"},{"floor":14.0,"key":"Bronze Scales"},{"floor":24.0,"key":"Ornamental Fan"},{"floor":24.0,"key":"Thread and Needle"},{"floor":26.0,"key":"Mummified Hand"},{"floor":37.0,"key":"Whetstone"},{"floor":41.0,"key":"Centennial Puzzle"},{"floor":41.0,"key":"Smiling Mask"},{"floor":43.0,"key":"Oddly Smooth Stone"},{"floor":44.0,"key":"Pantograph"},{"floor":44.0,"key":"Bottled Lightning"}],"event_choices":[{"damage_healed":0.0,"max_hp_gain":0.0,"max_hp_loss":0.0,"gold_gain":0.0,"event_name":"Shining Light","player_choice":"Entered Light","floor":2.0,"gold_loss":0.0,"damage_taken":15.0,"cards_upgraded":["Defend_B","Strike_B"]},{"cards_removed":["Strike_B"],"damage_healed":0.0,"max_hp_gain":0.0,"max_hp_loss":0.0,"gold_gain":0.0,"event_name":"The Cleric","player_choice":"Card Removal","floor":3.0,"gold_loss":50.0,"damage_taken":0.0},{"damage_healed":0.0,"max_hp_gain":0.0,"max_hp_loss":0.0,"gold_gain":0.0,"event_name":"Masked Bandits","player_choice":"Paid Fearfully","floor":22.0,"gold_loss":87.0,"damage_taken":0.0},{"damage_healed":0.0,"max_hp_gain":0.0,"max_hp_loss":0.0,"gold_gain":0.0,"event_name":"The Mausoleum","player_choice":"Opened","floor":25.0,"gold_loss":0.0,"damage_taken":0.0,"relics_obtained":["Orichalcum"],"cards_obtained":["Writhe"]},{"damage_healed":0.0,"max_hp_gain":5.0,"max_hp_loss":0.0,"gold_gain":0.0,"event_name":"Forgotten Altar","player_choice":"Shed Blood","floor":30.0,"gold_loss":0.0,"damage_taken":22.0},{"cards_removed":["Ball Lightning"],"damage_healed":0.0,"max_hp_gain":0.0,"max_hp_loss":0.0,"gold_gain":0.0,"event_name":"Falling","player_choice":"Removed Attack","floor":36.0,"gold_loss":0.0,"damage_taken":0.0}],"is_beta":false,"boss_relics":[{"not_picked":["Astrolabe","Orrery"],"picked":"Black Star"},{"not_picked":["Coffee Dripper","Empty Cage"],"picked":"Cursed Key"}],"items_purged_floors":[12,19,38],"is_endless":false,"potions_floor_spawned":[1,6,13,20,27,29,33,35,39,48],"ascension_level":1}