{"gold_per_floor":[110,110,35,35,51,51,82,7,7,20,20,36,36],"floor_reached":13,"playtime":301,"items_purged":["Strike_G"],"score":166,"play_id":"b5623fdf-8855-4f6f-9aff-fdb5f64c7227","local_time":"20190205192313","is_ascension_mode":true,"campfire_choices":[{"data":"All Out Attack","floor":6,"key":"SMITH"},{"data":"Noxious Fumes","floor":11,"key":"SMITH"}],"neow_cost":"NONE","seed_source_timestamp":9185822937900,"circlet_count":0,"master_deck":["AscendersBane","Defend_G","Defend_G","Defend_G+1","Defend_G","Defend_G","Strike_G","Strike_G+1","Survivor","Neutralize","All Out Attack+1","Noxious Fumes+1","Deadly Poison"],"relics":["Ring of the Snake","Dodecahedron","Meat on the Bone"],"potions_floor_usage":[7,13,13],"damage_taken":[{"damage":8,"enemies":"Small Slimes","floor":1,"turns":5},{"damage":6,"enemies":"Cultist","floor":5,"turns":4},{"damage":18,"enemies":"3 Sentries","floor":7,"turns":8},{"damage":0,"enemies":"2 Louse","floor":10,"turns":2},{"damage":2,"enemies":"Exordium Wildlife","floor":12,"turns":4},{"damage":36,"enemies":"Gremlin Nob","floor":13,"turns":4}],"seed_played":"-3375864475518364989","potions_obtained":[{"floor":0,"key":"Weak Potion"},{"floor":0,"key":"GamblersBrew"},{"floor":10,"key":"SkillPotion"},{"floor":12,"key":"SpeedPotion"}],"is_trial":false,"path_per_floor":["M","?","?","?","M","R","E","$","T","M","R","M","E"],"character_chosen":"THE_SILENT","items_purchased":[],"campfire_rested":0,"item_purchase_floors":[],"current_hp_per_floor":[51,31,31,31,25,25,7,7,7,19,19,29,0],"gold":36,"neow_bonus":"THREE_SMALL_POTIONS","is_prod":false,"is_daily":false,"chose_seed":false,"campfire_upgraded":2,"win_rate":0,"timestamp":1549387393,"path_taken":["M","?","?","?","?","R","E","$","T","M","R","M","E"],"build_version":"2019-01-23","purchased_purges":1,"victory":false,"max_hp_per_floor":[66,66,66,66,66,66,66,66,66,66,66,66,66],"card_choices":[{"not_picked":["Flechettes","Dodge and Roll","Acrobatics"],"picked":"SKIP","floor":1},{"not_picked":["Tactician","Crippling Poison"],"picked":"All Out Attack","floor":5},{"not_picked":["All Out Attack","Doppelganger"],"picked":"Noxious Fumes","floor":7},{"not_picked":["Underhanded Strike","Backflip","Predator"],"picked":"SKIP","floor":10},{"not_picked":["Poisoned Stab","Bane"],"picked":"Deadly Poison","floor":12}],"player_experience":627971,"relics_obtained":[{"floor":7,"key":"Dodecahedron"},{"floor":9,"key":"Meat on the Bone"}],"event_choices":[{"damage_healed":0,"gold_gain":0,"player_choice":"Entered Light","damage_taken":20,"max_hp_gain":0,"max_hp_loss":0,"event_name":"Shining Light","floor":2,"gold_loss":0,"cards_upgraded":["Defend_G","Strike_G"]},{"cards_removed":["Strike_G"],"damage_healed":0,"gold_gain":0,"player_choice":"Card Removal","damage_taken":0,"max_hp_gain":0,"max_hp_loss":0,"event_name":"The Cleric","floor":3,"gold_loss":75},{"cards_removed":["Strike_G"],"damage_healed":0,"gold_gain":0,"player_choice":"Offered Basic","damage_taken":0,"max_hp_gain":0,"max_hp_loss":0,"event_name":"Bonfire Elementals","floor":4,"gold_loss":0}],"is_beta":false,"boss_relics":[],"items_purged_floors":[8],"is_endless":false,"potions_floor_spawned":[10,12],"killed_by":"Gremlin Nob","ascension_level":20}