{"gold_per_floor":[115,134,134,134,154,154,179,179,179,179,23,36,71,71,71,176,176,196,196,196,196,11,11,36,61,73,85,122,154,166],"floor_reached":30,"playtime":2090,"items_purged":[],"score":368,"play_id":"27598496-dfaf-4416-bc79-606e8c5d3f83","local_time":"20190130200455","is_ascension_mode":true,"campfire_choices":[{"data":"Twin Strike","floor":6,"key":"SMITH"},{"data":"Feel No Pain","floor":8,"key":"SMITH"},{"data":"Twin Strike","floor":10,"key":"SMITH"},{"floor":15,"key":"REST"},{"data":"Immolate","floor":23,"key":"SMITH"},{"floor":27,"key":"REST"}],"neow_cost":"NONE","seed_source_timestamp":27557916513100,"circlet_count":0,"master_deck":["Strike_R+1","Strike_R","Strike_R","Strike_R","Strike_R","Defend_R","Defend_R","Defend_R","Defend_R","Bash+1","Twin Strike+1","Hemokinesis+1","Twin Strike+1","Feel No Pain+1","Bludgeon","Shockwave+1","Uppercut","Immolate+1","Feed","Clothesline","Pommel Strike","Iron Wave","Perfected Strike","Armaments+1","Master of Strategy+1","Burning Pact+1"],"relics":["Burning Blood","Singing Bowl","Toxic Egg 2","Dead Branch","Orrery","Enchiridion","MawBank","Du-Vu Doll","Strawberry"],"potions_floor_usage":[16,24,24,28,30,30],"damage_taken":[{"damage":11,"enemies":"2 Louse","floor":1,"turns":2},{"damage":7,"enemies":"Small Slimes","floor":2,"turns":3},{"damage":2,"enemies":"Jaw Worm","floor":5,"turns":3},{"damage":18,"enemies":"Gremlin Nob","floor":7,"turns":3},{"damage":23,"enemies":"Exordium Thugs","floor":12,"turns":3},{"damage":27,"enemies":"Lagavulin","floor":13,"turns":4},{"damage":17,"enemies":"Slime Boss","floor":16,"turns":7},{"damage":20,"enemies":"Chosen","floor":18,"turns":5},{"damage":36,"enemies":"Slavers","floor":24,"turns":6},{"damage":0,"enemies":"Shell Parasite","floor":25,"turns":3},{"damage":38,"enemies":"Gremlin Leader","floor":28,"turns":8},{"damage":20,"enemies":"3 Cultists","floor":29,"turns":5},{"damage":22,"enemies":"Centurion and Healer","floor":30,"turns":5}],"seed_played":"8719494565677356147","potions_obtained":[{"floor":1,"key":"SneckoOil"},{"floor":13,"key":"Fire Potion"},{"floor":16,"key":"Block Potion"},{"floor":18,"key":"Energy Potion"},{"floor":25,"key":"GamblersBrew"},{"floor":28,"key":"Poison Potion"}],"is_trial":false,"path_per_floor":["M","M","?","?","M","R","E","R","T","R","$","M","E","$","R","B",null,"M","?","?","?","$","R","E","M","T","R","E","M","M"],"character_chosen":"IRONCLAD","items_purchased":["Bludgeon","Master of Strategy+1"],"campfire_rested":2,"item_purchase_floors":[11,22],"current_hp_per_floor":[75,74,58,58,62,62,50,50,50,50,50,33,12,12,36,25,68,57,41,41,41,41,41,11,19,19,45,22,13,0],"gold":166,"neow_bonus":"THREE_CARDS","is_prod":false,"is_daily":false,"chose_seed":false,"campfire_upgraded":4,"win_rate":0,"timestamp":1548849895,"path_taken":["M","M","?","?","M","R","E","R","T","R","$","M","E","?","R","BOSS","M","?","?","?","$","R","E","M","T","R","E","M","?"],"build_version":"2019-01-23","purchased_purges":0,"victory":false,"max_hp_per_floor":[80,80,80,80,80,80,80,80,80,80,80,80,80,80,80,80,82,85,85,85,85,85,85,85,87,87,87,96,101,105],"card_choices":[{"not_picked":["Heavy Blade","True Grit"],"picked":"Twin Strike","floor":0},{"not_picked":["Intimidate","Clash"],"picked":"Hemokinesis","floor":1},{"not_picked":["True Grit","Pummel"],"picked":"Twin Strike","floor":2},{"not_picked":["Sentinel","Thunderclap","Searing Blow"],"picked":"SKIP","floor":5},{"not_picked":["Evolve","Wild Strike"],"picked":"Feel No Pain","floor":7},{"not_picked":["Dual Wield+1","Armaments+1"],"picked":"Shockwave+1","floor":12},{"not_picked":["Twin Strike","Clash"],"picked":"Uppercut","floor":13},{"not_picked":["Limit Break+1","Double Tap+1"],"picked":"Immolate","floor":16},{"not_picked":["Perfected Strike","Shrug It Off+1"],"picked":"Feed","floor":17},{"not_picked":["Heavy Blade","Thunderclap","Cleave"],"picked":"Singing Bowl","floor":17},{"not_picked":["Sword Boomerang","Second Wind+1"],"picked":"Clothesline","floor":17},{"not_picked":["Havoc+1","Headbutt"],"picked":"Pommel Strike","floor":17},{"not_picked":["Sword Boomerang","Havoc+1"],"picked":"Iron Wave","floor":17},{"not_picked":["Twin Strike","Iron Wave"],"picked":"Perfected Strike","floor":18},{"not_picked":["Power Through+1","Fire Breathing+1"],"picked":"Burning Pact+1","floor":24},{"not_picked":["Evolve","Havoc+1","Body Slam"],"picked":"Singing Bowl","floor":25},{"not_picked":["Cleave","Pommel Strike","Burning Pact+1"],"picked":"Singing Bowl","floor":28},{"not_picked":["Twin Strike","Headbutt","Iron Wave"],"picked":"Singing Bowl","floor":29}],"player_experience":200345,"relics_obtained":[{"floor":7,"key":"Singing Bowl"},{"floor":9,"key":"Toxic Egg 2"},{"floor":13,"key":"Dead Branch"},{"floor":19,"key":"Enchiridion"},{"floor":24,"key":"MawBank"},{"floor":26,"key":"Du-Vu Doll"},{"floor":28,"key":"Strawberry"}],"event_choices":[{"damage_healed":0,"gold_gain":0,"player_choice":"Entered Light","damage_taken":16,"max_hp_gain":0,"max_hp_loss":0,"event_name":"Shining Light","floor":3,"gold_loss":0,"cards_upgraded":["Bash","Strike_R"]},{"damage_healed":0,"gold_gain":0,"player_choice":"Grow","damage_taken":0,"max_hp_gain":0,"max_hp_loss":0,"event_name":"Living Wall","floor":4,"gold_loss":0,"cards_upgraded":["Hemokinesis"]},{"damage_healed":0,"gold_gain":0,"player_choice":"Obtained Book","damage_taken":16,"max_hp_gain":0,"max_hp_loss":0,"event_name":"Cursed Tome","floor":19,"gold_loss":0},{"damage_healed":0,"gold_gain":0,"player_choice":"Read","damage_taken":0,"max_hp_gain":0,"max_hp_loss":0,"event_name":"The Library","floor":20,"gold_loss":0,"cards_obtained":["Armaments"]},{"damage_healed":0,"gold_gain":0,"player_choice":"Ignored","damage_taken":0,"max_hp_gain":0,"max_hp_loss":0,"event_name":"Vampires","floor":21,"gold_loss":0}],"is_beta":false,"boss_relics":[{"not_picked":["Philosopher\u0027s Stone","Lizard Tail"],"picked":"Orrery"}],"items_purged_floors":[],"is_endless":false,"potions_floor_spawned":[1,13,16,18,25,28],"killed_by":"Centurion and Healer","ascension_level":5}