{"gold_per_floor":[116,130,110,123,48,79,94,128,128,128],"floor_reached":10,"playtime":481,"items_purged":[],"score":98,"play_id":"ad78f6c0-a7d0-45df-b3b8-91dd7f907320","local_time":"20190201172135","is_ascension_mode":true,"campfire_choices":[],"neow_cost":"NONE","seed_source_timestamp":16731877993195,"circlet_count":0,"master_deck":["Defend_G","Defend_G","Defend_G","Defend_G","Defend_G","Strike_G","Strike_G","Strike_G","Strike_G","Strike_G","Survivor","Neutralize","Madness","Dagger Spray","Skewer","After Image","Noxious Fumes","Deflect","Deflect"],"relics":["Ring of the Snake","Matryoshka","Anchor","Bronze Scales","Toxic Egg 2"],"potions_floor_usage":[6,8,8,8],"damage_taken":[{"damage":0,"enemies":"2 Louse","floor":1,"turns":3},{"damage":4,"enemies":"Cultist","floor":2,"turns":6},{"damage":2,"enemies":"Jaw Worm","floor":4,"turns":5},{"damage":22,"enemies":"3 Sentries","floor":6,"turns":6},{"damage":6,"enemies":"3 Louse","floor":7,"turns":3},{"damage":22,"enemies":"Lagavulin","floor":8,"turns":7},{"damage":19,"enemies":"Gremlin Nob","floor":10,"turns":3}],"seed_played":"3809474883412979583","potions_obtained":[{"floor":3,"key":"PowerPotion"},{"floor":4,"key":"Swift Potion"},{"floor":6,"key":"Swift Potion"},{"floor":7,"key":"Energy Potion"}],"is_trial":false,"path_per_floor":["M","M","?","M","$","E","M","E","T","E"],"character_chosen":"THE_SILENT","items_purchased":["Noxious Fumes"],"campfire_rested":0,"item_purchase_floors":[5],"current_hp_per_floor":[70,66,66,64,64,42,36,14,14,0],"gold":128,"neow_bonus":"RANDOM_COLORLESS","is_prod":false,"is_daily":false,"chose_seed":false,"campfire_upgraded":0,"win_rate":0,"timestamp":1549020095,"path_taken":["M","M","?","?","$","E","M","E","T","E"],"build_version":"2019-01-23","purchased_purges":0,"victory":false,"max_hp_per_floor":[70,70,70,70,70,70,70,70,70,70],"card_choices":[{"not_picked":["PiercingWail","Quick Slash"],"picked":"Dagger Spray","floor":1},{"not_picked":["Endless Agony","PiercingWail"],"picked":"Skewer","floor":2},{"not_picked":["Acrobatics","Deflect"],"picked":"After Image","floor":4},{"not_picked":["Riddle With Holes","Underhanded Strike"],"picked":"Deflect","floor":6},{"not_picked":["Dash","Deadly Poison","Concentrate"],"picked":"SKIP","floor":7},{"not_picked":["Slice","Night Terror"],"picked":"Deflect","floor":8}],"player_experience":710615,"relics_obtained":[{"floor":6,"key":"Matryoshka"},{"floor":8,"key":"Anchor"},{"floor":9,"key":"Bronze Scales"},{"floor":9,"key":"Toxic Egg 2"}],"event_choices":[{"damage_healed":0,"gold_gain":0,"player_choice":"Bought 1 Potion","damage_taken":0,"max_hp_gain":0,"max_hp_loss":0,"event_name":"The Woman in Blue","floor":3,"gold_loss":0}],"is_beta":false,"boss_relics":[],"items_purged_floors":[],"is_endless":false,"potions_floor_spawned":[4,6,7],"killed_by":"Gremlin Nob","ascension_level":5}