{"gold_per_floor":[114,129,204,6,181,181,211,211,236,251,281,296,311,326,326,426,426,441,441,41,41,0,30,45,60,60,75,6,6,6,21,21,121,121,136,151,166,16,0,0,30,30,30,60,75,25,25,40,40,40],"floor_reached":51,"playtime":6063,"items_purged":["Doubt"],"score":927,"play_id":"b00f619f-4f5b-4941-b7d0-1671b4dbeb34","local_time":"20180715124935","daily_mods":["Insanity","Terminal","Vintage"],"is_ascension_mode":false,"campfire_choices":[{"data":"Rainbow","floor":6,"key":"SMITH"},{"data":"Conserve Battery","floor":8,"key":"SMITH"},{"floor":15,"key":"REST"},{"data":"Buffer","floor":29,"key":"SMITH"},{"data":"Buffer","floor":32,"key":"SMITH"},{"data":"Static Discharge","floor":40,"key":"SMITH"},{"data":"Storm","floor":42,"key":"SMITH"},{"data":"Steam Power","floor":49,"key":"PURGE"}],"neow_cost":"","seed_source_timestamp":0,"circlet_count":0,"master_deck":["Force Field","Defragment","All For One","Turbo","Core Surge","Rainbow+1","Strike_B","Storm+1","Heatsinks","Consume","All For One","Coolheaded","Blizzard","Storm","Echo Form","Defend_B","Coolheaded","Chill","Strike_B","Defend_B","Dualcast","Aggregate","Fusion","Rip and Tear","Cold Snap","Redo","Sweeping Beam+1","Darkness","Steam","Buffer+1","Static Discharge+1","Recycle","Scrape","Turbo","Meteor Strike","Thunder Strike","Multi-Cast","Force Field+1","Dualcast","Streamline","Glacier","Fusion+1","Reboot","All For One+1","Multi-Cast","Sunder","Rip and Tear","Conserve Battery+1","Leap","Redo","Coolheaded","Buffer+1","Steam","BootSequence","Biased Cognition"],"special_seed":17727,"relics":["Cracked Core","Bottled Tornado","Sundial","Art of War","Happy Flower","Ancient Tea Set","Shuriken","Whetstone","War Paint","Peace Pipe","Torii","Bag of Preparation","Runic Pyramid","Smiling Mask","Meat on the Bone","Regal Pillow","Omamori","Calipers","Bottled Lightning","DataDisk","Bird Faced Urn","Pear","Oddly Smooth Stone","Nuclear Battery","Lantern","Blood Vial","Cables","Bronze Scales","Red Mask","Ginger","Kunai","Question Card","Anchor","Gremlin Horn"],"potions_floor_usage":[],"damage_taken":[{"damage":3,"enemies":"Small Slimes","floor":1,"turns":3},{"damage":6,"enemies":"Jaw Worm","floor":2,"turns":3},{"damage":0,"enemies":"2 Louse","floor":10,"turns":4},{"damage":16,"enemies":"Gremlin Nob","floor":11,"turns":6},{"damage":6,"enemies":"Large Slime","floor":12,"turns":5},{"damage":0,"enemies":"2 Fungi Beasts","floor":13,"turns":3},{"damage":11,"enemies":"Gremlin Gang","floor":14,"turns":3},{"damage":1,"enemies":"Hexaghost","floor":16,"turns":8},{"damage":7,"enemies":"Shell Parasite","floor":18,"turns":5},{"damage":21,"enemies":"Slavers","floor":23,"turns":5},{"damage":0,"enemies":"Chosen","floor":24,"turns":4},{"damage":0,"enemies":"Snecko","floor":25,"turns":4},{"damage":0,"enemies":"3 Cultists","floor":27,"turns":5},{"damage":0,"enemies":"Centurion and Healer","floor":31,"turns":5},{"damage":0,"enemies":"Collector","floor":33,"turns":9},{"damage":0,"enemies":"Orb Walker","floor":35,"turns":4},{"damage":0,"enemies":"Flame Bruiser 1 Orb","floor":36,"turns":4},{"damage":0,"enemies":"4 Shapes","floor":37,"turns":8},{"damage":0,"enemies":"2 Orb Walkers","floor":41,"turns":4},{"damage":0,"enemies":"Nemesis","floor":44,"turns":7},{"damage":0,"enemies":"Flame Bruiser 2 Orb","floor":45,"turns":4},{"damage":0,"enemies":"Spire Growth","floor":48,"turns":4},{"damage":0,"enemies":"Time Eater","floor":50,"turns":7}],"seed_played":"-3267651053854438972","potions_obtained":[{"floor":1,"key":"Swift Potion"},{"floor":10,"key":"FocusPotion"},{"floor":12,"key":"EssenceOfSteel"},{"floor":23,"key":"Regen Potion"}],"is_trial":false,"path_per_floor":["M","M","?","$","?","R","?","R","T","M","E","M","M","M","R","B",null,"M","?","$","?","?","E","M","M","T","M","$","R","?","M","R","B",null,"M","M","M","$","?","R","E","R","T","E","M","$","$","M","R","B"],"character_chosen":"DEFECT","items_purchased":["Art of War","Redo","Meat on the Bone","Regal Pillow","BootSequence","Bronze Scales"],"campfire_rested":1,"item_purchase_floors":[4,4,20,20,28,38],"current_hp_per_floor":[71,65,54,54,54,54,54,54,54,54,38,32,32,21,39,38,57,50,50,50,50,50,29,29,29,29,29,29,29,44,53,52,51,50,49,48,47,46,45,44,43,42,41,40,39,38,37,36,35,34],"gold":40,"neow_bonus":"","is_prod":false,"is_daily":true,"chose_seed":false,"campfire_upgraded":6,"win_rate":0.0,"timestamp":1531651775,"path_taken":["M","M","?","$","?","R","?","R","T","M","E","?","M","M","R","BOSS","M","?","$","?","?","E","M","M","T","?","?","R","?","M","R","BOSS","M","?","M","$","?","R","E","R","T","E","M","?","$","M","R","BOSS"],"build_version":"2018-07-12","purchased_purges":1,"victory":true,"max_hp_per_floor":[73,72,71,70,69,68,67,66,65,64,63,62,61,60,59,58,57,56,55,54,53,52,51,50,49,48,47,46,45,44,53,52,51,50,49,48,47,46,45,44,43,42,41,40,39,38,37,36,35,34],"card_choices":[{"not_picked":["Gash","Conserve Battery"],"picked":"Coolheaded","floor":11},{"not_picked":["All For One","Thunder Strike"],"picked":"Buffer","floor":16},{"not_picked":["Steam Power","Storm"],"picked":"Steam","floor":23},{"not_picked":["Thunder Strike","Rainbow"],"picked":"Biased Cognition","floor":33},{"not_picked":["Consume+1","Rebound","Stack+1"],"picked":"SKIP","floor":41},{"not_picked":["Darkness+1","Reinforced Body+1","Ball Lightning"],"picked":"SKIP","floor":44}],"player_experience":74827,"relics_obtained":[{"floor":1,"key":"Bottled Tornado"},{"floor":2,"key":"Sundial"},{"floor":9,"key":"Ancient Tea Set"},{"floor":10,"key":"Shuriken"},{"floor":11,"key":"Whetstone"},{"floor":12,"key":"War Paint"},{"floor":13,"key":"Peace Pipe"},{"floor":14,"key":"Torii"},{"floor":16,"key":"Bag of Preparation"},{"floor":18,"key":"Smiling Mask"},{"floor":23,"key":"Omamori"},{"floor":24,"key":"Calipers"},{"floor":25,"key":"Bottled Lightning"},{"floor":26,"key":"DataDisk"},{"floor":27,"key":"Bird Faced Urn"},{"floor":31,"key":"Pear"},{"floor":33,"key":"Oddly Smooth Stone"},{"floor":35,"key":"Lantern"},{"floor":36,"key":"Blood Vial"},{"floor":37,"key":"Cables"},{"floor":41,"key":"Ginger"},{"floor":43,"key":"Kunai"},{"floor":44,"key":"Question Card"},{"floor":45,"key":"Anchor"},{"floor":48,"key":"Gremlin Horn"}],"event_choices":[{"event_name":"World of Goop","player_choice":"Gather Gold","floor":3,"damage_taken":0},{"event_name":"Liars Game","player_choice":"agreed","floor":5,"damage_taken":0},{"event_name":"Dead Adventurer","player_choice":"Searched \u00273\u0027 times","floor":7,"damage_taken":0},{"event_name":"Ghosts","player_choice":"Ignored","floor":19,"damage_taken":0},{"event_name":"Addict","player_choice":"Ignored","floor":21,"damage_taken":0},{"event_name":"Masked Bandits","player_choice":"Paid Bandits 41 gold","floor":22,"damage_taken":0},{"event_name":"The Library","player_choice":"Heal","floor":30,"damage_taken":0},{"event_name":"Tomb of Lord Red Mask","player_choice":"Paid","floor":39,"damage_taken":0}],"boss_relics":[{"not_picked":["Orrery","Velvet Choker"],"picked":"Runic Pyramid"},{"not_picked":["Cursed Key","Tiny House"],"picked":"Nuclear Battery"}],"items_purged_floors":[46],"is_endless":false,"potions_floor_spawned":[1,10,12,14,23,25,41],"ascension_level":0}