{"gold_per_floor":[111,128,128,93,113,113,147,147,147,180,180,194,219,239,239,338,338,358,149,59,39,57,57,57,57],"floor_reached":25,"playtime":1150,"items_purged":[],"score":320,"play_id":"dc263e61-bf25-4677-b68c-244858435cd1","local_time":"20190204101048","is_ascension_mode":true,"campfire_choices":[{"data":"Sweeping Beam","floor":6,"key":"SMITH"},{"floor":11,"key":"REST"},{"floor":15,"key":"REST"},{"floor":23,"key":"REST"}],"neow_cost":"NONE","seed_source_timestamp":2648961257185,"circlet_count":0,"master_deck":["Strike_B+1","Strike_B+1","Defend_B","Defend_B","Zap","Dualcast","Sweeping Beam+1","Steam","Conserve Battery","Darkness","Auto Shields","Steam","Leap","Sweeping Beam+1","Fusion+1","White Noise+1","Heatsinks","Coolheaded","Swift Strike+1","FTL","Double Energy","Shame"],"relics":["Cracked Core","Bag of Marbles","FossilizedHelix","Darkstone Periapt","Potion Belt","Matryoshka","Astrolabe","Ornamental Fan"],"potions_floor_usage":[7,22,22],"damage_taken":[{"damage":0,"enemies":"Cultist","floor":1,"turns":4},{"damage":12,"enemies":"Jaw Worm","floor":2,"turns":2},{"damage":2,"enemies":"2 Louse","floor":5,"turns":2},{"damage":17,"enemies":"3 Sentries","floor":7,"turns":5},{"damage":16,"enemies":"Lagavulin","floor":10,"turns":7},{"damage":0,"enemies":"Looter","floor":12,"turns":3},{"damage":8,"enemies":"3 Sentries","floor":13,"turns":7},{"damage":0,"enemies":"Blue Slaver","floor":14,"turns":4},{"damage":9,"enemies":"Slime Boss","floor":16,"turns":11},{"damage":11,"enemies":"Spheric Guardian","floor":18,"turns":5},{"damage":6,"enemies":"2 Thieves","floor":21,"turns":5},{"damage":18,"enemies":"Shelled Parasite and Fungi","floor":22,"turns":9},{"damage":78,"enemies":"Book of Stabbing","floor":25,"turns":7}],"seed_played":"6845277963538486811","potions_obtained":[{"floor":5,"key":"LiquidBronze"},{"floor":10,"key":"Ancient Potion"},{"floor":13,"key":"Regen Potion"},{"floor":18,"key":"Swift Potion"}],"is_trial":false,"path_per_floor":["M","M","?","?","M","R","E","?","T","E","R","M","E","M","R","B",null,"M","$","?","M","M","R","?","E"],"character_chosen":"DEFECT","items_purchased":["Heatsinks","Coolheaded","Swift Strike"],"campfire_rested":3,"item_purchase_floors":[19,19,19],"current_hp_per_floor":[68,56,49,67,65,65,48,33,33,17,39,39,31,31,53,44,67,56,56,56,50,47,69,75,0],"gold":57,"neow_bonus":"RANDOM_COMMON_RELIC","is_prod":false,"is_daily":false,"chose_seed":false,"campfire_upgraded":1,"win_rate":0,"timestamp":1549253448,"path_taken":["M","?","?","?","M","R","E","?","T","E","R","M","E","?","R","BOSS","M","$","?","M","?","R","?","E"],"build_version":"2019-01-23","purchased_purges":0,"victory":false,"max_hp_per_floor":[75,75,75,75,75,75,75,75,75,75,75,75,75,75,75,75,75,75,75,75,75,75,75,81,81],"card_choices":[{"not_picked":["Redo","Gash"],"picked":"Sweeping Beam","floor":1},{"not_picked":["Beam Cell","Hyperbeam"],"picked":"Steam","floor":2},{"not_picked":["Compile Driver","Reinforced Body"],"picked":"Conserve Battery","floor":5},{"not_picked":["Doom and Gloom","Leap"],"picked":"Darkness","floor":7},{"not_picked":["Cold Snap","Glacier"],"picked":"Auto Shields","floor":10},{"not_picked":["Barrage","Cold Snap"],"picked":"Steam","floor":12},{"not_picked":["Turbo","BootSequence"],"picked":"Leap","floor":13},{"not_picked":["Melter","Turbo","Lockon"],"picked":"SKIP","floor":14},{"not_picked":["Sweeping Beam+1","Scrape"],"picked":"White Noise+1","floor":18},{"not_picked":["Ball Lightning","Beam Cell+1"],"picked":"FTL","floor":21},{"not_picked":["White Noise","Glacier"],"picked":"Double Energy","floor":22}],"player_experience":715291,"relics_obtained":[{"floor":7,"key":"FossilizedHelix"},{"floor":9,"key":"Darkstone Periapt"},{"floor":10,"key":"Potion Belt"},{"floor":13,"key":"Matryoshka"}],"event_choices":[{"cards_removed":["Strike_B"],"damage_healed":0,"gold_gain":0,"player_choice":"Card Removal","damage_taken":7,"max_hp_gain":0,"max_hp_loss":0,"event_name":"Golden Wing","floor":3,"gold_loss":0},{"damage_healed":18,"gold_gain":0,"player_choice":"Healed","damage_taken":0,"max_hp_gain":0,"max_hp_loss":0,"event_name":"The Cleric","floor":4,"gold_loss":35},{"damage_healed":0,"gold_gain":0,"player_choice":"Entered Light","damage_taken":15,"max_hp_gain":0,"max_hp_loss":0,"event_name":"Shining Light","floor":8,"gold_loss":0,"cards_upgraded":["Strike_B","Strike_B"]},{"cards_removed":["Thunder Strike"],"damage_healed":0,"gold_gain":0,"player_choice":"Upgrade and Remove","damage_taken":0,"max_hp_gain":0,"max_hp_loss":0,"event_name":"Designer","floor":20,"gold_loss":90,"cards_upgraded":["Swift Strike"]},{"damage_healed":0,"gold_gain":0,"player_choice":"Stole Relic","damage_taken":0,"relics_obtained":["Ornamental Fan"],"max_hp_gain":0,"max_hp_loss":0,"event_name":"Addict","floor":24,"gold_loss":0,"cards_obtained":["Shame"]}],"is_beta":false,"boss_relics":[{"not_picked":["Cursed Key","White Beast Statue"],"picked":"Astrolabe"}],"items_purged_floors":[],"is_endless":false,"potions_floor_spawned":[5,10,13,18],"killed_by":"Book of Stabbing","ascension_level":9}