{"gold_per_floor":[110,185,16,16,29,29,5,5,5,5,40,56,56,33,33,134,134,145,155,155,169,184,184,202,202,226,101,101,113,113,126,126,126],"floor_reached":33,"playtime":3955,"items_purged":["Strike_R"],"score":245,"play_id":"5a40aaf6-b617-4fff-b903-fdd9c052cd91","local_time":"20190127195423","is_ascension_mode":false,"campfire_choices":[{"data":"Barricade","floor":6,"key":"SMITH"},{"data":"Iron Wave","floor":8,"key":"SMITH"},{"data":"Rage","floor":10,"key":"SMITH"},{"floor":15,"key":"REST"},{"floor":23,"key":"REST"},{"data":"Metallicize","floor":25,"key":"SMITH"},{"floor":32,"key":"REST"}],"neow_cost":"NONE","seed_source_timestamp":1082553932477500,"circlet_count":0,"master_deck":["Strike_R","Strike_R","Strike_R","Strike_R","Defend_R","Defend_R","Defend_R","Defend_R","Bash","Barricade+1","Armaments+1","Dropkick","Rage+1","Iron Wave+1","Shrug It Off","Iron Wave","Cleave+1","Thunderclap+1","Warcry","Fiend Fire+1","Flex","Body Slam+1","Metallicize+1","Iron Wave+1","Second Wind","True Grit","True Grit","Writhe","Power Through","Necronomicurse","Twin Strike+1"],"relics":["Burning Blood","Molten Egg 2","Bag of Preparation","Sozu","Blood Vial","WingedGreaves","Necronomicon"],"potions_floor_usage":[18],"damage_taken":[{"damage":0,"enemies":"Small Slimes","floor":1,"turns":5},{"damage":0,"enemies":"2 Louse","floor":5,"turns":4},{"damage":41,"enemies":"Gremlin Nob","floor":11,"turns":6},{"damage":4,"enemies":"Jaw Worm","floor":12,"turns":4},{"damage":17,"enemies":"Slime Boss","floor":16,"turns":15},{"damage":27,"enemies":"Spheric Guardian","floor":18,"turns":6},{"damage":0,"enemies":"3 Byrds","floor":19,"turns":4},{"damage":32,"enemies":"Centurion and Healer","floor":21,"turns":9},{"damage":21,"enemies":"Shelled Parasite and Fungi","floor":22,"turns":6},{"damage":0,"enemies":"Chosen and Byrds","floor":24,"turns":8},{"damage":3,"enemies":"Snecko","floor":29,"turns":6},{"damage":9,"enemies":"Shelled Parasite and Fungi","floor":31,"turns":11},{"damage":83,"enemies":"Automaton","floor":33,"turns":18}],"seed_played":"-6486814517004554162","potions_obtained":[{"floor":11,"key":"Explosive Potion"}],"is_trial":false,"path_per_floor":["M","?","$","?","M","R","$","R","T","R","E","M","?","$","R","B",null,"M","M","?","M","M","R","M","R","T","$","?","M","?","M","R","B"],"character_chosen":"IRONCLAD","items_purchased":["Dropkick","Rage","Iron Wave","Iron Wave","Warcry","True Grit"],"campfire_rested":3,"item_purchase_floors":[3,3,3,7,14,27],"current_hp_per_floor":[80,69,69,69,75,75,75,75,75,75,40,42,47,47,72,61,85,64,70,70,44,29,54,60,60,60,60,60,65,49,48,73,0],"gold":126,"neow_bonus":"ONE_RANDOM_RARE_CARD","is_prod":false,"is_daily":false,"chose_seed":false,"campfire_upgraded":4,"win_rate":0.0,"timestamp":1548636863,"path_taken":["M","?","$","?","M","R","?","R","T","R","E","M","?","$","R","BOSS","M","M","?","M","M","R","M","R","T","$","?","M","?","M","R","BOSS"],"build_version":"2019-01-23","purchased_purges":1,"victory":false,"max_hp_per_floor":[80,80,80,80,80,80,80,80,80,80,80,80,85,85,85,85,85,85,85,85,85,85,85,85,85,85,85,85,85,85,85,85,85],"card_choices":[{"not_picked":["True Grit","Clothesline"],"picked":"Armaments","floor":1},{"not_picked":["Clash","Twin Strike"],"picked":"Shrug It Off","floor":5},{"not_picked":["Shockwave","Berserk"],"picked":"Cleave+1","floor":11},{"not_picked":["Iron Wave+1","Cleave+1"],"picked":"Thunderclap+1","floor":12},{"not_picked":["Dark Embrace","Feed+1"],"picked":"Fiend Fire+1","floor":16},{"not_picked":["Armaments","Twin Strike+1"],"picked":"Flex","floor":18},{"not_picked":["Iron Wave+1","Warcry"],"picked":"Body Slam+1","floor":19},{"not_picked":["Thunderclap+1","Corruption"],"picked":"Iron Wave+1","floor":21},{"not_picked":["Armaments","Flex+1"],"picked":"Second Wind","floor":22},{"not_picked":["Barricade","Clothesline+1"],"picked":"True Grit","floor":24},{"not_picked":["Armaments","Anger+1"],"picked":"Power Through","floor":29},{"not_picked":["Sword Boomerang+1","Fire Breathing"],"picked":"Twin Strike+1","floor":31}],"player_experience":10742,"relics_obtained":[{"floor":9,"key":"Molten Egg 2"},{"floor":11,"key":"Bag of Preparation"},{"floor":26,"key":"Blood Vial"},{"floor":30,"key":"Necronomicon"}],"event_choices":[{"damage_healed":0,"gold_gain":75,"player_choice":"Gather Gold","damage_taken":11,"max_hp_gain":0,"max_hp_loss":0,"event_name":"World of Goop","floor":2,"gold_loss":0},{"damage_healed":0,"gold_gain":0,"player_choice":"Grow","damage_taken":0,"max_hp_gain":0,"max_hp_loss":0,"event_name":"Living Wall","floor":4,"gold_loss":0,"cards_upgraded":["Armaments"]},{"damage_healed":0,"gold_gain":0,"player_choice":"Donut","damage_taken":0,"max_hp_gain":5,"max_hp_loss":0,"event_name":"Big Fish","floor":13,"gold_loss":0},{"damage_healed":0,"gold_gain":0,"player_choice":"Read","damage_taken":0,"max_hp_gain":0,"max_hp_loss":0,"event_name":"The Library","floor":20,"gold_loss":0,"cards_obtained":["Metallicize"]},{"damage_healed":0,"gold_gain":0,"player_choice":"Opened","damage_taken":0,"relics_obtained":["WingedGreaves"],"max_hp_gain":0,"max_hp_loss":0,"event_name":"The Mausoleum","floor":28,"gold_loss":0,"cards_obtained":["Writhe"]},{"damage_healed":0,"gold_gain":0,"player_choice":"Obtained Book","damage_taken":16,"max_hp_gain":0,"max_hp_loss":0,"event_name":"Cursed Tome","floor":30,"gold_loss":0}],"is_beta":false,"boss_relics":[{"not_picked":["Runic Pyramid","Snecko Eye"],"picked":"Sozu"}],"items_purged_floors":[27],"is_endless":false,"potions_floor_spawned":[11,18,22,24],"killed_by":"Automaton","ascension_level":0}