{"gold_per_floor":[218,229,154,167,184,213,213,213,213,247,54,67,67,96,96,199,199,218,237,17,30,43,43],"floor_reached":23,"playtime":943,"items_purged":["Strike_B"],"score":245,"play_id":"d760a1a1-2322-409b-8ad9-e6c8abe35096","local_time":"20190205033237","is_ascension_mode":true,"campfire_choices":[{"floor":8,"key":"REST"},{"data":"Self Repair","floor":13,"key":"SMITH"},{"data":"Streamline","floor":15,"key":"SMITH"}],"neow_cost":"NONE","seed_source_timestamp":1804258712764900,"circlet_count":0,"master_deck":["Strike_B","Strike_B","Defend_B","Defend_B","Defend_B","Defend_B","Zap","Dualcast","Streamline+1","Genetic Algorithm","FTL","Fusion","Steam","Gash","Self Repair+1","Ball Lightning","FTL","Echo Form","Turbo","Recycle","All For One","Scrape","Beam Cell"],"relics":["FrozenCore","Pear","Mercury Hourglass","Letter Opener","Vajra","Art of War"],"potions_floor_usage":[10,14,16,21,22],"damage_taken":[{"damage":14,"enemies":"2 Louse","floor":1,"turns":2},{"damage":1,"enemies":"Cultist","floor":2,"turns":3},{"damage":11,"enemies":"Jaw Worm","floor":4,"turns":3},{"damage":13,"enemies":"Large Slime","floor":5,"turns":6},{"damage":23,"enemies":"Gremlin Nob","floor":6,"turns":4},{"damage":15,"enemies":"Lagavulin","floor":10,"turns":6},{"damage":0,"enemies":"Blue Slaver","floor":12,"turns":3},{"damage":12,"enemies":"Gremlin Nob","floor":14,"turns":4},{"damage":27,"enemies":"Hexaghost","floor":16,"turns":8},{"damage":4,"enemies":"Spheric Guardian","floor":18,"turns":4},{"damage":22,"enemies":"Shell Parasite","floor":19,"turns":5},{"damage":14,"enemies":"Chosen and Byrds","floor":21,"turns":5},{"damage":29,"enemies":"Centurion and Healer","floor":22,"turns":5},{"damage":61,"enemies":"Book of Stabbing","floor":23,"turns":4}],"seed_played":"9145369255374208987","potions_obtained":[{"floor":6,"key":"Weak Potion"},{"floor":10,"key":"PowerPotion"},{"floor":14,"key":"Strength Potion"},{"floor":16,"key":"LiquidBronze"},{"floor":19,"key":"Poison Potion"}],"is_trial":false,"path_per_floor":["M","M","$","M","M","E","?","R","T","E","$","M","R","E","R","B",null,"M","M","$","M","M","E"],"character_chosen":"DEFECT","items_purchased":["FTL","Vajra","Self Repair","All For One"],"campfire_rested":1,"item_purchase_floors":[3,11,11,20],"current_hp_per_floor":[61,60,60,49,36,23,23,48,48,33,33,33,33,41,41,24,85,85,73,73,69,60,0],"gold":43,"neow_bonus":"HUNDRED_GOLD","is_prod":false,"is_daily":false,"chose_seed":false,"campfire_upgraded":2,"win_rate":0,"timestamp":1549355557,"path_taken":["M","M","$","M","M","E","?","R","T","E","$","M","R","E","R","BOSS","M","M","$","M","M","E"],"build_version":"2019-01-23","purchased_purges":1,"victory":false,"max_hp_per_floor":[75,75,75,75,75,85,85,85,85,85,85,85,85,85,85,85,85,85,85,85,85,85,85],"card_choices":[{"not_picked":["Steam","Stack"],"picked":"Streamline","floor":1},{"not_picked":["Cold Snap","Static Discharge"],"picked":"Genetic Algorithm","floor":2},{"not_picked":["Loop","Skim"],"picked":"Fusion","floor":4},{"not_picked":["Lockon","Beam Cell"],"picked":"Steam","floor":5},{"not_picked":["Stack","FTL","Amplify"],"picked":"SKIP","floor":6},{"not_picked":["Leap","Streamline"],"picked":"Gash","floor":10},{"not_picked":["Streamline","Compile Driver"],"picked":"Ball Lightning","floor":12},{"not_picked":["Electrodynamics","Streamline"],"picked":"FTL","floor":14},{"not_picked":["Multi-Cast","Meteor Strike"],"picked":"Echo Form","floor":16},{"not_picked":["Compile Driver","Loop"],"picked":"Turbo","floor":18},{"not_picked":["Beam Cell","Heatsinks"],"picked":"Recycle","floor":19},{"not_picked":["Turbo","Barrage"],"picked":"Scrape","floor":21},{"not_picked":["FTL","Streamline"],"picked":"Beam Cell","floor":22}],"player_experience":234438,"relics_obtained":[{"floor":6,"key":"Pear"},{"floor":9,"key":"Mercury Hourglass"},{"floor":10,"key":"Letter Opener"},{"floor":14,"key":"Art of War"}],"event_choices":[{"cards_removed":["Strike_B"],"damage_healed":0,"gold_gain":0,"player_choice":"Purged","damage_taken":0,"max_hp_gain":0,"max_hp_loss":0,"event_name":"Purifier","floor":7,"gold_loss":0}],"is_beta":false,"boss_relics":[{"not_picked":["Inserter","Snecko Eye"],"picked":"FrozenCore"}],"items_purged_floors":[20],"is_endless":false,"potions_floor_spawned":[6,10,14,16,19],"killed_by":"Book of Stabbing","ascension_level":3}