{"gold_per_floor":[112,112,112,127,302,302,334,348,375,375,395,395,119,149,149,250,250,265,277,85,85,85],"floor_reached":22,"playtime":1217,"items_purged":["Doubt"],"score":207,"play_id":"c88bb52d-736f-47bf-83c1-e5b5cdde6892","local_time":"20190205153741","is_ascension_mode":false,"campfire_choices":[{"data":"Neutralize","floor":6,"key":"SMITH"},{"floor":12,"key":"REST"},{"data":"Infinite Blades","floor":15,"key":"SMITH"}],"neow_cost":"NONE","seed_source_timestamp":102297322735359,"circlet_count":0,"master_deck":["Defend_G","Defend_G","Defend_G","Defend_G","Defend_G","Strike_G","Strike_G","Strike_G","Strike_G","Survivor","Neutralize+1","Well Laid Plans","Acrobatics","Backflip","Concentrate","Infinite Blades+1","Quick Slash","Escape Plan","Deadly Poison"],"relics":["Ring of the Serpent","NeowsBlessing","Blood Vial","Anchor","Ginger","TwistedFunnel","PrismaticShard"],"potions_floor_usage":[16,18],"damage_taken":[{"damage":0,"enemies":"Small Slimes","floor":1,"turns":1},{"damage":0,"enemies":"2 Louse","floor":4,"turns":1},{"damage":0,"enemies":"3 Sentries","floor":7,"turns":2},{"damage":15,"enemies":"Cultist","floor":8,"turns":8},{"damage":16,"enemies":"3 Louse","floor":11,"turns":4},{"damage":33,"enemies":"The Guardian","floor":16,"turns":17},{"damage":42,"enemies":"Spheric Guardian","floor":18,"turns":10},{"damage":26,"enemies":"Shell Parasite","floor":19,"turns":10},{"damage":11,"enemies":"Snake Plant","floor":22,"turns":3}],"seed_played":"592953790449190172","potions_obtained":[{"floor":7,"key":"Poison Potion"},{"floor":11,"key":"Energy Potion"}],"is_trial":false,"path_per_floor":["M","?","?","M","?","R","E","M","T","?","M","R","$","?","R","B",null,"M","M","$","?","M"],"character_chosen":"THE_SILENT","items_purchased":["TwistedFunnel","PrismaticShard"],"campfire_rested":1,"item_purchase_floors":[13,20],"current_hp_per_floor":[70,75,75,75,75,75,75,60,60,42,28,50,50,50,50,19,75,33,9,9,9,0],"gold":85,"neow_bonus":"THREE_ENEMY_KILL","is_prod":false,"is_daily":false,"chose_seed":false,"campfire_upgraded":2,"win_rate":0.0,"timestamp":1549352261,"path_taken":["M","?","?","M","?","R","E","M","T","?","M","R","$","?","R","BOSS","M","M","$","?","M"],"build_version":"2019-01-23","purchased_purges":1,"victory":false,"max_hp_per_floor":[70,75,75,75,75,75,75,75,75,75,75,75,75,75,75,75,75,75,75,75,75,75],"card_choices":[{"not_picked":["Dagger Throw","Reflex"],"picked":"Well Laid Plans","floor":1},{"not_picked":["Slice","Crippling Poison"],"picked":"Backflip","floor":4},{"not_picked":["Acrobatics","Blade Dance"],"picked":"Concentrate","floor":7},{"not_picked":["Blade Dance","Backflip"],"picked":"Infinite Blades","floor":8},{"not_picked":["Acrobatics","Dagger Throw"],"picked":"Quick Slash","floor":11},{"not_picked":["Flying Knee","Riddle With Holes"],"picked":"Escape Plan","floor":18},{"not_picked":["Acrobatics","Catalyst"],"picked":"Deadly Poison","floor":19}],"player_experience":193196,"relics_obtained":[{"floor":7,"key":"Blood Vial"},{"floor":9,"key":"Anchor"}],"event_choices":[{"damage_healed":0,"gold_gain":0,"player_choice":"Donut","damage_taken":0,"max_hp_gain":5,"max_hp_loss":0,"event_name":"Big Fish","floor":2,"gold_loss":0},{"damage_healed":0,"gold_gain":0,"cards_transformed":["Strike_G"],"player_choice":"Change","damage_taken":0,"max_hp_gain":0,"max_hp_loss":0,"event_name":"Living Wall","floor":3,"gold_loss":0,"cards_obtained":["Acrobatics"]},{"damage_healed":0,"gold_gain":175,"player_choice":"AGREE","damage_taken":0,"max_hp_gain":0,"max_hp_loss":0,"event_name":"Liars Game","floor":5,"gold_loss":0,"cards_obtained":["Doubt"]},{"damage_healed":0,"gold_gain":0,"player_choice":"Success","damage_taken":18,"relics_obtained":["Ginger"],"max_hp_gain":0,"max_hp_loss":0,"event_name":"Scrap Ooze","floor":10,"gold_loss":0},{"damage_healed":0,"gold_gain":30,"player_choice":"Searched \u00272\u0027 times","damage_taken":0,"max_hp_gain":0,"max_hp_loss":0,"event_name":"Dead Adventurer","floor":14,"gold_loss":0},{"damage_healed":0,"gold_gain":0,"player_choice":"Ignored","damage_taken":0,"max_hp_gain":0,"max_hp_loss":0,"event_name":"Ghosts","floor":21,"gold_loss":0}],"is_beta":false,"boss_relics":[{"not_picked":["Astrolabe","Coffee Dripper"],"picked":"Ring of the Serpent"}],"items_purged_floors":[13],"is_endless":false,"potions_floor_spawned":[7,11],"killed_by":"Snake Plant","ascension_level":0}