{"path_per_floor":["M","M","$","M","?","E","T","E","T","?","M","R","M","M","R","B",null,"M","M","$","M","M","R","E","?","T","M","R","E","M","?","R","B",null,"M","M","?","M","M","E","R","M","T","R","$","M","?","E","R","B"],"character_chosen":"IRONCLAD","items_purchased":["Power Through","Apotheosis","Feel No Pain","Toolbox","Enlightenment","Bag of Marbles"],"gold_per_floor":[119,132,65,83,83,115,115,148,148,148,160,160,143,159,159,257,257,274,291,30,46,66,66,93,93,393,413,413,448,464,464,464,565,565,579,593,593,608,626,661,661,673,747,747,143,163,0,28,28,28],"floor_reached":51,"campfire_rested":0,"playtime":3700,"current_hp_per_floor":[73,75,75,77,59,22,22,14,14,19,26,26,35,37,37,11,85,75,77,77,81,66,66,33,33,33,30,30,12,29,29,29,63,85,66,74,74,45,64,62,62,63,63,63,63,77,77,78,78,83],"items_purged":[],"gold":28,"score":636,"play_id":"aed59006-c34a-4570-a2cf-cca403023f3a","is_prod":false,"is_daily":false,"is_ascension_mode":false,"campfire_upgraded":8,"path_taken":["M","M","$","?","?","E","?","E","T","?","M","R","M","M","R","BOSS","M","M","$","M","M","R","E","?","T","M","R","E","M","?","R","BOSS","M","M","?","M","M","E","R","M","T","R","$","?","?","E","R","BOSS"],"build_version":"2018-02-08-BETA1","purchased_purges":1,"victory":true,"master_deck":["Strike_R","Strike_R","Strike_R","Strike_R","Strike_R","Defend_R","Defend_R","Defend_R","Defend_R","Bash","Offering+1","Cleave","Dark Embrace+1","Power Through","Armaments+1","Reaper","Burning Pact","True Grit+1","Fiend Fire+1","Seeing Red+1","Apotheosis+1","Feel No Pain+1","Inflame+1","Headbutt+1","Evolve+1","Sentinel","Offering","Seeing Red+1","Body Slam+1","Warcry","Sever Soul+1","Havoc+1","Enlightenment","Body Slam+1"],"max_hp_per_floor":[80,80,80,80,80,80,80,80,80,85,85,85,85,85,85,85,85,85,85,85,85,85,85,85,85,85,85,85,85,85,85,85,85,85,85,85,85,85,85,85,85,85,85,85,85,85,85,85,85,85],"relics":["Burning Blood","Peace Pipe","Red Skull","Letter Opener","Regal Pillow","Bottled Tornado","Philosopher\u0027s Stone","Pantograph","Old Coin","Darkstone Periapt","Lantern","Mark of Pain","Omamori","Meat on the Bone","Toolbox","Bag of Marbles","Red Mask","Du-Vu Doll"],"card_choices":[{"not_picked":["Twin Strike","True Grit"],"picked":"Cleave"},{"not_picked":["Clash","Cleave"],"picked":"Dark Embrace"},{"not_picked":["Cleave","Rampage"],"picked":"Armaments"},{"not_picked":["Hemokinesis","Clash"],"picked":"Reaper"},{"not_picked":["Pommel Strike","Cleave"],"picked":"Burning Pact"},{"not_picked":["Perfected Strike","Reckless Charge"],"picked":"True Grit"},{"not_picked":["Double Tap","Dark Embrace"],"picked":"Fiend Fire"},{"not_picked":["Flex","Havoc"],"picked":"Seeing Red"},{"not_picked":["Clothesline","Flex"],"picked":"Wild Strike"},{"not_picked":["Dropkick","Twin Strike"],"picked":"Inflame"},{"not_picked":["Thunderclap","Sever Soul"],"picked":"Headbutt"},{"not_picked":["Perfected Strike","Flex"],"picked":"Evolve"},{"not_picked":["True Grit","Sword Boomerang"],"picked":"Sentinel"},{"not_picked":["Dark Embrace","Reaper"],"picked":"Offering"},{"not_picked":["Headbutt","Rage"],"picked":"Seeing Red"},{"not_picked":["Twin Strike","Headbutt"],"picked":"Body Slam"},{"not_picked":["Blood for Blood","Spot Weakness"],"picked":"Warcry"},{"not_picked":["True Grit","Pommel Strike"],"picked":"Sever Soul"},{"not_picked":["Cleave","Dropkick"],"picked":"Havoc"},{"not_picked":["Sword Boomerang","Heavy Blade"],"picked":"Body Slam"}],"player_experience":63916,"potions_floor_usage":[8,16,18,27,30,33,50,50],"damage_taken":[{"damage":13,"enemies":"Blue Slaver","floor":1,"turns":6},{"damage":4,"enemies":"2 Louse","floor":2,"turns":2},{"damage":4,"enemies":"Cultist","floor":4,"turns":3},{"damage":43,"enemies":"Lagavulin","floor":6,"turns":8},{"damage":14,"enemies":"3 Sentries","floor":8,"turns":5},{"damage":4,"enemies":"Gremlin Gang","floor":11,"turns":3},{"damage":11,"enemies":"Exordium Thugs","floor":13,"turns":4},{"damage":4,"enemies":"3 Louse","floor":14,"turns":2},{"damage":48,"enemies":"Slime Boss","floor":16,"turns":11},{"damage":16,"enemies":"Shell Parasite","floor":18,"turns":6},{"damage":4,"enemies":"Spheric Guardian","floor":19,"turns":1},{"damage":9,"enemies":"Centurion and Healer","floor":21,"turns":3},{"damage":21,"enemies":"Snake Plant","floor":22,"turns":3},{"damage":46,"enemies":"Book of Stabbing","floor":24,"turns":6},{"damage":19,"enemies":"Cultist and Chosen","floor":27,"turns":4},{"damage":52,"enemies":"Slavers","floor":29,"turns":6},{"damage":5,"enemies":"3 Cultists","floor":30,"turns":5},{"damage":21,"enemies":"Collector","floor":33,"turns":5},{"damage":37,"enemies":"3 Shapes","floor":35,"turns":4},{"damage":14,"enemies":"Flame Bruiser 1 Orb","floor":36,"turns":4},{"damage":35,"enemies":"Spire Growth","floor":38,"turns":5},{"damage":8,"enemies":"Flame Bruiser 2 Orb","floor":39,"turns":2},{"damage":8,"enemies":"Nemesis","floor":40,"turns":1},{"damage":10,"enemies":"Maw","floor":42,"turns":5},{"damage":8,"enemies":"4 Shapes","floor":46,"turns":2},{"damage":5,"enemies":"Giant Head","floor":48,"turns":2},{"damage":8,"enemies":"Donu and Deca","floor":50,"turns":5}],"event_choices":[{"event_name":"Scrap Ooze","player_choice":"success","floor":5,"damage_taken":18},{"event_name":"Big Fish","player_choice":"Donut","floor":10,"damage_taken":0},{"event_name":"Drug Dealer","player_choice":"Ignored","floor":25,"damage_taken":0},{"event_name":"The Mausoleum","player_choice":"Yes","floor":31,"damage_taken":0},{"event_name":"Tomb of Lord Red Mask","player_choice":"Paid","floor":47,"damage_taken":0}],"boss_relics":[{"not_picked":["Runic Cube","Tiny House"],"picked":"Philosopher\u0027s Stone"},{"not_picked":["Cursed Key","Question Card"],"picked":"Mark of Pain"}],"potions_floor_spawned":[2,6,11,16,21,22,29,30,33,38,39,42,46],"seed_played":"2345638332175551969","ascension_level":0,"is_trial":false}