{"gold_per_floor":[118,118,118,138,151,151,184,200,200,73,73,73,73,90,90,166,166,180,155,166,176,36,36,70,80,80,98,108,208,224,224,224,296,296,306,320,67,67,81,112,112,122,122,39,39,59,59,71,71,71,71],"floor_reached":52,"playtime":3456,"items_purged":["Strike_G","Strike_G"],"score":1791,"play_id":"e8921ae8-b005-44ce-8e40-4583d34e28dc","local_time":"20190205213835","is_ascension_mode":true,"campfire_choices":[{"data":"Poisoned Stab","floor":6.0,"key":"SMITH"},{"floor":11.0,"key":"REST"},{"data":"Noxious Fumes","floor":13.0,"key":"SMITH"},{"data":"Skewer","floor":15.0,"key":"SMITH"},{"floor":23.0,"key":"REST"},{"data":"Wraith Form v2","floor":32.0,"key":"SMITH"},{"data":"Wraith Form v2","floor":41,"key":"SMITH"},{"data":"Catalyst","floor":45,"key":"SMITH"},{"data":"Wraith Form v2","floor":47,"key":"SMITH"},{"data":"Night Terror","floor":49,"key":"SMITH"}],"neow_cost":"NONE","seed_source_timestamp":2219091453298414,"circlet_count":0,"master_deck":["AscendersBane","Defend_G","Defend_G","Defend_G","Defend_G+1","Defend_G","Strike_G","Strike_G","Survivor","Neutralize","Malaise","Poisoned Stab+1","Dash","Noxious Fumes+1","Skewer+1","Poisoned Stab","PiercingWail","Backstab","Wraith Form v2+1","PiercingWail+1","Backflip","Acrobatics+1","Night Terror+1","Crippling Poison","Footwork","Escape Plan","Escape Plan+1","Wraith Form v2+1","PiercingWail","Wraith Form v2+1","Night Terror+1","Deadly Poison","Catalyst+1","Noxious Fumes+1"],"special_seed":0,"relics":["Ring of the Snake","Ornamental Fan","Prayer Wheel","Sozu","Peace Pipe","Meat on the Bone","Tough Bandages","Pantograph","Coffee Dripper","War Paint","Darkstone Periapt","Incense Burner"],"potions_floor_usage":[],"damage_taken":[{"damage":0.0,"enemies":"Jaw Worm","floor":1.0,"turns":6.0},{"damage":0.0,"enemies":"Small Slimes","floor":4.0,"turns":3.0},{"damage":1.0,"enemies":"Cultist","floor":5.0,"turns":4.0},{"damage":42.0,"enemies":"Gremlin Nob","floor":7.0,"turns":5.0},{"damage":7.0,"enemies":"Lots of Slimes","floor":8.0,"turns":6.0},{"damage":0.0,"enemies":"Blue Slaver","floor":14.0,"turns":2.0},{"damage":27.0,"enemies":"The Guardian","floor":16.0,"turns":10.0},{"damage":4.0,"enemies":"3 Byrds","floor":18.0,"turns":6.0},{"damage":3.0,"enemies":"2 Thieves","floor":19.0,"turns":4.0},{"damage":6.0,"enemies":"Snake Plant","floor":20.0,"turns":5.0},{"damage":15.0,"enemies":"Shelled Parasite and Fungi","floor":21.0,"turns":6.0},{"damage":12.0,"enemies":"Book of Stabbing","floor":24.0,"turns":8.0},{"damage":0.0,"enemies":"Centurion and Healer","floor":25.0,"turns":9.0},{"damage":4.0,"enemies":"Snake Plant","floor":27.0,"turns":6.0},{"damage":25.0,"enemies":"Cultist and Chosen","floor":28.0,"turns":6.0},{"damage":11.0,"enemies":"Colosseum Slavers","floor":29.0,"turns":6.0},{"damage":0.0,"enemies":"Colosseum Nobs","floor":29.0,"turns":6.0},{"damage":6.0,"enemies":"Snecko","floor":30.0,"turns":8.0},{"damage":43.0,"enemies":"Collector","floor":33.0,"turns":11.0},{"damage":1,"enemies":"3 Shapes","floor":35,"turns":7},{"damage":11,"enemies":"Orb Walker","floor":36,"turns":5},{"damage":5,"enemies":"Spire Growth","floor":39,"turns":9},{"damage":10,"enemies":"Giant Head","floor":40,"turns":9},{"damage":21,"enemies":"Maw","floor":42,"turns":9},{"damage":8,"enemies":"Jaw Worm Horde","floor":46,"turns":7},{"damage":4,"enemies":"Sphere and 2 Shapes","floor":48,"turns":12},{"damage":9,"enemies":"Donu and Deca","floor":50,"turns":14},{"damage":32,"enemies":"Awakened One","floor":51,"turns":17}],"seed_played":"2210252396828898639","potions_obtained":[{"floor":7.0,"key":"Energy Potion"},{"floor":16.0,"key":"FearPotion"}],"is_trial":false,"path_per_floor":["M","?","?","M","M","R","E","M","T","$","R","$","R","M","R","B",null,"M","M","M","M","$","R","E","M","T","M","M","?","M","?","R","B",null,"M","M","$","?","M","E","R","M","T","$","R","M","R","M","R","B","B",null],"character_chosen":"THE_SILENT","items_purchased":["Poisoned Stab","Footwork","Wraith Form v2","War Paint","Catalyst"],"campfire_rested":2,"item_purchase_floors":[10,22,37,37,44],"current_hp_per_floor":[59,59,59,59,58,58,16,9,9,9,28,28,28,28,28,1,50,46,43,37,22,22,41,29,29,29,37,24,37,43,56,56,35,58,57,46,46,46,41,43,43,34,34,34,34,38,38,34,34,50,34],"gold":71,"neow_bonus":"TRANSFORM_CARD","is_prod":false,"is_daily":false,"chose_seed":false,"campfire_upgraded":8,"win_rate":0,"timestamp":1549399115,"path_taken":["M","?","?","?","?","R","E","M","T","?","R","$","R","M","R","BOSS","M","M","M","M","$","R","E","M","T","M","M","?","M","?","R","BOSS","M","M","$","?","M","E","R","M","T","$","R","M","R","M","R","BOSS","BOSS"],"build_version":"2019-01-23","purchased_purges":2,"victory":true,"max_hp_per_floor":[66,66,66,66,66,66,66,66,66,66,66,66,66,66,66,66,66,66,66,66,66,66,66,66,66,66,66,66,66,66,66,66,66,66,66,66,66,66,66,66,66,66,66,66,66,66,66,66,66,66,66],"card_choices":[{"not_picked":["Dagger Throw","Heel Hook"],"picked":"Poisoned Stab","floor":1.0},{"not_picked":["Calculated Gamble","All Out Attack","Reflex"],"picked":"SKIP","floor":4.0},{"not_picked":["Underhanded Strike","Prepared"],"picked":"Dash","floor":5.0},{"not_picked":["PiercingWail","Deadly Poison"],"picked":"Noxious Fumes","floor":7.0},{"not_picked":["Dash","Acrobatics"],"picked":"Skewer","floor":8.0},{"not_picked":["Acrobatics","Prepared","Finisher"],"picked":"SKIP","floor":8.0},{"not_picked":["Backflip","Blade Dance"],"picked":"PiercingWail","floor":14.0},{"not_picked":["Calculated Gamble","Dodge and Roll"],"picked":"Backstab","floor":14.0},{"not_picked":["Venomology","Corpse Explosion"],"picked":"Wraith Form v2","floor":16.0},{"not_picked":["Expertise","Cloak And Dagger+1"],"picked":"PiercingWail+1","floor":18.0},{"not_picked":["Deflect","Sucker Punch"],"picked":"Backflip","floor":18.0},{"not_picked":["Setup","Prepared"],"picked":"Acrobatics+1","floor":19.0},{"not_picked":["Poisoned Stab","Outmaneuver+1","Quick Slash+1"],"picked":"SKIP","floor":19.0},{"not_picked":["Unload","Acrobatics","Outmaneuver"],"picked":"SKIP","floor":20.0},{"not_picked":["Dodge and Roll","Dagger Throw+1","Outmaneuver"],"picked":"SKIP","floor":20.0},{"not_picked":["Sucker Punch","Poisoned Stab"],"picked":"Night Terror","floor":21.0},{"not_picked":["Deadly Poison","Expertise"],"picked":"Crippling Poison","floor":21.0},{"not_picked":["Dagger Throw+1","Acrobatics"],"picked":"Escape Plan","floor":24.0},{"not_picked":["Deflect","Quick Slash","Eviscerate"],"picked":"SKIP","floor":25.0},{"not_picked":["Blade Dance","Outmaneuver","Riddle With Holes"],"picked":"SKIP","floor":25.0},{"not_picked":["Storm of Steel","Acrobatics","Outmaneuver"],"picked":"SKIP","floor":27.0},{"not_picked":["Masterful Stab","Setup","Bouncing Flask"],"picked":"SKIP","floor":27.0},{"not_picked":["Deflect","Backflip"],"picked":"Escape Plan+1","floor":28.0},{"not_picked":["Bouncing Flask","Dagger Spray","Infinite Blades"],"picked":"SKIP","floor":28.0},{"not_picked":["Bouncing Flask","All Out Attack","Finisher"],"picked":"SKIP","floor":30.0},{"not_picked":["Cloak And Dagger","Accuracy","Dagger Spray"],"picked":"SKIP","floor":30.0},{"not_picked":["Malaise","Glass Knife"],"picked":"Wraith Form v2","floor":33.0},{"not_picked":["Flying Knee+1","Bane"],"picked":"PiercingWail","floor":35},{"not_picked":["Blur","Backflip","Slice"],"picked":"SKIP","floor":35},{"not_picked":["Dagger Throw+1","Slice+1","Caltrops+1"],"picked":"SKIP","floor":36},{"not_picked":["Infinite Blades+1","Prepared+1","Blade Dance"],"picked":"SKIP","floor":36},{"not_picked":["Escape Plan","Prepared"],"picked":"Night Terror","floor":39},{"not_picked":["Choke","Escape Plan","Sucker Punch+1"],"picked":"SKIP","floor":39},{"not_picked":["Sucker Punch+1","Backflip","Backstab"],"picked":"SKIP","floor":40},{"not_picked":["Tactician","Reflex"],"picked":"Deadly Poison","floor":42},{"not_picked":["Riddle With Holes","Flechettes","Acrobatics"],"picked":"SKIP","floor":42},{"not_picked":["Deflect+1","Predator","Crippling Poison"],"picked":"SKIP","floor":46},{"not_picked":["Flechettes","Heel Hook","Dagger Spray"],"picked":"SKIP","floor":46},{"not_picked":["Choke+1","Concentrate"],"picked":"Noxious Fumes+1","floor":48},{"not_picked":["Backstab","Dagger Throw","Flying Knee+1"],"picked":"SKIP","floor":48}],"player_experience":2916952,"relics_obtained":[{"floor":7.0,"key":"Prayer Wheel"},{"floor":24.0,"key":"Peace Pipe"},{"floor":26.0,"key":"Meat on the Bone"},{"floor":29.0,"key":"Tough Bandages"},{"floor":29.0,"key":"Pantograph"},{"floor":40,"key":"Darkstone Periapt"},{"floor":43,"key":"Incense Burner"}],"event_choices":[{"damage_healed":0.0,"max_hp_gain":0.0,"max_hp_loss":0.0,"gold_gain":0.0,"event_name":"Big Fish","player_choice":"Box","floor":2.0,"gold_loss":0.0,"damage_taken":0.0,"relics_obtained":["Ornamental Fan"],"cards_obtained":["Regret"]},{"cards_removed":["Regret"],"damage_healed":0.0,"max_hp_gain":0.0,"max_hp_loss":0.0,"gold_gain":0.0,"event_name":"Fountain of Cleansing","player_choice":"Removed Curses","floor":3.0,"gold_loss":0.0,"damage_taken":0.0},{"damage_healed":0.0,"max_hp_gain":0.0,"max_hp_loss":0.0,"gold_gain":0.0,"event_name":"Colosseum","player_choice":"Fight","floor":29.0,"gold_loss":0.0,"damage_taken":0.0},{"damage_healed":0.0,"max_hp_gain":0.0,"max_hp_loss":0.0,"gold_gain":0.0,"event_name":"Colosseum","player_choice":"Fought Nobs","floor":29.0,"gold_loss":0.0,"damage_taken":0.0},{"damage_healed":13.0,"max_hp_gain":0.0,"max_hp_loss":0.0,"gold_gain":0.0,"event_name":"The Library","player_choice":"Heal","floor":31.0,"gold_loss":0.0,"damage_taken":0.0},{"damage_healed":0,"gold_gain":0,"player_choice":"Memory 1","damage_taken":0,"max_hp_gain":0,"max_hp_loss":0,"event_name":"SensoryStone","floor":38,"gold_loss":0}],"is_beta":true,"boss_relics":[{"not_picked":["Runic Dome","WristBlade"],"picked":"Sozu"},{"not_picked":["Fusion Hammer","Pandora\u0027s Box"],"picked":"Coffee Dripper"}],"items_purged_floors":[10,22],"is_endless":false,"potions_floor_spawned":[7,16,18,19,20,28,29,33,35,40,42,48],"ascension_level":20}