{"gold_per_floor":[109,109,124,199,199,0,21,21,21,61,61,102,128,151,151,275,275,296,314,335,178,178,216,240,259,285,285,316,17,35,51,51,51],"floor_reached":33,"playtime":2065,"items_purged":[],"score":397,"play_id":"cfc04659-5ac0-424c-9298-2a683cd2f3f0","local_time":"20190124155318","is_ascension_mode":false,"campfire_choices":[{"data":"Bash","floor":11,"key":"SMITH"},{"floor":15,"key":"RECALL"},{"data":"Exhume","floor":27,"key":"SMITH"},{"data":"Dual Wield","floor":32,"key":"SMITH"}],"neow_cost":"NONE","seed_source_timestamp":1106011808261893,"circlet_count":0,"master_deck":["Strike_R","Strike_R","Strike_R","Strike_R","Strike_R","Defend_R","Defend_R","Defend_R","Bash+1","Clash","Clash","Clash","Dual Wield+1","Sever Soul","Demon Form","Battle Trance","Clothesline","Pommel Strike","Clothesline+1","Ghostly","Ghostly","Ghostly","Ghostly","Ghostly","Clash","Exhume+1"],"relics":["Burning Blood","Potion Belt","Golden Idol","DollysMirror","Ice Cream","Pen Nib","Blue Candle","Omamori","Orrery","Bronze Scales","Orichalcum","Regal Pillow","Blood Vial","Unceasing Top"],"potions_floor_usage":[10,10,19,24,33],"damage_taken":[{"damage":0,"enemies":"Small Slimes","floor":1,"turns":3},{"damage":6,"enemies":"2 Louse","floor":3,"turns":2},{"damage":0,"enemies":"Jaw Worm","floor":7,"turns":1},{"damage":0,"enemies":"Gremlin Nob","floor":10,"turns":2},{"damage":13,"enemies":"3 Sentries","floor":12,"turns":6},{"damage":0,"enemies":"Looter","floor":14,"turns":1},{"damage":36,"enemies":"The Guardian","floor":16,"turns":5},{"damage":18,"enemies":"3 Byrds","floor":18,"turns":5},{"damage":5,"enemies":"Spheric Guardian","floor":19,"turns":3},{"damage":32,"enemies":"Snake Plant","floor":20,"turns":3},{"damage":1,"enemies":"Gremlin Leader","floor":23,"turns":5},{"damage":4,"enemies":"Chosen and Byrds","floor":24,"turns":5},{"damage":15,"enemies":"Centurion and Healer","floor":25,"turns":6},{"damage":0,"enemies":"Book of Stabbing","floor":28,"turns":6},{"damage":0,"enemies":"Cultist and Chosen","floor":30,"turns":6},{"damage":0,"enemies":"3 Cultists","floor":31,"turns":5},{"damage":50,"enemies":"Collector","floor":33,"turns":6}],"seed_played":"8722790411602568665","potions_obtained":[{"floor":3,"key":"EssenceOfSteel"},{"floor":7,"key":"GamblersBrew"},{"floor":12,"key":"BloodPotion"},{"floor":16,"key":"Swift Potion"},{"floor":18,"key":"AttackPotion"},{"floor":20,"key":"SteroidPotion"},{"floor":24,"key":"SpeedPotion"},{"floor":30,"key":"Energy Potion"}],"is_trial":false,"path_per_floor":["M","?","M","?","?","$","M","$","T","E","R","E","T","M","R","B",null,"M","M","M","$","?","E","M","M","T","R","E","$","M","M","R","B"],"character_chosen":"IRONCLAD","items_purchased":["DollysMirror","Bronze Scales","Unceasing Top"],"campfire_rested":0,"item_purchase_floors":[6,21,29],"current_hp_per_floor":[80,60,60,49,42,42,48,48,48,54,54,47,47,53,53,23,80,68,69,43,43,40,40,40,31,31,31,37,37,40,40,40,0],"gold":51,"neow_bonus":"RANDOM_COMMON_RELIC","is_prod":false,"is_daily":false,"chose_seed":false,"campfire_upgraded":3,"win_rate":0,"timestamp":1548323598,"path_taken":["M","?","M","?","?","?","M","$","T","E","R","E","?","M","R","BOSS","M","M","M","$","?","E","M","M","T","R","E","$","M","M","R","BOSS"],"build_version":"2019-01-23","purchased_purges":0,"victory":false,"max_hp_per_floor":[80,80,80,80,80,80,80,80,80,80,80,80,80,80,80,80,80,80,80,80,80,40,40,40,40,40,40,40,40,40,40,40,40],"card_choices":[{"not_picked":["Cleave","Flex"],"picked":"Clash","floor":1},{"not_picked":["Sword Boomerang","Whirlwind"],"picked":"Clash","floor":3},{"not_picked":["Havoc","Shockwave"],"picked":"Dual Wield","floor":7},{"not_picked":["Headbutt","Sword Boomerang"],"picked":"Sever Soul","floor":10},{"not_picked":["Twin Strike","Dual Wield","Shrug It Off"],"picked":"SKIP","floor":12},{"not_picked":["Rampage","True Grit","Heavy Blade"],"picked":"SKIP","floor":14},{"not_picked":["Fiend Fire","Dark Embrace"],"picked":"Demon Form","floor":16},{"not_picked":["Headbutt","Anger"],"picked":"Battle Trance","floor":17},{"not_picked":["Whirlwind","Power Through"],"picked":"Clothesline","floor":17},{"not_picked":["Havoc","Thunderclap"],"picked":"Pommel Strike","floor":17},{"not_picked":["Sword Boomerang+1","Fiend Fire","True Grit"],"picked":"SKIP","floor":18},{"not_picked":["Pommel Strike","Shrug It Off+1","Havoc"],"picked":"SKIP","floor":19},{"not_picked":["Anger","Pommel Strike"],"picked":"Clothesline+1","floor":20},{"not_picked":["Dropkick","Cleave+1","Combust"],"picked":"SKIP","floor":23},{"not_picked":["Metallicize+1","Corruption+1"],"picked":"Clash","floor":24},{"not_picked":["Havoc","Uppercut"],"picked":"Exhume","floor":25},{"not_picked":["Brutality","Blood for Blood+1","Havoc+1"],"picked":"SKIP","floor":28},{"not_picked":["Havoc","Pommel Strike","Heavy Blade"],"picked":"SKIP","floor":30},{"not_picked":["Fire Breathing","Pummel+1","Shrug It Off"],"picked":"SKIP","floor":31}],"player_experience":644572,"relics_obtained":[{"floor":9,"key":"Ice Cream"},{"floor":10,"key":"Pen Nib"},{"floor":12,"key":"Blue Candle"},{"floor":13,"key":"Omamori"},{"floor":23,"key":"Orichalcum"},{"floor":26,"key":"Regal Pillow"},{"floor":28,"key":"Blood Vial"}],"event_choices":[{"damage_healed":0,"gold_gain":0,"player_choice":"Take Damage","damage_taken":20,"relics_obtained":["Golden Idol"],"max_hp_gain":0,"max_hp_loss":0,"event_name":"Golden Idol","floor":2,"gold_loss":0},{"damage_healed":0,"gold_gain":75,"player_choice":"Gather Gold","damage_taken":11,"max_hp_gain":0,"max_hp_loss":0,"event_name":"World of Goop","floor":4,"gold_loss":0},{"cards_removed":["Defend_R"],"damage_healed":0,"gold_gain":0,"player_choice":"Card Removal","damage_taken":7,"max_hp_gain":0,"max_hp_loss":0,"event_name":"Golden Wing","floor":5,"gold_loss":0},{"damage_healed":0,"gold_gain":0,"player_choice":"Became a Ghost","damage_taken":0,"max_hp_gain":0,"max_hp_loss":40,"event_name":"Ghosts","floor":22,"gold_loss":0,"cards_obtained":["Ghostly","Ghostly","Ghostly","Ghostly","Ghostly"]}],"is_beta":false,"boss_relics":[{"not_picked":["Coffee Dripper","Pandora\u0027s Box"],"picked":"Orrery"}],"items_purged_floors":[],"is_endless":false,"potions_floor_spawned":[3,7,12,16,18,20,24,30],"killed_by":"Collector","ascension_level":0}