{"gold_per_floor":[116,135,152,152,152,183,194,194,248,248,92,92,92,157,157,157],"floor_reached":16,"playtime":806,"items_purged":["Strike_G"],"score":119,"play_id":"b7d8aaf8-7fd2-4d4e-8227-c93072a77aef","local_time":"20180704223202","is_ascension_mode":true,"campfire_choices":[{"data":"Neutralize","floor":8,"key":"SMITH"},{"data":"Survivor","floor":10,"key":"SMITH"},{"floor":12,"key":"REST"},{"data":"Accuracy","floor":15,"key":"SMITH"}],"neow_cost":"NONE","seed_source_timestamp":13757052997667,"circlet_count":0,"master_deck":["Defend_G","Defend_G","Defend_G","Defend_G","Strike_G","Strike_G","Strike_G","Strike_G","Survivor+1","Neutralize+1","Accuracy+1","Injury"],"relics":["Ring of the Snake","Dodecahedron","Blood Vial","Bag of Preparation","Golden Idol","Tiny Chest"],"potions_floor_usage":[7,14],"damage_taken":[{"damage":0,"enemies":"2 Louse","floor":1,"turns":3},{"damage":0,"enemies":"Jaw Worm","floor":2,"turns":4},{"damage":2,"enemies":"Small Slimes","floor":3,"turns":4},{"damage":44,"enemies":"Gremlin Nob","floor":6,"turns":6},{"damage":1,"enemies":"2 Fungi Beasts","floor":7,"turns":7},{"damage":13,"enemies":"Lagavulin","floor":14,"turns":10},{"damage":59,"enemies":"Slime Boss","floor":16,"turns":6}],"seed_played":"8545217216492004244","potions_obtained":[{"floor":6,"key":"SkillPotion"},{"floor":7,"key":"AttackPotion"}],"is_trial":false,"path_per_floor":["M","M","M","?","?","E","M","R","T","R","$","R","?","E","R"],"character_chosen":"THE_SILENT","items_purchased":["Accuracy"],"campfire_rested":1,"item_purchase_floors":[11],"current_hp_per_floor":[70,70,68,68,61,17,18,18,18,18,18,39,39,28,28,0],"gold":157,"neow_bonus":"REMOVE_CARD","is_prod":false,"is_daily":false,"chose_seed":false,"campfire_upgraded":3,"win_rate":0,"timestamp":1530736322,"path_taken":["M","M","M","?","?","E","M","R","T","R","$","R","?","E","R","BOSS"],"build_version":"2018-06-28","purchased_purges":1,"victory":false,"max_hp_per_floor":[70,70,70,70,70,70,70,70,70,70,70,70,70,70,70,70],"card_choices":[{"not_picked":["Quick Slash","Bane","Sucker Punch"],"picked":"SKIP","floor":1},{"not_picked":["Dagger Throw","Prepared","Dagger Spray"],"picked":"SKIP","floor":2},{"not_picked":["Outmaneuver","Underhanded Strike","Terror"],"picked":"SKIP","floor":3},{"not_picked":["Dagger Spray","Flying Knee","Underhanded Strike"],"picked":"SKIP","floor":6},{"not_picked":["Reflex","PiercingWail","Endless Agony"],"picked":"SKIP","floor":7},{"not_picked":["Calculated Gamble","Acrobatics","Doppelganger"],"picked":"SKIP","floor":14}],"player_experience":273138,"relics_obtained":[{"floor":6,"key":"Blood Vial"},{"floor":9,"key":"Bag of Preparation"},{"floor":14,"key":"Tiny Chest"}],"event_choices":[{"event_name":"Big Fish","player_choice":"Box","floor":4,"damage_taken":0},{"event_name":"Golden Wing","player_choice":"Card Removal","floor":5,"damage_taken":0},{"event_name":"Golden Idol","player_choice":"Take Wound","floor":13,"damage_taken":0}],"boss_relics":[],"items_purged_floors":[11],"is_endless":false,"potions_floor_spawned":[6,7],"killed_by":"Slime Boss","ascension_level":2}