{"gold_per_floor":[115,190,115,125,141,176,176,202,202,232,407,407,407,39,39,139,139,159,171,186,186,206,231,231,264,316,350,350,8,33,51,51,51],"floor_reached":33,"playtime":2166,"items_purged":["Strike_B","Strike_B","Defend_B"],"score":358,"play_id":"6d09998c-8d99-45c3-9f1d-53088e275baf","local_time":"20190205214303","is_ascension_mode":true,"campfire_choices":[{"floor":7,"key":"REST"},{"data":"Loop","floor":12,"key":"SMITH"},{"floor":15,"key":"REST"},{"floor":24,"key":"REST"},{"floor":28,"key":"REST"},{"floor":32,"key":"REST"}],"neow_cost":"NONE","seed_source_timestamp":12835311257490,"circlet_count":0,"master_deck":["Strike_B","Strike_B","Defend_B","Defend_B","Defend_B","Zap","Dualcast","Ball Lightning","Loop+1","Ball Lightning","Core Surge","Coolheaded","Self Repair+1","Rainbow","Fusion","Flash of Steel","Glacier","Buffer","Reinforced Body+1","Barrage","Cold Snap","Leap","Cold Snap+1","Chaos+1","Glacier+1","Conserve Battery","Compile Driver"],"relics":["FrozenCore","Dream Catcher","Pocketwatch","The Courier","Singing Bowl","Girya","Symbiotic Virus","Dodecahedron","Gambling Chip","Happy Flower","Peace Pipe","Membership Card","Cables","Anchor"],"potions_floor_usage":[22,25,25,27,33],"damage_taken":[{"damage":0,"enemies":"Small Slimes","floor":1,"turns":3},{"damage":2,"enemies":"2 Louse","floor":4,"turns":3},{"damage":6,"enemies":"Cultist","floor":5,"turns":3},{"damage":10,"enemies":"Gremlin Nob","floor":6,"turns":3},{"damage":20,"enemies":"3 Sentries","floor":8,"turns":6},{"damage":6,"enemies":"Gremlin Nob","floor":10,"turns":3},{"damage":26,"enemies":"The Guardian","floor":16,"turns":10},{"damage":16,"enemies":"Chosen","floor":18,"turns":4},{"damage":1,"enemies":"Shell Parasite","floor":19,"turns":9},{"damage":7,"enemies":"Chosen and Byrds","floor":20,"turns":6},{"damage":8,"enemies":"Sentry and Sphere","floor":22,"turns":6},{"damage":43,"enemies":"Gremlin Leader","floor":23,"turns":7},{"damage":35,"enemies":"Book of Stabbing","floor":25,"turns":11},{"damage":21,"enemies":"Slavers","floor":27,"turns":8},{"damage":33,"enemies":"Gremlin Leader","floor":30,"turns":10},{"damage":5,"enemies":"Centurion and Healer","floor":31,"turns":6},{"damage":68,"enemies":"Collector","floor":33,"turns":18}],"seed_played":"-321916887046821556","potions_obtained":[{"floor":4,"key":"Ancient Potion"},{"floor":6,"key":"GamblersBrew"},{"floor":8,"key":"Energy Potion"},{"floor":22,"key":"SpeedPotion"},{"floor":23,"key":"PowerPotion"},{"floor":25,"key":"PowerPotion"}],"is_trial":false,"path_per_floor":["M","?","$","M","M","E","R","E","T","E","?","R","?","$","R","B",null,"M","M","M","?","M","E","R","E","T","E","R","$","E","M","R","B"],"character_chosen":"DEFECT","items_purchased":["Symbiotic Virus","Fusion","Flash of Steel","Membership Card","Conserve Battery","Cables"],"campfire_rested":5,"item_purchase_floors":[14,14,14,29,29,29],"current_hp_per_floor":[75,64,64,62,56,46,68,48,48,49,49,49,49,49,71,45,75,66,72,72,72,76,45,68,43,43,32,55,55,34,41,65,0],"gold":51,"neow_bonus":"RANDOM_COMMON_RELIC","is_prod":false,"is_daily":false,"chose_seed":false,"campfire_upgraded":1,"win_rate":0,"timestamp":1549424583,"path_taken":["M","?","$","M","M","E","R","E","T","E","?","R","?","$","R","BOSS","M","M","M","?","?","E","R","E","T","E","R","$","E","M","R","BOSS"],"build_version":"2019-01-23","purchased_purges":3,"victory":false,"max_hp_per_floor":[75,75,75,75,75,75,75,75,75,75,75,75,75,75,75,75,75,75,75,75,75,77,79,79,79,79,79,79,79,81,83,83,83],"card_choices":[{"not_picked":["Redo","Tempest"],"picked":"Ball Lightning","floor":1},{"not_picked":["Steam Power","Steam"],"picked":"Loop","floor":4},{"not_picked":["Hologram","Rebound"],"picked":"Ball Lightning","floor":5},{"not_picked":["Rebound","Ball Lightning"],"picked":"Core Surge","floor":6},{"not_picked":["Ball Lightning","Beam Cell"],"picked":"Coolheaded","floor":7},{"not_picked":["Compile Driver","Heatsinks"],"picked":"Self Repair","floor":8},{"not_picked":["Ball Lightning","Rip and Tear"],"picked":"Rainbow","floor":10},{"not_picked":["Compile Driver","Skim"],"picked":"Glacier","floor":15},{"not_picked":["Reboot","Multi-Cast"],"picked":"Buffer","floor":16},{"not_picked":["Turbo","Steam Power"],"picked":"Reinforced Body+1","floor":18},{"not_picked":["Melter","Chaos"],"picked":"Barrage","floor":19},{"not_picked":["Aggregate","Steam"],"picked":"Cold Snap","floor":20},{"not_picked":["Steam","Barrage+1","Sweeping Beam"],"picked":"Singing Bowl","floor":22},{"not_picked":["Hologram","Force Field","Compile Driver"],"picked":"Singing Bowl","floor":23},{"not_picked":["Streamline","Turbo+1"],"picked":"Leap","floor":24},{"not_picked":["Force Field","Coolheaded"],"picked":"Cold Snap+1","floor":25},{"not_picked":["Rebound","Melter"],"picked":"Chaos+1","floor":27},{"not_picked":["Beam Cell","Reinforced Body"],"picked":"Glacier+1","floor":28},{"not_picked":["Scrape","Barrage","Aggregate"],"picked":"Singing Bowl","floor":30},{"not_picked":["Multi-Cast","Sweeping Beam","Tempest+1"],"picked":"Singing Bowl","floor":31},{"not_picked":["BootSequence","Rebound+1"],"picked":"Compile Driver","floor":32}],"player_experience":113132,"relics_obtained":[{"floor":6,"key":"Pocketwatch"},{"floor":8,"key":"The Courier"},{"floor":9,"key":"Singing Bowl"},{"floor":10,"key":"Girya"},{"floor":23,"key":"Dodecahedron"},{"floor":25,"key":"Gambling Chip"},{"floor":26,"key":"Happy Flower"},{"floor":27,"key":"Peace Pipe"},{"floor":30,"key":"Anchor"}],"event_choices":[{"damage_healed":0,"gold_gain":75,"player_choice":"Gather Gold","damage_taken":11,"max_hp_gain":0,"max_hp_loss":0,"event_name":"World of Goop","floor":2,"gold_loss":0},{"damage_healed":0,"gold_gain":175,"player_choice":"AGREE","damage_taken":0,"max_hp_gain":0,"max_hp_loss":0,"event_name":"Liars Game","floor":11,"gold_loss":0,"cards_obtained":["Doubt"]},{"cards_removed":["Doubt"],"damage_healed":0,"gold_gain":0,"player_choice":"Forget","damage_taken":0,"max_hp_gain":0,"max_hp_loss":0,"event_name":"Living Wall","floor":13,"gold_loss":0},{"damage_healed":0,"gold_gain":0,"player_choice":"Forge","damage_taken":0,"max_hp_gain":0,"max_hp_loss":0,"event_name":"Accursed Blacksmith","floor":21,"gold_loss":0,"cards_upgraded":["Self Repair"]}],"is_beta":false,"boss_relics":[{"not_picked":["Eternal Feather","Empty Cage"],"picked":"FrozenCore"}],"items_purged_floors":[3,14,29],"is_endless":false,"potions_floor_spawned":[4,6,8,20,22,23,25],"killed_by":"Collector","ascension_level":1}