{"gold_per_floor":[114,134,147,165,183,213,49,65,133,166,185,201,201,214,214,214],"floor_reached":16,"playtime":1251,"items_purged":["Strike_R"],"score":118,"play_id":"cb54fa0d-029f-4d03-831f-2a61c10d6da5","local_time":"20190128224228","is_ascension_mode":false,"campfire_choices":[{"data":"Seeing Red","floor":13,"key":"SMITH"},{"data":"Seeing Red","floor":15,"key":"SMITH"}],"neow_cost":"PERCENT_DAMAGE","seed_source_timestamp":1181743965294800,"circlet_count":0,"master_deck":["Strike_R","Strike_R","Strike_R","Defend_R","Defend_R","Defend_R","Bash","Twin Strike","Seeing Red+1","True Grit","Bludgeon","Thunderclap","Rage","Iron Wave","Flex","Seeing Red+1","Flex","Shrug It Off","Power Through","Dual Wield"],"relics":["Burning Blood","Frozen Egg 2","Paper Frog","Bottled Lightning"],"potions_floor_usage":[6,6,6,10,14,16],"damage_taken":[{"damage":0,"enemies":"Cultist","floor":1,"turns":3},{"damage":1,"enemies":"Jaw Worm","floor":2,"turns":3},{"damage":0,"enemies":"Small Slimes","floor":3,"turns":2},{"damage":7,"enemies":"Exordium Wildlife","floor":4,"turns":3},{"damage":14,"enemies":"Gremlin Gang","floor":5,"turns":5},{"damage":20,"enemies":"Lagavulin","floor":6,"turns":7},{"damage":9,"enemies":"2 Fungi Beasts","floor":8,"turns":3},{"damage":17,"enemies":"Gremlin Nob","floor":10,"turns":3},{"damage":0,"enemies":"Looter","floor":11,"turns":3},{"damage":3,"enemies":"Red Slaver","floor":12,"turns":2},{"damage":0,"enemies":"Gremlin Gang","floor":14,"turns":5},{"damage":65,"enemies":"The Guardian","floor":16,"turns":16}],"seed_played":"-8008947745558153460","potions_obtained":[{"floor":2,"key":"EssenceOfSteel"},{"floor":3,"key":"Ancient Potion"},{"floor":4,"key":"SteroidPotion"},{"floor":6,"key":"Swift Potion"},{"floor":8,"key":"Ancient Potion"},{"floor":12,"key":"Fire Potion"}],"is_trial":false,"path_per_floor":["M","M","M","M","M","E","$","M","T","E","M","M","R","M","R","B"],"character_chosen":"IRONCLAD","items_purchased":["Flex","Seeing Red"],"campfire_rested":0,"item_purchase_floors":[7,7],"current_hp_per_floor":[62,67,73,72,64,50,50,47,47,36,42,45,45,51,51,0],"gold":214,"neow_bonus":"TRANSFORM_TWO_CARDS","is_prod":false,"is_daily":false,"chose_seed":false,"campfire_upgraded":2,"win_rate":0.0,"timestamp":1548733348,"path_taken":["M","M","M","?","M","E","$","M","T","E","M","M","R","?","R","BOSS"],"build_version":"2019-01-23","purchased_purges":1,"victory":false,"max_hp_per_floor":[80,80,80,80,80,80,80,80,80,80,80,80,80,80,80,80],"card_choices":[{"not_picked":["Heavy Blade","Sword Boomerang"],"picked":"True Grit","floor":1},{"not_picked":["Anger","Cleave"],"picked":"Bludgeon","floor":2},{"not_picked":["Anger","Carnage"],"picked":"Thunderclap","floor":3},{"not_picked":["Inflame","Battle Trance"],"picked":"Rage","floor":4},{"not_picked":["Clash","Body Slam"],"picked":"Iron Wave","floor":5},{"not_picked":["Pummel","Bloodletting","Offering"],"picked":"SKIP","floor":6},{"not_picked":["Perfected Strike","Thunderclap"],"picked":"Flex","floor":8},{"not_picked":["Sword Boomerang","Battle Trance"],"picked":"Shrug It Off","floor":10},{"not_picked":["Fire Breathing+1","Bloodletting"],"picked":"Power Through","floor":11},{"not_picked":["Perfected Strike","Clash","Thunderclap"],"picked":"SKIP","floor":12},{"not_picked":["Sever Soul","Intimidate"],"picked":"Dual Wield","floor":14}],"player_experience":57473,"relics_obtained":[{"floor":6,"key":"Frozen Egg 2"},{"floor":9,"key":"Paper Frog"},{"floor":10,"key":"Bottled Lightning"}],"event_choices":[],"is_beta":false,"boss_relics":[],"items_purged_floors":[7],"is_endless":false,"potions_floor_spawned":[2,3,4,6,8,12],"killed_by":"The Guardian","ascension_level":0}