{"gold_per_floor":[112,112,132,132,150,182,182,107,107,132,132,151,168,168,168,271,271,286,312,262,262,272,272,292,292,342,361,361,286,32,32,32,32],"floor_reached":33,"playtime":1076,"items_purged":["Strike_G","Strike_G","Strike_G"],"score":253,"play_id":"9f4be82c-d36b-4355-b516-be9ff6e33bff","local_time":"20190206104159","is_ascension_mode":false,"campfire_choices":[{"floor":7,"key":"REST"},{"floor":15,"key":"REST"},{"floor":23,"key":"REST"},{"floor":32,"key":"REST"}],"neow_cost":"NONE","seed_source_timestamp":171090137433392,"circlet_count":0,"master_deck":["Defend_G","Defend_G","Defend_G","Strike_G","Strike_G","Survivor","Neutralize","Noxious Fumes+1","Glass Knife","Calculated Gamble","Envenom","Finisher+1","Bane+1","Quick Slash+1","Adrenaline","Flechettes+1","Quick Slash+1","Caltrops+1","Dodge and Roll+1","Outmaneuver+1","Decay"],"relics":["Ring of the Serpent","NeowsBlessing","Molten Egg 2","Question Card","Juzu Bracelet","Smiling Mask","Red Mask","PreservedInsect","PrismaticShard"],"potions_floor_usage":[6,6,10,16,18,19,22,33],"damage_taken":[{"damage":0,"enemies":"Small Slimes","floor":1,"turns":1},{"damage":0,"enemies":"Cultist","floor":3,"turns":1},{"damage":0,"enemies":"2 Louse","floor":5,"turns":1},{"damage":23,"enemies":"Gremlin Nob","floor":6,"turns":5},{"damage":18,"enemies":"3 Sentries","floor":10,"turns":8},{"damage":14,"enemies":"Lots of Slimes","floor":12,"turns":4},{"damage":15,"enemies":"3 Louse","floor":13,"turns":4},{"damage":10,"enemies":"Hexaghost","floor":16,"turns":8},{"damage":24,"enemies":"2 Thieves","floor":18,"turns":3},{"damage":29,"enemies":"Masked Bandits","floor":19,"turns":4},{"damage":7,"enemies":"3 Byrds","floor":22,"turns":5},{"damage":15,"enemies":"Shelled Parasite and Fungi","floor":24,"turns":5},{"damage":29,"enemies":"Centurion and Healer","floor":27,"turns":5},{"damage":87,"enemies":"Automaton","floor":33,"turns":8}],"seed_played":"-8252908237949367906","potions_obtained":[{"floor":1,"key":"PowerPotion"},{"floor":3,"key":"EssenceOfSteel"},{"floor":5,"key":"SkillPotion"},{"floor":12,"key":"FairyPotion"},{"floor":14,"key":"Block Potion"},{"floor":14,"key":"FearPotion"},{"floor":16,"key":"Strength Potion"},{"floor":19,"key":"GhostInAJar"},{"floor":27,"key":"Regen Potion"}],"is_trial":false,"path_per_floor":["M","?","M","?","M","E","R","$","T","E","?","M","M","?","R","B",null,"M","?","$","?","M","R","M","?","T","M","?","?","$","?","R","B"],"character_chosen":"THE_SILENT","items_purchased":["PrismaticShard"],"campfire_rested":4,"item_purchase_floors":[30],"current_hp_per_floor":[70,70,70,70,70,47,68,68,68,50,43,29,14,14,35,25,70,46,17,17,40,33,54,39,39,39,10,10,10,10,10,31,0],"gold":32,"neow_bonus":"THREE_ENEMY_KILL","is_prod":false,"is_daily":false,"chose_seed":false,"campfire_upgraded":0,"win_rate":0.0,"timestamp":1549420919,"path_taken":["M","?","?","?","?","E","R","?","T","E","?","M","M","?","R","BOSS","M","?","$","?","M","R","M","?","T","M","?","?","$","?","R","BOSS"],"build_version":"2019-01-23","purchased_purges":3,"victory":false,"max_hp_per_floor":[70,70,70,70,70,70,70,70,70,70,70,70,70,70,70,70,70,70,70,70,70,70,70,70,70,70,70,70,70,70,70,70,70],"card_choices":[{"not_picked":["Backflip","PiercingWail"],"picked":"Noxious Fumes","floor":1},{"not_picked":["Outmaneuver","Underhanded Strike"],"picked":"Glass Knife","floor":3},{"not_picked":["Slice","Dagger Spray"],"picked":"Calculated Gamble","floor":5},{"not_picked":["Underhanded Strike","Flying Knee"],"picked":"Envenom","floor":6},{"not_picked":["Dagger Spray+1","Backstab+1","Cloak And Dagger"],"picked":"Finisher+1","floor":10},{"not_picked":["Deadly Poison","Leg Sweep","Underhanded Strike+1"],"picked":"Bane+1","floor":12},{"not_picked":["Acrobatics","Dagger Spray+1","Underhanded Strike+1"],"picked":"Quick Slash+1","floor":13},{"not_picked":["Storm of Steel","A Thousand Cuts","Grand Finale+1"],"picked":"Adrenaline","floor":16},{"not_picked":["Distraction","Endless Agony+1","Flying Knee+1"],"picked":"Flechettes+1","floor":18},{"not_picked":["Masterful Stab+1","Dagger Spray+1","Endless Agony+1"],"picked":"Quick Slash+1","floor":19},{"not_picked":["Deflect","Well Laid Plans","Predator+1"],"picked":"Caltrops+1","floor":22},{"not_picked":["PiercingWail","Flying Knee+1","Acrobatics"],"picked":"Dodge and Roll+1","floor":24},{"not_picked":["Cloak And Dagger","Setup","Choke+1"],"picked":"Outmaneuver+1","floor":27}],"player_experience":200471,"relics_obtained":[{"floor":6,"key":"Molten Egg 2"},{"floor":9,"key":"Question Card"},{"floor":10,"key":"Juzu Bracelet"},{"floor":19,"key":"Red Mask"},{"floor":26,"key":"PreservedInsect"}],"event_choices":[{"damage_healed":0,"gold_gain":0,"player_choice":"Upgraded","damage_taken":0,"max_hp_gain":0,"max_hp_loss":0,"event_name":"Upgrade Shrine","floor":2,"gold_loss":0,"cards_upgraded":["Noxious Fumes"]},{"cards_removed":["Defend_G"],"damage_healed":0,"gold_gain":0,"player_choice":"Purged","damage_taken":0,"max_hp_gain":0,"max_hp_loss":0,"event_name":"Purifier","floor":4,"gold_loss":0},{"damage_healed":0,"gold_gain":0,"player_choice":"Success","damage_taken":7,"relics_obtained":["Smiling Mask"],"max_hp_gain":0,"max_hp_loss":0,"event_name":"Scrap Ooze","floor":11,"gold_loss":0},{"damage_healed":0,"gold_gain":0,"player_choice":"Got Potions","damage_taken":0,"max_hp_gain":0,"max_hp_loss":0,"event_name":"Lab","floor":14,"gold_loss":0},{"damage_healed":0,"gold_gain":0,"player_choice":"Fought Bandits","damage_taken":0,"max_hp_gain":0,"max_hp_loss":0,"event_name":"Masked Bandits","floor":19,"gold_loss":0},{"damage_healed":23,"gold_gain":0,"player_choice":"Heal","damage_taken":0,"max_hp_gain":0,"max_hp_loss":0,"event_name":"The Library","floor":21,"gold_loss":0},{"damage_healed":0,"gold_gain":0,"player_choice":"Ignored","damage_taken":0,"max_hp_gain":0,"max_hp_loss":0,"event_name":"Vampires","floor":25,"gold_loss":0},{"damage_healed":0,"gold_gain":0,"player_choice":"Ignored","damage_taken":0,"max_hp_gain":0,"max_hp_loss":0,"event_name":"Cursed Tome","floor":28,"gold_loss":0},{"cards_removed":["Defend_G"],"damage_healed":0,"gold_gain":0,"player_choice":"Gave Gold","damage_taken":0,"max_hp_gain":0,"max_hp_loss":0,"event_name":"Beggar","floor":29,"gold_loss":75},{"damage_healed":0,"gold_gain":0,"player_choice":"Smashed Altar","damage_taken":0,"max_hp_gain":0,"max_hp_loss":0,"event_name":"Forgotten Altar","floor":31,"gold_loss":0,"cards_obtained":["Decay"]}],"is_beta":false,"boss_relics":[{"not_picked":["Philosopher\u0027s Stone","Sozu"],"picked":"Ring of the Serpent"}],"items_purged_floors":[8,20,30],"is_endless":false,"potions_floor_spawned":[1,3,5,12,16,19,27],"killed_by":"Automaton","ascension_level":0}