{"gold_per_floor":[118,118,130,130,141,141,168,168,191,209,224,238,238,257,257,359,359,378,413,413,432,444,444,479,479,479,404,404,103,123,23,23,119,119,134,151,26,40,52,83,83,97,178,178,178,400,101,116,116,116,116,116,116,142,142],"floor_reached":56,"playtime":4101,"items_purged":["Defend_B","Defend_B","Defend_B"],"score":1424,"play_id":"75b576f5-879c-449f-a9d5-8e33f6352cea","local_time":"20190124014635","is_ascension_mode":true,"campfire_choices":[{"floor":6.0,"key":"REST"},{"data":"Defragment","floor":8.0,"key":"SMITH"},{"floor":13.0,"key":"REST"},{"data":"Defragment","floor":15.0,"key":"SMITH"},{"floor":23.0,"key":"REST"},{"floor":25.0,"key":"REST"},{"floor":28.0,"key":"REST"},{"data":"Buffer","floor":32.0,"key":"SMITH"},{"data":"Consume","floor":41.0,"key":"SMITH"},{"floor":44.0,"key":"RECALL"},{"data":"Amplify","floor":49.0,"key":"SMITH"},{"data":"Reinforced Body","floor":52.0,"key":"SMITH"}],"neow_cost":"NONE","seed_source_timestamp":0,"circlet_count":0,"master_deck":["Strike_B+1","Defend_B+1","Zap","Dualcast","Reinforced Body+1","Turbo","Coolheaded","Defragment+1","Defragment+1","Blizzard","Glacier","Consume+1","Electrodynamics","FTL","Force Field","Sunder","Buffer+1","BootSequence","BootSequence","Amplify+1","Loop+1"],"special_seed":0,"relics":["Runic Pyramid","Oddly Smooth Stone","Blood Vial","Inserter","Red Mask","Centennial Puzzle","Kunai","PreservedInsect","Sozu","Letter Opener","Calipers","Art of War"],"potions_floor_usage":[55],"damage_taken":[{"damage":7.0,"enemies":"Small Slimes","floor":1.0,"turns":3.0},{"damage":0.0,"enemies":"Jaw Worm","floor":3.0,"turns":5.0},{"damage":0.0,"enemies":"2 Louse","floor":5.0,"turns":3.0},{"damage":4.0,"enemies":"Lagavulin","floor":7.0,"turns":11.0},{"damage":0.0,"enemies":"Blue Slaver","floor":10.0,"turns":4.0},{"damage":21.0,"enemies":"Gremlin Gang","floor":11.0,"turns":7.0},{"damage":14.0,"enemies":"Lots of Slimes","floor":12.0,"turns":6.0},{"damage":1.0,"enemies":"3 Louse","floor":14.0,"turns":6.0},{"damage":0.0,"enemies":"Hexaghost","floor":16.0,"turns":15.0},{"damage":25.0,"enemies":"3 Byrds","floor":18.0,"turns":6.0},{"damage":9.0,"enemies":"Masked Bandits","floor":19.0,"turns":5.0},{"damage":7.0,"enemies":"2 Thieves","floor":21.0,"turns":4.0},{"damage":10.0,"enemies":"Snecko","floor":22.0,"turns":9.0},{"damage":36.0,"enemies":"Gremlin Leader","floor":24.0,"turns":9.0},{"damage":5.0,"enemies":"Snake Plant","floor":30.0,"turns":6.0},{"damage":1.0,"enemies":"Champ","floor":33.0,"turns":14.0},{"damage":0.0,"enemies":"3 Shapes","floor":35.0,"turns":5.0},{"damage":0.0,"enemies":"3 Darklings","floor":36.0,"turns":5.0},{"damage":0.0,"enemies":"Jaw Worm Horde","floor":38.0,"turns":5.0},{"damage":0.0,"enemies":"Spire Growth","floor":39.0,"turns":9.0},{"damage":0.0,"enemies":"Giant Head","floor":40.0,"turns":13.0},{"damage":0.0,"enemies":"3 Darklings","floor":42.0,"turns":6.0},{"damage":2.0,"enemies":"Maw","floor":48.0,"turns":9.0},{"damage":0.0,"enemies":"Donu and Deca","floor":50.0,"turns":9.0},{"damage":25,"enemies":"Shield and Spear","floor":54,"turns":8},{"damage":25,"enemies":"The Heart","floor":55,"turns":18}],"seed_played":"3805707898986318085","potions_obtained":[{"floor":1.0,"key":"Strength Potion"},{"floor":5.0,"key":"PowerPotion"},{"floor":12.0,"key":"FearPotion"},{"floor":14.0,"key":"LiquidBronze"},{"floor":18.0,"key":"Fire Potion"},{"floor":21.0,"key":"Strength Potion"},{"floor":24.0,"key":"Block Potion"}],"is_trial":false,"path_per_floor":["M","?","M","?","M","R","E","R","T","M","M","M","R","M","R","B",null,"M","?","?","M","M","R","E","R","T","?","R","$","M","$","R","B",null,"M","M","$","M","M","E","R","M","T","R","$","?","$","M","R","B",null,"R","$","E","B",null],"character_chosen":"DEFECT","items_purchased":["PreservedInsect","BootSequence","Calipers"],"campfire_rested":5,"item_purchase_floors":[29,29,47],"current_hp_per_floor":[68,53,53,46,46,68,64,64,64,66,47,35,57,58,58,60,75,50,43,43,38,30,52,18,40,40,40,62,62,59,59,59,60,75,75,75,75,75,75,75,75,75,75,75,75,75,75,73,73,75,75,75,75,50,27],"gold":142,"neow_bonus":"BOSS_RELIC","is_prod":false,"is_daily":false,"chose_seed":false,"campfire_upgraded":6,"win_rate":0,"timestamp":1548312395,"path_taken":["M","?","M","?","M","R","E","R","T","M","M","M","R","M","R","BOSS","M","?","?","M","M","R","E","R","T","?","R","$","M","?","R","BOSS","M","?","$","?","M","E","R","M","T","R","$","?","$","M","R","BOSS","R","$","E","BOSS"],"build_version":"2019-01-23","purchased_purges":3,"victory":true,"max_hp_per_floor":[75,75,75,75,75,75,75,75,75,75,75,75,75,75,75,75,75,75,75,75,75,75,75,75,75,75,75,75,75,75,75,75,75,75,75,75,75,75,75,75,75,75,75,75,75,75,75,75,75,75,75,75,75,75,75],"card_choices":[{"not_picked":["Tempest","Hologram"],"picked":"Reinforced Body","floor":1.0},{"not_picked":["Stack","White Noise"],"picked":"Turbo","floor":3.0},{"not_picked":["Compile Driver","Ball Lightning"],"picked":"Coolheaded","floor":5.0},{"not_picked":["Melter","Turbo"],"picked":"Defragment","floor":7.0},{"not_picked":["Leap","Turbo"],"picked":"Defragment","floor":10.0},{"not_picked":["Doom and Gloom","Heatsinks"],"picked":"Blizzard","floor":11.0},{"not_picked":["Electrodynamics","Compile Driver"],"picked":"Glacier","floor":12.0},{"not_picked":["Static Discharge","Steam Power"],"picked":"Consume","floor":14.0},{"not_picked":["Machine Learning","Fission"],"picked":"Electrodynamics","floor":16.0},{"not_picked":["Ball Lightning","BootSequence"],"picked":"FTL","floor":18.0},{"not_picked":["Steam","Go for the Eyes"],"picked":"Force Field","floor":19.0},{"not_picked":["Rip and Tear","Cold Snap+1"],"picked":"Sunder","floor":21.0},{"not_picked":["Coolheaded","Beam Cell","Conserve Battery"],"picked":"SKIP","floor":22.0},{"not_picked":["Steam","Turbo"],"picked":"Buffer","floor":24.0},{"not_picked":["Coolheaded+1","Turbo"],"picked":"BootSequence","floor":30.0},{"not_picked":["Seek","Rainbow"],"picked":"Amplify","floor":33.0},{"not_picked":["Storm","Streamline+1","Consume"],"picked":"SKIP","floor":35.0},{"not_picked":["Fusion+1","Rebound","Lockon"],"picked":"SKIP","floor":36.0},{"not_picked":["Heatsinks+1","Cold Snap","Aggregate"],"picked":"SKIP","floor":38.0},{"not_picked":["Compile Driver","Ball Lightning+1","Steam Power+1"],"picked":"SKIP","floor":39.0},{"not_picked":["Double Energy+1","Conserve Battery+1"],"picked":"Loop+1","floor":40.0},{"not_picked":["Genetic Algorithm","Barrage","Blizzard+1"],"picked":"SKIP","floor":42.0},{"not_picked":["Biased Cognition","Conserve Battery+1","Coolheaded"],"picked":"SKIP","floor":48.0},{"not_picked":["Skim+1","Conserve Battery+1","Rip and Tear+1"],"picked":"SKIP","floor":54}],"player_experience":117338,"relics_obtained":[{"floor":7.0,"key":"Oddly Smooth Stone"},{"floor":9.0,"key":"Blood Vial"},{"floor":19.0,"key":"Red Mask"},{"floor":24.0,"key":"Centennial Puzzle"},{"floor":26.0,"key":"Kunai"},{"floor":40.0,"key":"Letter Opener"},{"floor":54,"key":"Art of War"}],"event_choices":[{"damage_healed":0.0,"max_hp_gain":0.0,"max_hp_loss":0.0,"gold_gain":0.0,"event_name":"Shining Light","player_choice":"Entered Light","floor":2.0,"gold_loss":0.0,"damage_taken":15.0,"cards_upgraded":["Strike_B","Defend_B"]},{"cards_removed":["Strike_B"],"damage_healed":0.0,"max_hp_gain":0.0,"max_hp_loss":0.0,"gold_gain":0.0,"event_name":"Golden Wing","player_choice":"Card Removal","floor":4.0,"gold_loss":0.0,"damage_taken":7.0},{"damage_healed":0.0,"max_hp_gain":0.0,"max_hp_loss":0.0,"gold_gain":0.0,"event_name":"Masked Bandits","player_choice":"Fought Bandits","floor":19.0,"gold_loss":0.0,"damage_taken":0.0},{"cards_removed":["Strike_B"],"damage_healed":0.0,"max_hp_gain":0.0,"max_hp_loss":0.0,"gold_gain":0.0,"event_name":"Back to Basics","player_choice":"Elegance","floor":20.0,"gold_loss":0.0,"damage_taken":0.0},{"cards_removed":["Strike_B"],"damage_healed":0.0,"max_hp_gain":0.0,"max_hp_loss":0.0,"gold_gain":0.0,"event_name":"Beggar","player_choice":"Gave Gold","floor":27.0,"gold_loss":75.0,"damage_taken":0.0},{"damage_healed":0.0,"max_hp_gain":0.0,"max_hp_loss":0.0,"gold_gain":222.0,"event_name":"Tomb of Lord Red Mask","player_choice":"Wore Mask","floor":46.0,"gold_loss":0.0,"damage_taken":0.0}],"is_beta":false,"boss_relics":[{"not_picked":["White Beast Statue","Velvet Choker"],"picked":"Inserter"},{"not_picked":["Snecko Eye","Nuclear Battery"],"picked":"Sozu"}],"items_purged_floors":[29,31,37],"is_endless":false,"potions_floor_spawned":[1,5,12,14,18,21,24,35,36,38,48,54],"ascension_level":3}