{"gold_per_floor":[113,38,38,48,60,70,70,70,70,115,127,173,85,85,85,85],"floor_reached":16,"playtime":792,"items_purged":["Strike_R","Strike_R"],"score":178,"play_id":"0fb92583-97ca-40bc-8312-6b13efee2b4d","local_time":"20181024083055","is_ascension_mode":true,"campfire_choices":[{"data":"Barricade","floor":8,"key":"SMITH"},{"data":"Body Slam","floor":11,"key":"SMITH"},{"floor":15,"key":"REST"}],"neow_cost":"NONE","seed_source_timestamp":1210744635327729,"circlet_count":0,"master_deck":["Strike_R","Strike_R","Strike_R","Defend_R","Defend_R+1","Defend_R+1","Defend_R","Bash","AscendersBane","Barricade+1","Warcry","Body Slam+1"],"relics":["Burning Blood","MawBank","Bottled Tornado","Torii","Kunai"],"potions_floor_usage":[6],"damage_taken":[{"damage":6,"enemies":"Jaw Worm","floor":1,"turns":6},{"damage":12,"enemies":"Small Slimes","floor":4,"turns":6},{"damage":0,"enemies":"2 Louse","floor":5,"turns":3},{"damage":8,"enemies":"Exordium Thugs","floor":6,"turns":6},{"damage":13,"enemies":"Lagavulin","floor":10,"turns":11},{"damage":39,"enemies":"3 Sentries","floor":12,"turns":12},{"damage":40,"enemies":"Hexaghost","floor":16,"turns":15}],"seed_played":"-5634290077141670024","potions_obtained":[{"floor":1,"key":"AttackPotion"},{"floor":5,"key":"LiquidBronze"},{"floor":10,"key":"SteroidPotion"},{"floor":12,"key":"Energy Potion"}],"is_trial":false,"path_per_floor":["M","$","?","M","M","M","$","R","T","E","R","E","$","?","R"],"character_chosen":"IRONCLAD","items_purchased":[],"campfire_rested":1,"item_purchase_floors":[],"current_hp_per_floor":[72,72,56,50,56,54,54,54,54,47,47,14,14,14,38,0],"gold":85,"neow_bonus":"ONE_RANDOM_RARE_CARD","is_prod":false,"is_daily":false,"chose_seed":false,"campfire_upgraded":2,"win_rate":0,"timestamp":1540362655,"path_taken":["M","$","?","M","M","M","?","R","T","E","R","E","$","?","R","BOSS"],"build_version":"2018-10-22","purchased_purges":2,"victory":false,"max_hp_per_floor":[80,80,80,80,80,80,80,80,80,80,80,80,80,80,80,80],"card_choices":[{"not_picked":["Carnage","Clash","Pummel"],"picked":"SKIP","floor":1},{"not_picked":["Inflame","Twin Strike"],"picked":"Warcry","floor":4},{"not_picked":["Rupture","Evolve","True Grit"],"picked":"SKIP","floor":5},{"not_picked":["Power Through","Battle Trance"],"picked":"Body Slam","floor":6},{"not_picked":["Perfected Strike","Clash","Rage"],"picked":"SKIP","floor":10},{"not_picked":["Spot Weakness","Corruption","Blood for Blood"],"picked":"SKIP","floor":12}],"player_experience":394594,"relics_obtained":[{"floor":9,"key":"MawBank"},{"floor":10,"key":"Bottled Tornado"},{"floor":12,"key":"Torii"},{"floor":14,"key":"Kunai"}],"event_choices":[{"damage_healed":0,"gold_gain":0,"player_choice":"Entered Light","damage_taken":16,"max_hp_gain":0,"max_hp_loss":0,"event_name":"Shining Light","floor":3,"gold_loss":0,"cards_upgraded":["Defend_R","Defend_R"]},{"damage_healed":0,"gold_gain":0,"player_choice":"Relic","damage_taken":0,"max_hp_gain":0,"max_hp_loss":0,"event_name":"Wheel of Change","floor":14,"gold_loss":0}],"is_beta":true,"boss_relics":[],"items_purged_floors":[2,13],"is_endless":false,"potions_floor_spawned":[1,5,10,12],"killed_by":"Hexaghost","ascension_level":13}