{"gold_per_floor":[119,136,154,173,173,173,199,199,222,256,256,312,330,362,362,459,459,445,465,390,410,422,422,435,463,515,515,515],"floor_reached":28,"playtime":2119,"items_purged":["Strike_R"],"score":390,"play_id":"6760a0f0-e6ae-4b87-acb8-7020c95114ee","local_time":"20190204142711","is_ascension_mode":true,"campfire_choices":[{"data":"Bash","floor":6,"key":"SMITH"},{"data":"Juggernaut","floor":8,"key":"SMITH"},{"data":"Shrug It Off","floor":11,"key":"SMITH"},{"data":"Armaments","floor":15,"key":"SMITH"},{"floor":23,"key":"REST"},{"floor":27,"key":"REST"}],"neow_cost":"NONE","seed_source_timestamp":439265700942500,"circlet_count":0,"master_deck":["AscendersBane","Strike_R+1","Strike_R","Strike_R+1","Strike_R","Defend_R","Defend_R","Defend_R","Defend_R","Bash+1","Shrug It Off","Rampage+1","Shrug It Off+1","Juggernaut+1","Shrug It Off","Armaments+1","Demon Form","Sword Boomerang+1","Shockwave","Shockwave"],"relics":["Burning Blood","Bag of Marbles","Lantern","Whetstone","Question Card","Runic Pyramid","Peace Pipe"],"potions_floor_usage":[4,16,25,25],"damage_taken":[{"damage":1,"enemies":"Cultist","floor":1,"turns":4},{"damage":13,"enemies":"Jaw Worm","floor":2,"turns":5},{"damage":3,"enemies":"2 Louse","floor":3,"turns":4},{"damage":10,"enemies":"Exordium Wildlife","floor":4,"turns":5},{"damage":19,"enemies":"Lagavulin","floor":7,"turns":6},{"damage":18,"enemies":"Gremlin Nob","floor":10,"turns":4},{"damage":10,"enemies":"2 Fungi Beasts","floor":13,"turns":3},{"damage":3,"enemies":"3 Sentries","floor":14,"turns":7},{"damage":22,"enemies":"The Guardian","floor":16,"turns":11},{"damage":20,"enemies":"2 Thieves","floor":18,"turns":4},{"damage":21,"enemies":"3 Byrds","floor":19,"turns":6},{"damage":14,"enemies":"Snake Plant","floor":21,"turns":4},{"damage":9,"enemies":"Cultist and Chosen","floor":22,"turns":8},{"damage":0,"enemies":"Snecko","floor":24,"turns":5},{"damage":59,"enemies":"Book of Stabbing","floor":25,"turns":11},{"damage":48,"enemies":"Slavers","floor":28,"turns":6}],"seed_played":"2465632588625752644","potions_obtained":[{"floor":0,"key":"Regen Potion"},{"floor":0,"key":"Poison Potion"},{"floor":0,"key":"SneckoOil"},{"floor":2,"key":"Strength Potion"},{"floor":7,"key":"EssenceOfSteel"},{"floor":14,"key":"Poison Potion"},{"floor":19,"key":"Dexterity Potion"},{"floor":25,"key":"Strength Potion"}],"is_trial":false,"path_per_floor":["M","M","M","M","?","R","E","R","T","E","R","?","M","E","R","B",null,"M","M","$","M","M","R","M","E","T","R","E"],"character_chosen":"IRONCLAD","items_purchased":[],"campfire_rested":2,"item_purchase_floors":[],"current_hp_per_floor":[77,70,73,69,69,69,56,56,56,44,44,44,40,43,43,27,67,53,38,38,30,27,51,57,19,19,43,0],"gold":515,"neow_bonus":"THREE_SMALL_POTIONS","is_prod":false,"is_daily":false,"chose_seed":false,"campfire_upgraded":4,"win_rate":0,"timestamp":1549261631,"path_taken":["M","M","?","M","?","R","E","R","T","E","R","?","M","E","R","BOSS","M","M","$","M","M","R","M","E","T","R","E"],"build_version":"2019-01-23","purchased_purges":1,"victory":false,"max_hp_per_floor":[80,80,80,80,80,80,80,80,80,80,80,80,80,80,80,80,80,80,80,80,80,80,80,80,80,80,80,80],"card_choices":[{"not_picked":["Warcry","Corruption"],"picked":"Shrug It Off","floor":1},{"not_picked":["Flex","Wild Strike"],"picked":"Rampage","floor":2},{"not_picked":["Cleave","True Grit"],"picked":"Shrug It Off","floor":3},{"not_picked":["Shockwave","Twin Strike"],"picked":"Juggernaut","floor":4},{"not_picked":["Flex","Perfected Strike","Reckless Charge"],"picked":"SKIP","floor":7},{"not_picked":["Flex","Evolve","Clash"],"picked":"SKIP","floor":10},{"not_picked":["Pommel Strike","Sentinel"],"picked":"Shrug It Off","floor":13},{"not_picked":["Rupture","Flex"],"picked":"Armaments","floor":14},{"not_picked":["Berserk","Offering","Dark Embrace"],"picked":"Demon Form","floor":16},{"not_picked":["Wild Strike+1","Dropkick+1","Twin Strike+1"],"picked":"Sword Boomerang+1","floor":18},{"not_picked":["Clothesline","Pommel Strike+1","Warcry"],"picked":"Shockwave","floor":19},{"not_picked":["Hemokinesis+1","Anger","Infernal Blade"],"picked":"Shockwave","floor":21},{"not_picked":["Bludgeon","Clothesline","Armaments","Clash+1"],"picked":"SKIP","floor":22},{"not_picked":["Havoc+1","Thunderclap","Sword Boomerang+1","Clash"],"picked":"SKIP","floor":24},{"not_picked":["Sword Boomerang","Clash","Wild Strike","Heavy Blade"],"picked":"SKIP","floor":25}],"player_experience":295018,"relics_obtained":[{"floor":7,"key":"Bag of Marbles"},{"floor":9,"key":"Lantern"},{"floor":10,"key":"Whetstone"},{"floor":14,"key":"Question Card"},{"floor":25,"key":"Peace Pipe"}],"event_choices":[{"damage_healed":0,"gold_gain":0,"player_choice":"Grow","damage_taken":0,"max_hp_gain":0,"max_hp_loss":0,"event_name":"Living Wall","floor":5,"gold_loss":0,"cards_upgraded":["Rampage"]},{"damage_healed":0,"gold_gain":56,"player_choice":"Gained Gold","damage_taken":0,"max_hp_gain":0,"max_hp_loss":0,"event_name":"Golden Wing","floor":12,"gold_loss":0}],"is_beta":false,"boss_relics":[{"not_picked":["Calling Bell","Astrolabe"],"picked":"Runic Pyramid"}],"items_purged_floors":[20],"is_endless":false,"potions_floor_spawned":[2,7,10,14,19,25],"killed_by":"Slavers","ascension_level":10}