{"gold_per_floor":[116,41,41,41,55,55,83,83,83,83,95,108,108,8,8,81,81,92,62,72,72,122,122,147,127,127,143,158,188,7,24,24,96,96,113,124,124,134,134,134,151,1,73,98,111,111,128,174,174,174],"floor_reached":51,"playtime":3021,"items_purged":["Strike_B","Strike_B","Strike_B","Defend_B"],"score":1504,"play_id":"01aa1c1a-4a74-42a0-8f56-f15bd13c77e1","local_time":"20190119161653","is_ascension_mode":true,"campfire_choices":[{"data":"Zap","floor":6.0,"key":"SMITH"},{"data":"Dualcast","floor":8.0,"key":"SMITH"},{"data":"Beam Cell","floor":10.0,"key":"SMITH"},{"data":"Sunder","floor":13.0,"key":"SMITH"},{"data":"Scrape","floor":15.0,"key":"SMITH"},{"floor":23.0,"key":"REST"},{"floor":32.0,"key":"REST"},{"floor":40.0,"key":"REST"},{"floor":49,"key":"REST"}],"neow_cost":"TEN_PERCENT_HP_LOSS","seed_source_timestamp":0,"circlet_count":0,"master_deck":["AscendersBane","Defend_B","Defend_B","Zap+1","Dualcast+1","Gash","Beam Cell+1","Scrape+1","FTL","Sunder+1","All For One","Reinforced Body","Go for the Eyes","Gash","Go for the Eyes","Gash+1","All For One","Hologram","Steam+1","FTL","Gash+1","Leap+1"],"special_seed":0,"relics":["Cracked Core","Meat on the Bone","Anchor","Fusion Hammer","Bottled Lightning","Pocketwatch","Dream Catcher","Sozu","Ornamental Fan","Mercury Hourglass","FossilizedHelix","Bird Faced Urn","Ice Cream"],"potions_floor_usage":[],"damage_taken":[{"damage":10.0,"enemies":"2 Louse","floor":1.0,"turns":2.0},{"damage":0.0,"enemies":"Small Slimes","floor":5.0,"turns":3.0},{"damage":35.0,"enemies":"Gremlin Nob","floor":7.0,"turns":4.0},{"damage":1.0,"enemies":"Cultist","floor":11.0,"turns":3.0},{"damage":2.0,"enemies":"Large Slime","floor":12.0,"turns":3.0},{"damage":22.0,"enemies":"Hexaghost","floor":16.0,"turns":6.0},{"damage":0.0,"enemies":"Chosen","floor":18.0,"turns":2.0},{"damage":0.0,"enemies":"3 Byrds","floor":20.0,"turns":3.0},{"damage":13.0,"enemies":"Book of Stabbing","floor":24.0,"turns":4.0},{"damage":24.0,"enemies":"Cultist and Chosen","floor":27.0,"turns":4.0},{"damage":13.0,"enemies":"Snecko","floor":28.0,"turns":3.0},{"damage":16.0,"enemies":"Slavers","floor":29.0,"turns":4.0},{"damage":0.0,"enemies":"Centurion and Healer","floor":31.0,"turns":4.0},{"damage":0.0,"enemies":"Champ","floor":33.0,"turns":6.0},{"damage":2.0,"enemies":"3 Darklings","floor":35.0,"turns":5.0},{"damage":0.0,"enemies":"Orb Walker","floor":36.0,"turns":2.0},{"damage":0.0,"enemies":"Jaw Worm Horde","floor":38.0,"turns":3.0},{"damage":0.0,"enemies":"Spire Growth","floor":41.0,"turns":2.0},{"damage":12.0,"enemies":"Nemesis","floor":44.0,"turns":5.0},{"damage":0.0,"enemies":"Maw","floor":45.0,"turns":4.0},{"damage":0,"enemies":"Jaw Worm Horde","floor":47,"turns":3},{"damage":0,"enemies":"2 Orb Walkers","floor":48,"turns":2},{"damage":0,"enemies":"Donu and Deca","floor":50,"turns":7}],"seed_played":"-569578086654877449","potions_obtained":[{"floor":12.0,"key":"Block Potion"},{"floor":24.0,"key":"Poison Potion"},{"floor":25.0,"key":"SpeedPotion"},{"floor":27.0,"key":"Dexterity Potion"},{"floor":31.0,"key":"SkillPotion"}],"is_trial":false,"path_per_floor":["M","$","?","?","M","R","E","R","T","R","M","M","R","$","R","B",null,"M","$","M","?","?","R","E","?","T","M","M","E","$","M","R","B",null,"M","M","$","M","?","R","M","$","T","E","M","T","M","?","R","B",null],"character_chosen":"DEFECT","items_purchased":["Go for the Eyes","Go for the Eyes"],"campfire_rested":4,"item_purchase_floors":[19,30],"current_hp_per_floor":[54,54,54,59,59,59,24,24,24,24,35,45,45,45,45,35,61,61,61,61,61,61,69,56,56,56,44,43,39,39,39,59,59,67,65,65,65,65,65,69,69,69,69,57,57,57,57,57,69,69],"gold":174,"neow_bonus":"REMOVE_TWO","is_prod":false,"is_daily":false,"chose_seed":false,"campfire_upgraded":5,"win_rate":0,"timestamp":1547932613,"path_taken":["M","$","?","?","M","R","E","R","T","R","M","M","R","$","R","BOSS","M","$","M","?","?","R","E","?","T","M","?","E","$","M","R","BOSS","M","M","$","M","?","R","M","$","T","E","?","?","?","?","R","BOSS"],"build_version":"2019-01-17v2","purchased_purges":4,"victory":true,"max_hp_per_floor":[64,64,64,69,69,69,69,69,69,69,69,69,69,69,69,69,69,69,69,69,69,69,69,69,69,69,69,69,69,69,69,69,69,69,69,69,69,69,69,69,69,69,69,69,69,69,69,69,69,69],"card_choices":[{"not_picked":["Turbo","Go for the Eyes"],"picked":"Gash","floor":1.0},{"not_picked":["Coolheaded","Glacier"],"picked":"Beam Cell","floor":5.0},{"not_picked":["Steam","Cold Snap"],"picked":"Scrape","floor":7.0},{"not_picked":["Self Repair","Darkness"],"picked":"FTL","floor":11.0},{"not_picked":["Rebound","Conserve Battery"],"picked":"Sunder","floor":12.0},{"not_picked":["Hyperbeam","Creative AI"],"picked":"All For One","floor":16.0},{"not_picked":["Compile Driver","Turbo"],"picked":"Reinforced Body","floor":18.0},{"not_picked":["Steam","Storm","Coolheaded"],"picked":"SKIP","floor":20.0},{"not_picked":["Streamline","Ball Lightning","Barrage"],"picked":"SKIP","floor":24.0},{"not_picked":["Undo","Cold Snap"],"picked":"Gash","floor":27.0},{"not_picked":["Static Discharge","Multi-Cast","Ball Lightning"],"picked":"SKIP","floor":28.0},{"not_picked":["Storm+1","Leap","Self Repair"],"picked":"SKIP","floor":29.0},{"not_picked":["Genetic Algorithm","Defragment","Sweeping Beam"],"picked":"SKIP","floor":31.0},{"not_picked":["Redo","Double Energy"],"picked":"Gash+1","floor":32.0},{"not_picked":["Machine Learning","Buffer"],"picked":"All For One","floor":33.0},{"not_picked":["Conserve Battery","Steam","Cold Snap"],"picked":"SKIP","floor":35.0},{"not_picked":["Lockon","Ball Lightning"],"picked":"Hologram","floor":36.0},{"not_picked":["Lockon","BootSequence"],"picked":"Steam+1","floor":38.0},{"not_picked":["Stack","Streamline"],"picked":"FTL","floor":40.0},{"not_picked":["Conserve Battery+1","Self Repair","Multi-Cast"],"picked":"SKIP","floor":41.0},{"not_picked":["Beam Cell","Lockon","Blizzard"],"picked":"SKIP","floor":44.0},{"not_picked":["Conserve Battery","Sweeping Beam","Compile Driver"],"picked":"SKIP","floor":45.0},{"not_picked":["Defragment+1","Hologram"],"picked":"Gash+1","floor":47},{"not_picked":["Aggregate","Force Field"],"picked":"Leap+1","floor":49}],"player_experience":482821,"relics_obtained":[{"floor":7.0,"key":"Meat on the Bone"},{"floor":9.0,"key":"Anchor"},{"floor":24.0,"key":"Bottled Lightning"},{"floor":26.0,"key":"Pocketwatch"},{"floor":29.0,"key":"Dream Catcher"},{"floor":43.0,"key":"Mercury Hourglass"},{"floor":44.0,"key":"FossilizedHelix"},{"floor":46.0,"key":"Bird Faced Urn"},{"floor":48,"key":"Ice Cream"}],"event_choices":[{"damage_healed":0.0,"max_hp_gain":0.0,"max_hp_loss":0.0,"gold_gain":0.0,"event_name":"Liars Game","player_choice":"Ignored","floor":3.0,"gold_loss":0.0,"damage_taken":0.0},{"damage_healed":0.0,"max_hp_gain":5.0,"max_hp_loss":0.0,"gold_gain":0.0,"event_name":"Big Fish","player_choice":"Donut","floor":4.0,"gold_loss":0.0,"damage_taken":0.0},{"damage_healed":0.0,"max_hp_gain":0.0,"max_hp_loss":0.0,"gold_gain":50.0,"event_name":"Nest","player_choice":"Stole From Cult","floor":22.0,"gold_loss":0.0,"damage_taken":0.0},{"damage_healed":0.0,"max_hp_gain":0.0,"max_hp_loss":0.0,"gold_gain":0.0,"event_name":"The Woman in Blue","player_choice":"Bought 1 Potion","floor":25.0,"gold_loss":0.0,"damage_taken":0.0},{"damage_healed":0.0,"max_hp_gain":0.0,"max_hp_loss":0.0,"gold_gain":0.0,"event_name":"WeMeetAgain","player_choice":"Gave Potion","floor":39.0,"gold_loss":0.0,"damage_taken":0.0,"relics_obtained":["Ornamental Fan"]},{"damage_healed":0,"gold_gain":0,"player_choice":"Fight","damage_taken":0,"max_hp_gain":0,"max_hp_loss":0,"event_name":"Mysterious Sphere","floor":48,"gold_loss":0}],"is_beta":false,"boss_relics":[{"not_picked":["Lizard Tail","Orrery"],"picked":"Fusion Hammer"},{"not_picked":["Runic Dome","Inserter"],"picked":"Sozu"}],"items_purged_floors":[2,14,30,42],"is_endless":false,"potions_floor_spawned":[12,24,27,31,44,45,47,48],"ascension_level":18}