{"gold_per_floor":[119,119,119,139,139,139,64,64,64,79,113,47,61,92,92,165,165,176,194,208,208,220,220,246,246,246,29,47,72,101,111,111,111],"floor_reached":33,"playtime":1989,"items_purged":["Strike_R","Bash"],"score":576,"play_id":"b3430c0a-8392-4b1a-83af-8b92ed109850","local_time":"20190131150805","is_ascension_mode":true,"campfire_choices":[{"data":"Whirlwind","floor":6,"key":"SMITH"},{"data":"Double Tap","floor":8,"key":"SMITH"},{"data":"Sword Boomerang","floor":15,"key":"SMITH"},{"data":"Demon Form","floor":23,"key":"SMITH"},{"data":"Battle Trance","floor":25,"key":"SMITH"},{"data":"Offering","floor":32,"key":"SMITH"}],"neow_cost":"NONE","seed_source_timestamp":1047797047570326,"circlet_count":0,"master_deck":["AscendersBane","Strike_R+1","Defend_R","Defend_R","Defend_R","Double Tap+1","Whirlwind+1","Sword Boomerang+1","Shrug It Off","Demon Form+1","Battle Trance+1","Iron Wave+1","Offering+1","Thunderclap+1","Cleave+1","Iron Wave+1","Immolate+1","Warcry","Headbutt+1"],"relics":["Burning Blood","Anchor","The Courier","Paper Frog","Molten Egg 2","Astrolabe","Bottled Lightning","Bottled Tornado","Lantern","Centennial Puzzle","Red Mask"],"potions_floor_usage":[16,33,33],"damage_taken":[{"damage":8,"enemies":"2 Louse","floor":1,"turns":4},{"damage":4,"enemies":"Small Slimes","floor":4,"turns":4},{"damage":2,"enemies":"Jaw Worm","floor":10,"turns":2},{"damage":10,"enemies":"3 Sentries","floor":11,"turns":4},{"damage":6,"enemies":"Exordium Thugs","floor":13,"turns":3},{"damage":8,"enemies":"Gremlin Nob","floor":14,"turns":3},{"damage":25,"enemies":"Hexaghost","floor":16,"turns":8},{"damage":0,"enemies":"3 Byrds","floor":18,"turns":2},{"damage":6,"enemies":"Chosen","floor":19,"turns":2},{"damage":26,"enemies":"Shelled Parasite and Fungi","floor":20,"turns":4},{"damage":2,"enemies":"Chosen and Byrds","floor":22,"turns":4},{"damage":6,"enemies":"Slavers","floor":24,"turns":1},{"damage":0,"enemies":"Centurion and Healer","floor":28,"turns":2},{"damage":36,"enemies":"Book of Stabbing","floor":29,"turns":4},{"damage":0,"enemies":"Masked Bandits","floor":30,"turns":1},{"damage":0,"enemies":"Cultist and Chosen","floor":31,"turns":2},{"damage":61,"enemies":"Automaton","floor":33,"turns":6}],"seed_played":"5973276228749545279","potions_obtained":[{"floor":10,"key":"Dexterity Potion"},{"floor":13,"key":"GamblersBrew"},{"floor":16,"key":"Explosive Potion"},{"floor":29,"key":"PowerPotion"}],"is_trial":false,"path_per_floor":["M","?","?","M","T","R","$","R","T","M","E","$","M","E","R","B",null,"M","M","M","?","M","R","E","R","T","$","M","E","?","M","R","B"],"character_chosen":"IRONCLAD","items_purchased":["Battle Trance","Lantern"],"campfire_rested":0,"item_purchase_floors":[12,27],"current_hp_per_floor":[66,43,48,50,50,50,50,50,50,54,50,50,50,48,48,29,67,73,73,53,53,57,57,57,57,57,57,63,33,39,45,45,0],"gold":111,"neow_bonus":"ONE_RANDOM_RARE_CARD","is_prod":false,"is_daily":false,"chose_seed":false,"campfire_upgraded":6,"win_rate":0,"timestamp":1548943685,"path_taken":["M","?","?","?","?","R","?","R","T","M","E","$","M","E","R","BOSS","M","?","M","?","M","R","E","R","T","?","M","E","?","M","R","BOSS"],"build_version":"2019-01-23","purchased_purges":2,"victory":false,"max_hp_per_floor":[75,75,80,80,80,80,80,80,80,80,80,80,80,80,80,80,80,80,80,80,80,80,80,80,80,80,80,80,80,80,80,80,80],"card_choices":[{"not_picked":["Sword Boomerang","Headbutt"],"picked":"Whirlwind","floor":1},{"not_picked":["Iron Wave","Rampage"],"picked":"Sword Boomerang","floor":4},{"not_picked":["Twin Strike","Cleave"],"picked":"Shrug It Off","floor":10},{"not_picked":["Ghostly Armor","Pommel Strike"],"picked":"Demon Form","floor":11},{"not_picked":["Battle Trance","Body Slam","Warcry"],"picked":"SKIP","floor":13},{"not_picked":["Body Slam","Infernal Blade"],"picked":"Iron Wave","floor":14},{"not_picked":["Barricade","Demon Form"],"picked":"Offering","floor":16},{"not_picked":["Pommel Strike+1","Carnage+1"],"picked":"Iron Wave+1","floor":18},{"not_picked":["Thunderclap+1","Shockwave","Anger+1"],"picked":"SKIP","floor":19},{"not_picked":["Dark Embrace","Twin Strike+1","Havoc"],"picked":"SKIP","floor":20},{"not_picked":["Wild Strike+1","Infernal Blade","Cleave+1"],"picked":"SKIP","floor":22},{"not_picked":["Thunderclap+1","True Grit","Body Slam+1"],"picked":"SKIP","floor":24},{"not_picked":["Clash+1","Rampage+1","Iron Wave+1"],"picked":"SKIP","floor":28},{"not_picked":["Thunderclap+1","Headbutt+1","Shrug It Off"],"picked":"SKIP","floor":29},{"not_picked":["Corruption","Exhume"],"picked":"Headbutt+1","floor":30},{"not_picked":["Pommel Strike+1","Twin Strike+1","Shrug It Off"],"picked":"SKIP","floor":31}],"player_experience":664834,"relics_obtained":[{"floor":5,"key":"Anchor"},{"floor":9,"key":"The Courier"},{"floor":11,"key":"Paper Frog"},{"floor":14,"key":"Molten Egg 2"},{"floor":24,"key":"Bottled Lightning"},{"floor":26,"key":"Bottled Tornado"},{"floor":29,"key":"Centennial Puzzle"},{"floor":30,"key":"Red Mask"}],"event_choices":[{"damage_healed":0,"gold_gain":0,"player_choice":"Entered Light","damage_taken":23,"max_hp_gain":0,"max_hp_loss":0,"event_name":"Shining Light","floor":2,"gold_loss":0,"cards_upgraded":["Strike_R","Strike_R"]},{"damage_healed":0,"gold_gain":0,"player_choice":"Donut","damage_taken":0,"max_hp_gain":5,"max_hp_loss":0,"event_name":"Big Fish","floor":3,"gold_loss":0},{"damage_healed":0,"gold_gain":0,"cards_transformed":["Fire Breathing","Strike_R"],"player_choice":"Became Test Subject","damage_taken":0,"max_hp_gain":0,"max_hp_loss":0,"event_name":"Drug Dealer","floor":21,"gold_loss":0,"cards_obtained":["Immolate","Warcry"]},{"damage_healed":0,"gold_gain":0,"player_choice":"Fought Bandits","damage_taken":0,"max_hp_gain":0,"max_hp_loss":0,"event_name":"Masked Bandits","floor":30,"gold_loss":0}],"is_beta":true,"boss_relics":[{"not_picked":["Empty Cage","Lizard Tail"],"picked":"Astrolabe"}],"items_purged_floors":[7,27],"is_endless":false,"potions_floor_spawned":[10,13,16,19,28,29,30],"killed_by":"Automaton","ascension_level":16}