{"gold_per_floor":[114,94,109,124,139,139,154,154,179,33,33,133,163,178,178,278,278,293,293,293,308,323,323,132,132,132,132],"floor_reached":27,"playtime":1324,"items_purged":["Strike_R"],"score":213,"play_id":"2fd85d43-242f-426b-9d2f-7e5ed1b9677d","local_time":"20190203015027","daily_mods":["Allstar","Green Cards","Lethality"],"is_ascension_mode":false,"campfire_choices":[{"data":"True Grit","floor":6,"key":"SMITH"},{"data":"Noxious Fumes","floor":11,"key":"SMITH"},{"floor":15,"key":"REST"},{"floor":23,"key":"REST"},{"floor":25,"key":"REST"}],"neow_cost":"","seed_source_timestamp":0,"circlet_count":0,"master_deck":["Strike_R","Strike_R","Strike_R","Defend_R","Defend_R","Defend_R","Defend_R","Bash","Metamorphosis","Bandage Up","PanicButton","Deep Breath","Enlightenment","Expertise","Sucker Punch","True Grit+1","Cleave","Escape Plan","Noxious Fumes+1","Shockwave","Blur","Adrenaline","Clumsy","Terror","Reflex","RitualDagger","Ghostly Armor","Well Laid Plans","Acrobatics","Backflip","Good Instincts","Prepared"],"special_seed":17930,"relics":["Burning Blood","Red Skull","Omamori","Calling Bell","Bag of Marbles","Mercury Hourglass","Prayer Wheel","Smiling Mask"],"potions_floor_usage":[7,22],"damage_taken":[{"damage":0,"enemies":"2 Louse","floor":1,"turns":2},{"damage":0,"enemies":"Cultist","floor":3,"turns":3},{"damage":14,"enemies":"Jaw Worm","floor":4,"turns":4},{"damage":3,"enemies":"Looter","floor":5,"turns":2},{"damage":19,"enemies":"Gremlin Gang","floor":7,"turns":3},{"damage":21,"enemies":"Lagavulin","floor":13,"turns":4},{"damage":13,"enemies":"2 Fungi Beasts","floor":14,"turns":3},{"damage":66,"enemies":"The Guardian","floor":16,"turns":8},{"damage":66,"enemies":"3 Byrds","floor":18,"turns":4},{"damage":0,"enemies":"Chosen","floor":21,"turns":5},{"damage":17,"enemies":"Snake Plant","floor":22,"turns":3},{"damage":66,"enemies":"Cultist and Chosen","floor":27,"turns":7}],"seed_played":"8747077811986150983","potions_obtained":[{"floor":1,"key":"Poison Potion"},{"floor":2,"key":"Fire Potion"},{"floor":4,"key":"Explosive Potion"},{"floor":7,"key":"FearPotion"},{"floor":13,"key":"FearPotion"},{"floor":22,"key":"Dexterity Potion"}],"is_trial":false,"path_per_floor":["M","?","M","M","M","R","M","?","T","$","R","?","E","M","R","B",null,"M","?","?","M","M","R","$","R","T","M"],"character_chosen":"IRONCLAD","items_purchased":["Escape Plan","Noxious Fumes","Good Instincts","Prepared"],"campfire_rested":3,"item_purchase_floors":[10,10,24,24],"current_hp_per_floor":[80,80,80,72,75,75,66,66,66,66,66,66,55,48,72,16,80,20,14,14,20,9,33,33,57,57,0],"gold":132,"neow_bonus":"","is_prod":false,"is_daily":true,"chose_seed":false,"campfire_upgraded":2,"win_rate":0,"timestamp":1549155027,"path_taken":["M","?","M","M","?","R","M","?","T","?","R","?","E","?","R","BOSS","M","?","?","M","M","R","$","R","T","?"],"build_version":"2019-01-23","purchased_purges":1,"victory":false,"max_hp_per_floor":[80,80,80,80,80,80,80,80,80,80,80,80,80,80,80,80,80,80,80,80,80,80,80,80,80,80,80],"card_choices":[{"not_picked":["Havoc","Flechettes","Slice"],"picked":"SKIP","floor":1},{"not_picked":["Caltrops","Anger"],"picked":"Expertise","floor":3},{"not_picked":["Bane","Dual Wield"],"picked":"Sucker Punch","floor":4},{"not_picked":["Corruption","Cloak And Dagger"],"picked":"True Grit","floor":5},{"not_picked":["Hemokinesis","Deflect"],"picked":"Cleave","floor":7},{"not_picked":["Bane","Dual Wield"],"picked":"Shockwave","floor":13},{"not_picked":["Body Slam","Riddle With Holes"],"picked":"Blur","floor":14},{"not_picked":["Juggernaut","Envenom"],"picked":"Adrenaline","floor":16},{"not_picked":["Anger","Acrobatics"],"picked":"Terror","floor":18},{"not_picked":["Slice","Endless Agony"],"picked":"Reflex","floor":18},{"not_picked":["Dagger Spray","Venomology"],"picked":"Well Laid Plans","floor":21},{"not_picked":["Deadly Poison+1","Rampage","Havoc"],"picked":"SKIP","floor":21},{"not_picked":["Dodge and Roll","Brutality"],"picked":"Acrobatics","floor":22},{"not_picked":["Expertise","Seeing Red+1"],"picked":"Backflip","floor":22}],"player_experience":504077,"relics_obtained":[{"floor":9,"key":"Red Skull"},{"floor":13,"key":"Omamori"},{"floor":17,"key":"Bag of Marbles"},{"floor":17,"key":"Mercury Hourglass"},{"floor":17,"key":"Prayer Wheel"},{"floor":26,"key":"Smiling Mask"}],"event_choices":[{"damage_healed":0,"gold_gain":0,"player_choice":"Bought 1 Potion","damage_taken":0,"max_hp_gain":0,"max_hp_loss":0,"event_name":"The Woman in Blue","floor":2,"gold_loss":0},{"cards_removed":["Strike_R"],"damage_healed":0,"gold_gain":0,"player_choice":"Forget","damage_taken":0,"max_hp_gain":0,"max_hp_loss":0,"event_name":"Living Wall","floor":8,"gold_loss":0},{"damage_healed":0,"gold_gain":100,"player_choice":"Pray","damage_taken":0,"max_hp_gain":0,"max_hp_loss":0,"event_name":"Golden Shrine","floor":12,"gold_loss":0},{"damage_healed":0,"gold_gain":0,"player_choice":"Joined the Cult","damage_taken":6,"max_hp_gain":0,"max_hp_loss":0,"event_name":"Nest","floor":19,"gold_loss":0,"cards_obtained":["RitualDagger"]},{"damage_healed":0,"gold_gain":0,"player_choice":"Read","damage_taken":0,"max_hp_gain":0,"max_hp_loss":0,"event_name":"The Library","floor":20,"gold_loss":0,"cards_obtained":["Ghostly Armor"]}],"is_beta":false,"boss_relics":[{"not_picked":["Orrery","Pandora\u0027s Box"],"picked":"Calling Bell"}],"items_purged_floors":[24],"is_endless":false,"potions_floor_spawned":[1,4,7,13,21,22],"killed_by":"Cultist and Chosen","ascension_level":0}