{"gold_per_floor":[118,118,137,137,16,16,44,61,86,161,161,194,369,387,387,387],"floor_reached":16,"playtime":877,"items_purged":[],"score":108,"play_id":"5d0a3749-9550-490d-b033-44b5d2ccfa7a","local_time":"20180701010434","is_ascension_mode":false,"campfire_choices":[{"floor":6,"key":"REST"},{"floor":11,"key":"REST"},{"floor":15,"key":"REST"}],"neow_cost":"FIFTY_PERCENT_DAMAGE","seed_source_timestamp":27221752001852,"circlet_count":0,"master_deck":["Strike_B+1","Strike_B+1","Defend_B","Defend_B","Defend_B","Defend_B","Zap","Dualcast","FTL","Hologram","Beam Cell","Scrape","Hologram","Hologram","Leap","Doubt","Beam Cell"],"relics":["Cracked Core","Dead Branch","Pen Nib","Art of War","Whetstone"],"potions_floor_usage":[7,14,14,16],"damage_taken":[{"damage":3,"enemies":"Jaw Worm","floor":1,"turns":3},{"damage":0,"enemies":"Small Slimes","floor":3,"turns":3},{"damage":19,"enemies":"3 Sentries","floor":7,"turns":5},{"damage":0,"enemies":"2 Louse","floor":8,"turns":2},{"damage":42,"enemies":"Lagavulin","floor":12,"turns":7},{"damage":0,"enemies":"Exordium Wildlife","floor":14,"turns":2},{"damage":33,"enemies":"Hexaghost","floor":16,"turns":9}],"seed_played":"6984930351698291030","potions_obtained":[{"floor":1,"key":"Strength Potion"},{"floor":8,"key":"Explosive Potion"},{"floor":12,"key":"PowerPotion"},{"floor":14,"key":"Energy Potion"}],"is_trial":false,"path_per_floor":["M","?","M","?","$","R","E","M","T","?","R","E","?","M","R"],"character_chosen":"DEFECT","items_purchased":["Beam Cell","Scrape"],"campfire_rested":3,"item_purchase_floors":[5,5],"current_hp_per_floor":[35,35,35,28,28,50,38,38,38,27,49,7,7,7,29,0],"gold":387,"neow_bonus":"ONE_RARE_RELIC","is_prod":false,"is_daily":false,"chose_seed":false,"campfire_upgraded":0,"win_rate":0,"timestamp":1530399874,"path_taken":["M","?","M","?","$","R","E","M","T","?","R","E","?","M","R","BOSS"],"build_version":"2018-06-28","purchased_purges":0,"victory":false,"max_hp_per_floor":[75,75,75,75,75,75,75,75,75,75,75,75,75,75,75,75],"card_choices":[{"not_picked":["Rebound","Reprogram"],"picked":"FTL","floor":1},{"not_picked":["Hello World","Self Repair"],"picked":"Hologram","floor":3},{"not_picked":["Blizzard","Redo"],"picked":"Hologram","floor":7},{"not_picked":["Steam","Ball Lightning"],"picked":"Hologram","floor":8},{"not_picked":["Tempest","Thunder Strike"],"picked":"Leap","floor":12},{"not_picked":["Turbo","Auto Shields"],"picked":"Beam Cell","floor":14}],"player_experience":228110,"relics_obtained":[{"floor":7,"key":"Pen Nib"},{"floor":9,"key":"Art of War"},{"floor":12,"key":"Whetstone"}],"event_choices":[{"event_name":"Living Wall","player_choice":"Forget","floor":2,"damage_taken":0},{"event_name":"Golden Wing","player_choice":"Card Removal","floor":4,"damage_taken":0},{"event_name":"World of Goop","player_choice":"Gather Gold","floor":10,"damage_taken":0},{"event_name":"Liars Game","player_choice":"agreed","floor":13,"damage_taken":0}],"boss_relics":[],"items_purged_floors":[],"is_endless":false,"potions_floor_spawned":[1,8,12,14],"killed_by":"Hexaghost","ascension_level":0}