{"gold_per_floor":[116,191,191,203,217,217,236,161,187,39,55,66,66,66],"floor_reached":14,"playtime":748,"items_purged":["Defend_G"],"score":82,"play_id":"2d3502e6-02df-4498-86c9-404d7c111f39","local_time":"20190205151349","is_ascension_mode":false,"campfire_choices":[{"data":"Neutralize","floor":6,"key":"SMITH"},{"floor":13,"key":"REST"}],"neow_cost":"NONE","seed_source_timestamp":101337947965223,"circlet_count":0,"master_deck":["Defend_G","Defend_G","Defend_G","Defend_G","Strike_G","Strike_G","Strike_G","Strike_G","Survivor","Neutralize+1","Finesse","Backflip","Setup","Prepared","Blur","Burst","Flechettes"],"relics":["Ring of the Snake","Snake Skull","Orichalcum"],"potions_floor_usage":[11,11],"damage_taken":[{"damage":0,"enemies":"Cultist","floor":1,"turns":5},{"damage":2,"enemies":"Jaw Worm","floor":4,"turns":6},{"damage":2,"enemies":"2 Louse","floor":5,"turns":3},{"damage":34,"enemies":"Exordium Wildlife","floor":7,"turns":13},{"damage":0,"enemies":"Looter","floor":11,"turns":3},{"damage":13,"enemies":"Large Slime","floor":12,"turns":17},{"damage":42,"enemies":"The Mushroom Lair","floor":14,"turns":6}],"seed_played":"-6396757735893049114","potions_obtained":[{"floor":4,"key":"Block Potion"},{"floor":5,"key":"Ancient Potion"},{"floor":7,"key":"SkillPotion"}],"is_trial":false,"path_per_floor":["M","?","?","M","M","R","M","$","T","$","M","M","R","?"],"character_chosen":"THE_SILENT","items_purchased":["Orichalcum"],"campfire_rested":1,"item_purchase_floors":[10],"current_hp_per_floor":[70,59,59,57,55,55,21,21,21,21,21,8,29,0],"gold":66,"neow_bonus":"RANDOM_COLORLESS","is_prod":false,"is_daily":false,"chose_seed":false,"campfire_upgraded":1,"win_rate":0.0,"timestamp":1549350829,"path_taken":["M","?","?","M","M","R","M","$","T","$","M","M","R","?"],"build_version":"2019-01-23","purchased_purges":1,"victory":false,"max_hp_per_floor":[70,70,70,70,70,70,70,70,70,70,70,70,70,70],"card_choices":[{"not_picked":["Outmaneuver","Bouncing Flask"],"picked":"Backflip","floor":1},{"not_picked":["Leg Sweep","Outmaneuver"],"picked":"Setup","floor":4},{"not_picked":["Bane","Dodge and Roll"],"picked":"Prepared","floor":5},{"not_picked":["Flechettes","Underhanded Strike"],"picked":"Blur","floor":7},{"not_picked":["Flechettes","Bane"],"picked":"Burst","floor":11},{"not_picked":["Cloak And Dagger","Setup"],"picked":"Flechettes","floor":12}],"player_experience":192271,"relics_obtained":[{"floor":9,"key":"Snake Skull"}],"event_choices":[{"damage_healed":0,"gold_gain":75,"player_choice":"Gather Gold","damage_taken":11,"max_hp_gain":0,"max_hp_loss":0,"event_name":"World of Goop","floor":2,"gold_loss":0},{"cards_removed":["Strike_G"],"damage_healed":0,"gold_gain":0,"player_choice":"Forget","damage_taken":0,"max_hp_gain":0,"max_hp_loss":0,"event_name":"Living Wall","floor":3,"gold_loss":0},{"damage_healed":0,"gold_gain":0,"player_choice":"Fought Mushrooms","damage_taken":0,"max_hp_gain":0,"max_hp_loss":0,"event_name":"Mushrooms","floor":14,"gold_loss":0}],"is_beta":false,"boss_relics":[],"items_purged_floors":[8],"is_endless":false,"potions_floor_spawned":[4,5,7],"killed_by":"The Mushroom Lair","ascension_level":0}