{"gold_per_floor":[112,132,151,169,181,207,207,207,234,234,234,259,259,278,278,404,404,393,393,32,32,52,52,85,85,85,99,14,14,14],"floor_reached":30,"playtime":1207,"items_purged":["Strike_B"],"score":284,"play_id":"a5bfcafd-7ff1-48b1-940c-ef822d00b9eb","local_time":"20190131222427","is_ascension_mode":true,"campfire_choices":[{"floor":7,"key":"REST"},{"data":"Auto Shields","floor":11,"key":"SMITH"},{"data":"Dualcast","floor":15,"key":"SMITH"},{"floor":23,"key":"REST"},{"data":"Double Energy","floor":25,"key":"SMITH"}],"neow_cost":"NONE","seed_source_timestamp":1439905916089800,"circlet_count":0,"master_deck":["Strike_B","Strike_B","Strike_B","Defend_B","Defend_B","Defend_B","Defend_B","Zap","Dualcast+1","Auto Shields+1","Double Energy+1","Streamline","All For One","Buffer","Beam Cell","Leap","Echo Form","Leap","Reinforced Body","Go for the Eyes","Steam","Glacier"],"relics":["Cracked Core","Symbiotic Virus","Bronze Scales","PreservedInsect","Golden Idol","Black Star","Ice Cream","Anchor","Vajra","Girya","Shovel","NlothsMask"],"potions_floor_usage":[6,6,6,14,14,27],"damage_taken":[{"damage":11,"enemies":"Small Slimes","floor":1,"turns":4},{"damage":3,"enemies":"2 Louse","floor":2,"turns":2},{"damage":0,"enemies":"Cultist","floor":3,"turns":3},{"damage":9,"enemies":"3 Louse","floor":4,"turns":2},{"damage":18,"enemies":"Red Slaver","floor":5,"turns":4},{"damage":17,"enemies":"Gremlin Nob","floor":6,"turns":4},{"damage":8,"enemies":"Lagavulin","floor":12,"turns":5},{"damage":0,"enemies":"Gremlin Gang","floor":14,"turns":1},{"damage":11,"enemies":"Hexaghost","floor":16,"turns":9},{"damage":19,"enemies":"2 Thieves","floor":18,"turns":4},{"damage":16,"enemies":"Shell Parasite","floor":22,"turns":5},{"damage":27,"enemies":"Slavers","floor":24,"turns":5},{"damage":15,"enemies":"Centurion and Healer","floor":27,"turns":9},{"damage":12,"enemies":"3 Cultists","floor":30,"turns":2}],"seed_played":"-259510362947408061","potions_obtained":[{"floor":0,"key":"FearPotion"},{"floor":0,"key":"SneckoOil"},{"floor":0,"key":"FocusPotion"},{"floor":3,"key":"Weak Potion"},{"floor":5,"key":"AttackPotion"},{"floor":6,"key":"SneckoOil"},{"floor":12,"key":"Explosive Potion"},{"floor":24,"key":"Dexterity Potion"},{"floor":27,"key":"Dexterity Potion"}],"is_trial":false,"path_per_floor":["M","M","M","M","M","E","R","?","T","?","R","E","?","M","R","B",null,"M","?","$","?","M","R","E","R","T","M","?","?","M"],"character_chosen":"DEFECT","items_purchased":["Ice Cream"],"campfire_rested":2,"item_purchase_floors":[20],"current_hp_per_floor":[64,61,61,52,34,17,39,39,39,39,39,31,31,31,31,20,69,50,50,50,50,34,54,27,27,27,12,12,12,0],"gold":14,"neow_bonus":"THREE_SMALL_POTIONS","is_prod":false,"is_daily":false,"chose_seed":false,"campfire_upgraded":3,"win_rate":0,"timestamp":1548991467,"path_taken":["M","M","M","M","M","E","R","?","T","?","R","E","?","M","R","BOSS","M","?","$","?","M","R","E","R","T","M","?","?","M"],"build_version":"2019-01-23","purchased_purges":1,"victory":false,"max_hp_per_floor":[75,75,75,75,75,75,75,75,75,75,75,75,69,69,69,69,69,69,69,69,69,69,69,69,69,69,69,69,69,69],"card_choices":[{"not_picked":["Coolheaded","Loop"],"picked":"Auto Shields","floor":1},{"not_picked":["Defragment","Barrage"],"picked":"Double Energy","floor":2},{"not_picked":["Coolheaded","Fusion"],"picked":"Streamline","floor":3},{"not_picked":["Consume","Barrage"],"picked":"All For One","floor":4},{"not_picked":["Loop","Barrage","Fusion"],"picked":"SKIP","floor":5},{"not_picked":["White Noise","Cold Snap"],"picked":"Buffer","floor":6},{"not_picked":["Hologram","Redo"],"picked":"Beam Cell","floor":12},{"not_picked":["Barrage","Hologram"],"picked":"Leap","floor":14},{"not_picked":["Rainbow","Multi-Cast"],"picked":"Echo Form","floor":16},{"not_picked":["Stack","Ball Lightning"],"picked":"Leap","floor":18},{"not_picked":["Compile Driver","Rebound+1"],"picked":"Go for the Eyes","floor":22},{"not_picked":["Ball Lightning","Leap"],"picked":"Steam","floor":24},{"not_picked":["Cold Snap","Consume+1"],"picked":"Glacier","floor":27}],"player_experience":161565,"relics_obtained":[{"floor":6,"key":"Symbiotic Virus"},{"floor":9,"key":"Bronze Scales"},{"floor":12,"key":"PreservedInsect"},{"floor":24,"key":"Anchor"},{"floor":24,"key":"Vajra"},{"floor":26,"key":"Girya"}],"event_choices":[{"damage_healed":0,"gold_gain":0,"player_choice":"Fled","damage_taken":0,"max_hp_gain":0,"max_hp_loss":0,"event_name":"Scrap Ooze","floor":8,"gold_loss":0},{"damage_healed":0,"gold_gain":0,"player_choice":"Ignored","damage_taken":0,"max_hp_gain":0,"max_hp_loss":0,"event_name":"Liars Game","floor":10,"gold_loss":0},{"damage_healed":0,"gold_gain":0,"player_choice":"Lose Max HP","damage_taken":0,"relics_obtained":["Golden Idol"],"max_hp_gain":0,"max_hp_loss":6,"event_name":"Golden Idol","floor":13,"gold_loss":0},{"damage_healed":0,"gold_gain":0,"player_choice":"Read","damage_taken":0,"max_hp_gain":0,"max_hp_loss":0,"event_name":"The Library","floor":19,"gold_loss":0,"cards_obtained":["Reinforced Body"]},{"damage_healed":0,"gold_gain":0,"player_choice":"Ignored","damage_taken":0,"max_hp_gain":0,"max_hp_loss":0,"event_name":"Ghosts","floor":21,"gold_loss":0},{"damage_healed":0,"gold_gain":0,"player_choice":"Obtained Relic","damage_taken":0,"relics_obtained":["Shovel"],"max_hp_gain":0,"max_hp_loss":0,"event_name":"Addict","floor":28,"gold_loss":85},{"damage_healed":0,"gold_gain":0,"player_choice":"Trade","damage_taken":0,"relics_obtained":["NlothsMask"],"max_hp_gain":0,"max_hp_loss":0,"event_name":"FaceTrader","floor":29,"gold_loss":0}],"is_beta":false,"boss_relics":[{"not_picked":["Orrery","Snecko Eye"],"picked":"Black Star"}],"items_purged_floors":[20],"is_endless":false,"potions_floor_spawned":[3,5,6,12,24,27],"killed_by":"3 Cultists","ascension_level":2}