{"gold_per_floor":[112,112,127,127,52,52,152,152,220,263,277,296,336,357,357,451,451,472,387,387,462,477,515,534,534],"floor_reached":25,"playtime":1080,"items_purged":["Strike_R"],"score":406,"play_id":"d53af974-e18d-4cf0-8973-87e4e731eea5","local_time":"20181024224248","is_ascension_mode":true,"campfire_choices":[{"data":"Whirlwind","floor":6,"key":"SMITH"},{"data":"Flame Barrier","floor":8,"key":"SMITH"},{"data":"Pommel Strike","floor":15,"key":"SMITH"}],"neow_cost":"PERCENT_DAMAGE","seed_source_timestamp":1261560310568827,"circlet_count":0,"master_deck":["Defend_R","Defend_R+1","Defend_R+1","Defend_R","Bash","AscendersBane","Fiend Fire","Flame Barrier+1","Whirlwind+1","Pommel Strike+1","Spot Weakness","Feed","Bite","Bite","Bite","Bite","Bite","Shrug It Off+1","Sword Boomerang+1"],"relics":["Black Blood","Golden Idol","Mercury Hourglass","Pocketwatch","Dream Catcher","War Paint","Bronze Scales"],"potions_floor_usage":[10,13],"damage_taken":[{"damage":1,"enemies":"Cultist","floor":1,"turns":3},{"damage":0,"enemies":"2 Louse","floor":3,"turns":3},{"damage":25,"enemies":"3 Sentries","floor":10,"turns":8},{"damage":0,"enemies":"Jaw Worm","floor":11,"turns":3},{"damage":0,"enemies":"Gremlin Gang","floor":12,"turns":3},{"damage":8,"enemies":"Lagavulin","floor":13,"turns":4},{"damage":0,"enemies":"2 Fungi Beasts","floor":14,"turns":3},{"damage":11,"enemies":"The Guardian","floor":16,"turns":7},{"damage":32,"enemies":"2 Thieves","floor":18,"turns":4},{"damage":0,"enemies":"Chosen","floor":22,"turns":4},{"damage":47,"enemies":"Slavers","floor":23,"turns":6},{"damage":13,"enemies":"3 Cultists","floor":24,"turns":5},{"damage":33,"enemies":"Book of Stabbing","floor":25,"turns":5}],"seed_played":"2281721178682921303","potions_obtained":[{"floor":1,"key":"SkillPotion"},{"floor":11,"key":"Poison Potion"},{"floor":16,"key":"Swift Potion"},{"floor":18,"key":"BloodPotion"}],"is_trial":false,"path_per_floor":["M","?","M","?","$","R","?","R","T","E","M","M","E","M","R","B",null,"M","?","?","?","M","E","M"],"character_chosen":"IRONCLAD","items_purchased":[],"campfire_rested":0,"item_purchase_floors":[],"current_hp_per_floor":[56,49,55,55,55,55,55,55,55,36,42,48,46,52,52,47,67,45,45,45,40,51,23,29,0],"gold":534,"neow_bonus":"THREE_RARE_CARDS","is_prod":false,"is_daily":false,"chose_seed":false,"campfire_upgraded":3,"win_rate":0,"timestamp":1540413768,"path_taken":["M","?","?","?","$","R","?","R","T","E","M","M","E","?","R","BOSS","M","?","?","?","?","E","?","E"],"build_version":"2018-10-23","purchased_purges":1,"victory":false,"max_hp_per_floor":[80,80,80,74,74,74,74,74,74,74,74,74,74,74,74,74,74,74,74,51,51,51,54,57,57],"card_choices":[{"not_picked":["Berserk","Impervious"],"picked":"Fiend Fire","floor":0},{"not_picked":["Armaments","Thunderclap"],"picked":"Flame Barrier","floor":1},{"not_picked":["True Grit","Sever Soul"],"picked":"Whirlwind","floor":3},{"not_picked":["Sword Boomerang","Infernal Blade"],"picked":"Pommel Strike","floor":10},{"not_picked":["Burning Pact","Hemokinesis","Pommel Strike"],"picked":"SKIP","floor":11},{"not_picked":["Infernal Blade","Iron Wave","Dropkick"],"picked":"SKIP","floor":12},{"not_picked":["Iron Wave","Dark Embrace","Entrench"],"picked":"SKIP","floor":13},{"not_picked":["Cleave","Iron Wave"],"picked":"Spot Weakness","floor":14},{"not_picked":["Brutality","Immolate"],"picked":"Feed","floor":16},{"not_picked":["Havoc","Searing Blow","Pommel Strike"],"picked":"SKIP","floor":18},{"not_picked":["Clash+1","Armaments"],"picked":"Shrug It Off+1","floor":22},{"not_picked":["Bludgeon","Blood for Blood"],"picked":"Sword Boomerang+1","floor":23},{"not_picked":["Shrug It Off","Blood for Blood","Wild Strike"],"picked":"SKIP","floor":24}],"player_experience":397570,"relics_obtained":[{"floor":9,"key":"Mercury Hourglass"},{"floor":10,"key":"Pocketwatch"},{"floor":13,"key":"Dream Catcher"},{"floor":23,"key":"Bronze Scales"}],"event_choices":[{"cards_removed":["Strike_R"],"damage_healed":0,"gold_gain":0,"player_choice":"Card Removal","damage_taken":7,"max_hp_gain":0,"max_hp_loss":0,"event_name":"Golden Wing","floor":2,"gold_loss":0},{"damage_healed":0,"gold_gain":0,"player_choice":"Lose Max HP","damage_taken":0,"relics_obtained":["Golden Idol"],"max_hp_gain":0,"max_hp_loss":6,"event_name":"Golden Idol","floor":4,"gold_loss":0},{"damage_healed":0,"gold_gain":100,"player_choice":"Pray","damage_taken":0,"max_hp_gain":0,"max_hp_loss":0,"event_name":"Golden Shrine","floor":7,"gold_loss":0},{"damage_healed":0,"gold_gain":0,"player_choice":"Obtained Relic","damage_taken":0,"relics_obtained":["War Paint"],"max_hp_gain":0,"max_hp_loss":0,"event_name":"Addict","floor":19,"gold_loss":85},{"damage_healed":0,"gold_gain":0,"player_choice":"Became a vampire","damage_taken":0,"max_hp_gain":0,"max_hp_loss":23,"event_name":"Vampires","floor":20,"gold_loss":0,"cards_obtained":["Bite","Bite","Bite","Bite","Bite"]},{"damage_healed":0,"gold_gain":75,"player_choice":"Touch","damage_taken":5,"max_hp_gain":0,"max_hp_loss":0,"event_name":"FaceTrader","floor":21,"gold_loss":0}],"is_beta":true,"boss_relics":[{"not_picked":["Pandora\u0027s Box","Eternal Feather"],"picked":"Black Blood"}],"items_purged_floors":[5],"is_endless":false,"potions_floor_spawned":[1,11,16,18,24],"killed_by":"Book of Stabbing","ascension_level":13}