{"path_per_floor":["M","M","$","M","M","R","E","M","T","M","M","?","R","?","R","B",null,"M","M","?","M","?","M","M","?","T","R","?","$","E","M","R"],"character_chosen":"IRONCLAD","items_purchased":["Shrug It Off","Sever Soul","Panache","Panacea"],"gold_per_floor":[116,129,34,49,68,68,103,119,191,206,219,219,219,244,244,348,348,360,372,287,307,307,327,338,261,340,340,340,25,58,75,75,75],"floor_reached":33,"campfire_rested":1,"playtime":4051,"current_hp_per_floor":[80,80,80,80,70,70,59,61,61,67,70,54,54,51,51,38,80,55,49,49,47,80,73,36,36,36,60,40,40,25,12,12,0],"items_purged":[],"gold":75,"score":321,"play_id":"031492e6-bf74-4881-884b-a11fc996a5d8","local_time":"20180504002552","is_prod":false,"is_daily":false,"chose_seed":false,"is_ascension_mode":false,"campfire_upgraded":4,"timestamp":1525386352,"path_taken":["M","M","?","?","M","R","E","M","T","M","M","?","R","?","R","BOSS","M","M","?","M","?","M","M","?","T","R","?","?","E","M","R","BOSS"],"build_version":"2018-04-28v2","seed_source_timestamp":18727292042866,"purchased_purges":0,"victory":false,"master_deck":["Strike_R+1","Strike_R","Strike_R","Strike_R","Strike_R","Defend_R","Defend_R","Defend_R","Defend_R","Bash","Armaments+1","Headbutt","Shrug It Off","Sever Soul","Shrug It Off","Infernal Blade+1","Anger+1","Armaments+1","Combust","Thunderclap","Double Tap","Cleave","Anger","Cleave","Body Slam","Cleave","Twin Strike+1","Dropkick","Flex","Shrug It Off+1","Flame Barrier","J.A.X.","Ghostly","Ghostly","Ghostly","Ghostly","Ghostly","Panache","Panacea","Headbutt","Dark Embrace"],"max_hp_per_floor":[80,80,80,80,80,80,80,80,80,80,80,80,80,80,80,80,80,80,80,80,80,80,80,80,80,80,80,40,40,40,40,40,40],"relics":["Burning Blood","Pantograph","Letter Opener","Odd Mushroom","Orrery","Gambling Chip","Toolbox","Blood Vial"],"card_choices":[{"not_picked":["Corruption","Warcry"],"picked":"Armaments","floor":1},{"not_picked":["Anger","Body Slam"],"picked":"Headbutt","floor":2},{"not_picked":["Armaments","Body Slam"],"picked":"Shrug It Off","floor":4},{"not_picked":["Cleave","Ghostly Armor"],"picked":"Infernal Blade","floor":5},{"not_picked":["Demon Form","Armaments"],"picked":"Hemokinesis","floor":7},{"not_picked":["Shrug It Off","Warcry"],"picked":"Anger","floor":8},{"not_picked":["Sever Soul","Dropkick"],"picked":"Armaments","floor":10},{"not_picked":["Metallicize","Pommel Strike"],"picked":"Combust","floor":11},{"not_picked":["Rampage","Berserk"],"picked":"Thunderclap","floor":14},{"not_picked":["Berserk","Feed"],"picked":"Double Tap","floor":16},{"not_picked":["Twin Strike","Thunderclap"],"picked":"Cleave","floor":17},{"not_picked":["Cleave","Fire Breathing"],"picked":"Anger","floor":17},{"not_picked":["Corruption","Searing Blow"],"picked":"Cleave","floor":17},{"not_picked":["Warcry","Reckless Charge"],"picked":"Body Slam","floor":17},{"not_picked":["Warcry","Berserk"],"picked":"Cleave","floor":17},{"not_picked":["Rampage","Body Slam"],"picked":"Twin Strike","floor":18},{"not_picked":["Searing Blow","Battle Trance"],"picked":"Dropkick","floor":19},{"not_picked":["Warcry","Body Slam"],"picked":"Flex","floor":21},{"not_picked":["Warcry","Flex"],"picked":"Shrug It Off","floor":23},{"not_picked":["Dropkick","Anger"],"picked":"Flame Barrier","floor":24},{"not_picked":["Cleave","Anger"],"picked":"Headbutt","floor":30},{"not_picked":["Twin Strike","Thunderclap"],"picked":"Dark Embrace","floor":31}],"player_experience":0,"potions_floor_usage":[7,19,30,30,33,33],"damage_taken":[{"damage":1,"enemies":"Cultist","floor":1,"turns":4},{"damage":4,"enemies":"Small Slimes","floor":2,"turns":5},{"damage":2,"enemies":"2 Louse","floor":4,"turns":2},{"damage":16,"enemies":"Large Slime","floor":5,"turns":13},{"damage":17,"enemies":"Gremlin Nob","floor":7,"turns":4},{"damage":4,"enemies":"3 Louse","floor":8,"turns":4},{"damage":0,"enemies":"Exordium Wildlife","floor":10,"turns":3},{"damage":3,"enemies":"Large Slime","floor":11,"turns":4},{"damage":9,"enemies":"The Mushroom Lair","floor":14,"turns":5},{"damage":44,"enemies":"The Guardian","floor":16,"turns":12},{"damage":31,"enemies":"Shell Parasite","floor":18,"turns":7},{"damage":12,"enemies":"Spheric Guardian","floor":19,"turns":3},{"damage":12,"enemies":"Snecko","floor":21,"turns":5},{"damage":13,"enemies":"3 Cultists","floor":23,"turns":4},{"damage":43,"enemies":"Sentry and Sphere","floor":24,"turns":8},{"damage":21,"enemies":"Book of Stabbing","floor":30,"turns":6},{"damage":21,"enemies":"Snake Plant","floor":31,"turns":6},{"damage":42,"enemies":"Champ","floor":33,"turns":10}],"event_choices":[{"event_name":"Shining Light","player_choice":"Entered Light","floor":12,"damage_taken":0},{"event_name":"Mushrooms","player_choice":"Fought Mushrooms","floor":14,"damage_taken":0},{"event_name":"Addict","player_choice":"Obtained Relic","floor":20,"damage_taken":0},{"event_name":"Bonfire Elementals","player_choice":"UNCOMMON","floor":22,"damage_taken":0},{"event_name":"Drug Dealer","player_choice":"Got JAXXED","floor":25,"damage_taken":0},{"event_name":"Ghosts","player_choice":"Became a Ghost","floor":28,"damage_taken":0}],"boss_relics":[{"not_picked":["Mark of Pain","Velvet Choker"],"picked":"Orrery"}],"potions_floor_spawned":[2,5,8,16,18,23,30],"seed_played":"8571844584187711955","killed_by":"Champ","ascension_level":0,"is_trial":false}