{"gold_per_floor":[410,424,374,57,68,99,129,99,122,122,140,140,153,185,185,286,286,301,113,113,127,127,127,157,167,220,235,254,264,264,281,281,376,376,390,401,401,401,411,411],"floor_reached":40,"playtime":3296,"items_purged":["Strike_B"],"score":445,"play_id":"85b2c338-f715-4607-8b45-afa1738fc305","local_time":"20180628152744","is_ascension_mode":false,"campfire_choices":[{"data":"Strike_B","floor":10.0,"key":"PURGE"},{"data":"Defend_B","floor":12.0,"key":"PURGE"},{"data":"Redo","floor":15.0,"key":"SMITH"},{"data":"Defragment","floor":23.0,"key":"SMITH"},{"floor":30.0,"key":"REST"},{"floor":32.0,"key":"REST"}],"neow_cost":"","seed_source_timestamp":3088126467085,"circlet_count":0,"master_deck":["Strike_B","Defend_B","Defend_B","Defend_B","Zap","Dualcast","Doom and Gloom","Defragment+1","Cold Snap","Loop","Seek","Redo+1","Rainbow","Electrodynamics","Defragment","Genetic Algorithm","Chaos+1","Reprogram+1","Redo+1","Leap+1","Fission","Capacitor","Capacitor","Self Repair"],"special_seed":0,"relics":["Cracked Core","Old Coin","Peace Pipe","Lantern","Tiny Chest","Singing Bowl","Orichalcum","Sozu","Du-Vu Doll","Blood Vial","Busted Crown"],"potions_floor_usage":[],"damage_taken":[{"damage":4.0,"enemies":"2 Louse","floor":1.0,"turns":3.0},{"damage":8.0,"enemies":"Jaw Worm","floor":2.0,"turns":3.0},{"damage":0.0,"enemies":"Small Slimes","floor":5.0,"turns":2.0},{"damage":26.0,"enemies":"3 Sentries","floor":6.0,"turns":6.0},{"damage":0.0,"enemies":"Looter","floor":8.0,"turns":4.0},{"damage":1.0,"enemies":"Lots of Slimes","floor":11.0,"turns":2.0},{"damage":0.0,"enemies":"3 Louse","floor":13.0,"turns":3.0},{"damage":14.0,"enemies":"Lagavulin","floor":14.0,"turns":8.0},{"damage":9.0,"enemies":"The Guardian","floor":16.0,"turns":11.0},{"damage":0.0,"enemies":"Spheric Guardian","floor":18.0,"turns":3.0},{"damage":11.0,"enemies":"2 Thieves","floor":21.0,"turns":2.0},{"damage":22.0,"enemies":"Book of Stabbing","floor":24.0,"turns":4.0},{"damage":19.0,"enemies":"Centurion and Healer","floor":25.0,"turns":4.0},{"damage":21.0,"enemies":"Snake Plant","floor":27.0,"turns":4.0},{"damage":0.0,"enemies":"Snecko","floor":28.0,"turns":4.0},{"damage":8.0,"enemies":"Centurion and Healer","floor":29.0,"turns":4.0},{"damage":5.0,"enemies":"3 Cultists","floor":31.0,"turns":3.0},{"damage":56.0,"enemies":"Champ","floor":33.0,"turns":8.0},{"damage":13,"enemies":"Orb Walker","floor":35,"turns":4},{"damage":14,"enemies":"3 Shapes","floor":36,"turns":3},{"damage":27,"enemies":"Maw","floor":39,"turns":8},{"damage":53,"enemies":"Giant Head","floor":40,"turns":9}],"seed_played":"-2018731599973928950","potions_obtained":[{"floor":1.0,"key":"FearPotion"},{"floor":6.0,"key":"Block Potion"},{"floor":11.0,"key":"Ancient Potion"},{"floor":16.0,"key":"Poison Potion"}],"is_trial":false,"path_per_floor":["M","M","?","$","M","E","?","M","T","R","M","R","M","E","R","B",null,"M","$","?","M","?","R","E","M","T","M","M","M","R","M","R","B",null,"M","M","?","?","M"],"character_chosen":"DEFECT","items_purchased":["Peace Pipe","Cold Snap","Defragment","Genetic Algorithm"],"campfire_rested":2,"item_purchase_floors":[],"current_hp_per_floor":[71,63,63,63,63,37,34,34,34,34,35,35,37,23,23,14,79,81,81,81,70,70,70,48,31,31,14,16,12,38,35,61,7,87,74,64,66,66,41,0],"gold":411,"neow_bonus":"","is_prod":false,"is_daily":false,"chose_seed":false,"campfire_upgraded":2,"win_rate":0,"timestamp":1530192464,"path_taken":["M","M","?","$","M","E","?","M","T","R","M","R","?","E","R","BOSS","M","$","?","M","?","R","E","M","T","M","M","M","R","M","R","BOSS","BOSS","M","M","?","?","?","E"],"build_version":"2018-06-21v2","purchased_purges":1,"victory":false,"max_hp_per_floor":[75,75,75,75,75,75,75,75,75,75,77,77,79,79,79,79,79,81,81,81,81,81,81,81,83,83,85,85,87,87,87,87,87,87,87,89,91,91,91,91],"card_choices":[{"not_picked":["Rebound","Tempest"],"picked":"Doom and Gloom","floor":1.0},{"not_picked":["Turbo","Steam Power"],"picked":"Defragment","floor":2.0},{"not_picked":["Go for the Eyes","Gash"],"picked":"Loop","floor":5.0},{"not_picked":["Consume","Gash"],"picked":"Seek","floor":6.0},{"not_picked":["White Noise","Steam"],"picked":"Redo","floor":8.0},{"not_picked":["Lockon","Genetic Algorithm","Cold Snap"],"picked":"Singing Bowl","floor":11.0},{"not_picked":["Hologram","Streamline","Sweeping Beam"],"picked":"Singing Bowl","floor":13.0},{"not_picked":["Barrage","Rebound"],"picked":"Rainbow","floor":14.0},{"not_picked":["Biased Cognition","Core Surge"],"picked":"Electrodynamics","floor":16.0},{"not_picked":["Stack","Go for the Eyes","Gash"],"picked":"Singing Bowl","floor":18.0},{"not_picked":["Cold Snap+1","Ball Lightning"],"picked":"Chaos+1","floor":21.0},{"not_picked":["Beam Cell","Heatsinks+1"],"picked":"Reprogram+1","floor":24.0},{"not_picked":["Coolheaded","FTL+1","Skim"],"picked":"Singing Bowl","floor":25.0},{"not_picked":["Scrape","Beam Cell","Steam Power"],"picked":"Singing Bowl","floor":27.0},{"not_picked":["Rebound","Beam Cell"],"picked":"Redo+1","floor":28.0},{"not_picked":["Lockon","Turbo","Steam Power"],"picked":"Singing Bowl","floor":29.0},{"not_picked":["Hologram","Stack+1"],"picked":"Leap+1","floor":31.0},{"not_picked":["Buffer","Seek"],"picked":"Fission","floor":33},{"not_picked":[],"picked":"Capacitor","floor":35},{"not_picked":["Beam Cell"],"picked":"Singing Bowl","floor":36},{"not_picked":["Enlightenment"],"picked":"Singing Bowl","floor":37},{"not_picked":[],"picked":"Self Repair","floor":39}],"player_experience":206447,"relics_obtained":[{"floor":6.0,"key":"Lantern"},{"floor":9.0,"key":"Singing Bowl"},{"floor":14.0,"key":"Orichalcum"},{"floor":24.0,"key":"Du-Vu Doll"},{"floor":26.0,"key":"Blood Vial"}],"event_choices":[{"event_name":"The Cleric","player_choice":"Card Removal","floor":3.0,"damage_taken":0.0},{"event_name":"Scrap Ooze","player_choice":"success","floor":7.0,"damage_taken":3.0},{"event_name":"Drug Dealer","player_choice":"Ignored","floor":20.0,"damage_taken":0.0},{"event_name":"Ghosts","player_choice":"Ignored","floor":22.0,"damage_taken":0.0},{"event_name":"SensoryStone","player_choice":"Memory 1","floor":37,"damage_taken":0},{"event_name":"Transmorgrifier","player_choice":"Transform","floor":38,"damage_taken":0}],"boss_relics":[{"not_picked":["White Beast Statue","Lizard Tail"],"picked":"Sozu"},{"not_picked":["Snecko Eye","Coffee Dripper"],"picked":"Busted Crown"}],"items_purged_floors":[],"is_endless":false,"potions_floor_spawned":[1,6,11,16,25,31,33,39],"killed_by":"Giant Head","ascension_level":0}