{"gold_per_floor":[110,120,120,136,86,117,130,130,154,186,203,11,11,25,25,25],"floor_reached":16,"playtime":592,"items_purged":["Strike_B"],"score":162,"play_id":"838c483f-18d2-4e9b-ae93-a34d217f40e8","local_time":"20190131135112","is_ascension_mode":true,"campfire_choices":[{"data":"Dualcast","floor":8,"key":"SMITH"},{"floor":15,"key":"REST"}],"neow_cost":"NONE","seed_source_timestamp":1704967176980463,"circlet_count":0,"master_deck":["Strike_B","Strike_B","Defend_B","Defend_B","Defend_B","Defend_B","Zap+1","Dualcast+1","Coolheaded","Sweeping Beam","Leap","Steam","Leap","Static Discharge","Rebound","Gash","Self Repair","BootSequence"],"relics":["Cracked Core","Bag of Marbles","Omamori","Orichalcum","Juzu Bracelet"],"potions_floor_usage":[7,10,11,14],"damage_taken":[{"damage":0,"enemies":"Cultist","floor":1,"turns":3},{"damage":2,"enemies":"Jaw Worm","floor":2,"turns":4},{"damage":0,"enemies":"2 Louse","floor":4,"turns":2},{"damage":22,"enemies":"3 Sentries","floor":6,"turns":7},{"damage":7,"enemies":"2 Fungi Beasts","floor":7,"turns":6},{"damage":35,"enemies":"Gremlin Nob","floor":10,"turns":5},{"damage":4,"enemies":"Exordium Wildlife","floor":11,"turns":4},{"damage":0,"enemies":"Looter","floor":14,"turns":3},{"damage":30,"enemies":"Slime Boss","floor":16,"turns":8}],"seed_played":"8098996312034498167","potions_obtained":[{"floor":4,"key":"Regen Potion"},{"floor":6,"key":"Energy Potion"},{"floor":10,"key":"Dexterity Potion"},{"floor":11,"key":"Fire Potion"}],"is_trial":false,"path_per_floor":["M","M","?","M","?","E","M","R","T","E","M","$","?","M","R","B"],"character_chosen":"DEFECT","items_purchased":["Gash","Self Repair"],"campfire_rested":1,"item_purchase_floors":[12,12],"current_hp_per_floor":[68,66,54,54,54,32,40,40,40,5,1,1,1,8,30,0],"gold":25,"neow_bonus":"UPGRADE_CARD","is_prod":false,"is_daily":false,"chose_seed":false,"campfire_upgraded":1,"win_rate":0,"timestamp":1548921072,"path_taken":["M","?","?","M","?","E","M","R","T","E","M","$","?","M","R","BOSS"],"build_version":"2019-01-23","purchased_purges":1,"victory":false,"max_hp_per_floor":[75,75,75,75,75,75,75,75,75,75,75,75,75,75,75,75],"card_choices":[{"not_picked":["Cold Snap","Turbo"],"picked":"Coolheaded","floor":1},{"not_picked":["Ball Lightning","Streamline"],"picked":"Sweeping Beam","floor":2},{"not_picked":["Compile Driver","Beam Cell"],"picked":"Leap","floor":4},{"not_picked":["Reinforced Body","Loop"],"picked":"Steam","floor":6},{"not_picked":["Redo","Biased Cognition"],"picked":"Leap","floor":7},{"not_picked":["Storm","Compile Driver"],"picked":"Static Discharge","floor":10},{"not_picked":["Melter","Skim"],"picked":"Rebound","floor":11},{"not_picked":["Leap","Doom and Gloom"],"picked":"BootSequence","floor":14}],"player_experience":699715,"relics_obtained":[{"floor":6,"key":"Omamori"},{"floor":9,"key":"Orichalcum"},{"floor":10,"key":"Juzu Bracelet"}],"event_choices":[{"damage_healed":0,"gold_gain":0,"player_choice":"Success","damage_taken":12,"relics_obtained":["Bag of Marbles"],"max_hp_gain":0,"max_hp_loss":0,"event_name":"Scrap Ooze","floor":3,"gold_loss":0},{"cards_removed":["Strike_B"],"damage_healed":0,"gold_gain":0,"player_choice":"Card Removal","damage_taken":0,"max_hp_gain":0,"max_hp_loss":0,"event_name":"The Cleric","floor":5,"gold_loss":50},{"damage_healed":0,"gold_gain":0,"player_choice":"Searched \u00271\u0027 times","damage_taken":0,"max_hp_gain":0,"max_hp_loss":0,"event_name":"Dead Adventurer","floor":13,"gold_loss":0}],"is_beta":false,"boss_relics":[],"items_purged_floors":[12],"is_endless":false,"potions_floor_spawned":[4,6,10,11],"killed_by":"Slime Boss","ascension_level":9}