{"gold_per_floor":[116,116,66,79,90,90,116,116,116,128,145,43,59,83,83,159,159,172,182,282,282,293,293,305,305,382,401,436,366,366],"floor_reached":30,"playtime":8319,"items_purged":[],"score":482,"play_id":"6f88b00a-537a-4b93-af8b-43b8ed36b696","local_time":"20190125102721","is_ascension_mode":true,"campfire_choices":[{"data":"Zap","floor":6.0,"key":"SMITH"},{"data":"Zap","floor":8.0,"key":"SMITH"},{"data":"Go for the Eyes","floor":15.0,"key":"SMITH"},{"floor":23,"key":"REST"},{"floor":25,"key":"REST"}],"neow_cost":"NONE","seed_source_timestamp":506073038603076,"circlet_count":0,"master_deck":["AscendersBane","Strike_B","Strike_B","Strike_B","Strike_B","Defend_B","Defend_B","Defend_B","Defend_B","Zap+1","Dualcast","FTL","Zap+1","Machine Learning","Hologram","Leap","Streamline","Glacier","BootSequence","Coolheaded","Go for the Eyes+1","Chill","Compile Driver","Electrodynamics","Hologram","Coolheaded+1","Ghostly","Ghostly","Ghostly","Ghostly","Ghostly","Steam+1","Fusion","Capacitor+1"],"special_seed":0,"relics":["Cracked Core","Bag of Preparation","Dead Branch","Dodecahedron","Odd Mushroom","White Beast Statue","Incense Burner","Cables","Meat on the Bone","Peace Pipe","DataDisk"],"potions_floor_usage":[22,27,27],"damage_taken":[{"damage":0.0,"enemies":"2 Louse","floor":1.0,"turns":1.0},{"damage":0.0,"enemies":"Cultist","floor":4.0,"turns":4.0},{"damage":2.0,"enemies":"Jaw Worm","floor":5.0,"turns":3.0},{"damage":8.0,"enemies":"Lagavulin","floor":7.0,"turns":6.0},{"damage":8.0,"enemies":"Blue Slaver","floor":10.0,"turns":2.0},{"damage":1.0,"enemies":"Looter","floor":11.0,"turns":3.0},{"damage":0.0,"enemies":"Exordium Thugs","floor":13.0,"turns":4.0},{"damage":3.0,"enemies":"The Mushroom Lair","floor":14.0,"turns":4.0},{"damage":13.0,"enemies":"Slime Boss","floor":16.0,"turns":8.0},{"damage":2.0,"enemies":"2 Thieves","floor":18.0,"turns":3.0},{"damage":11.0,"enemies":"Spheric Guardian","floor":19.0,"turns":3.0},{"damage":13.0,"enemies":"Colosseum Slavers","floor":20.0,"turns":5.0},{"damage":37.0,"enemies":"Colosseum Nobs","floor":20.0,"turns":5.0},{"damage":0,"enemies":"3 Cultists","floor":22,"turns":6},{"damage":6,"enemies":"Snake Plant","floor":24,"turns":7},{"damage":0,"enemies":"Centurion and Healer","floor":27,"turns":8},{"damage":0,"enemies":"Slavers","floor":28,"turns":6},{"damage":35,"enemies":"Gremlin Leader","floor":30,"turns":8}],"seed_played":"7784147530075477856","potions_obtained":[{"floor":4.0,"key":"PowerPotion"},{"floor":7.0,"key":"Energy Potion"},{"floor":13.0,"key":"Weak Potion"},{"floor":14.0,"key":"SkillPotion"},{"floor":19.0,"key":"LiquidBronze"},{"floor":20.0,"key":"SkillPotion"},{"floor":22,"key":"AttackPotion"},{"floor":27,"key":"Dexterity Potion"},{"floor":28,"key":"Fire Potion"}],"is_trial":false,"path_per_floor":["M","?","$","M","M","R","E","R","T","M","M","$","M","?","R","B",null,"M","M","?","?","M","R","M","R","T","M","E","?","E"],"character_chosen":"DEFECT","items_purchased":["Hologram","Coolheaded","Go for the Eyes"],"campfire_rested":2,"item_purchase_floors":[3,12,12],"current_hp_per_floor":[68,68,68,68,66,66,58,58,58,50,49,49,49,46,46,33,65,63,52,2,2,2,13,7,18,18,30,30,30,0],"gold":366,"neow_bonus":"RANDOM_COMMON_RELIC","is_prod":false,"is_daily":false,"chose_seed":false,"campfire_upgraded":3,"win_rate":0,"timestamp":1548408441,"path_taken":["M","?","?","M","?","R","E","R","T","M","M","$","M","?","R","BOSS","M","M","?","?","M","R","M","R","T","M","E","?","E"],"build_version":"2019-01-23","purchased_purges":0,"victory":false,"max_hp_per_floor":[75,75,75,75,75,75,75,75,75,75,75,75,75,75,75,75,75,75,75,75,37,37,37,37,37,37,37,37,37,37],"card_choices":[{"not_picked":["Hologram","Scrape"],"picked":"FTL","floor":1.0},{"not_picked":["Stack","Sweeping Beam"],"picked":"Leap","floor":4.0},{"not_picked":["Reprogram","Capacitor","Hyperbeam"],"picked":"SKIP","floor":5.0},{"not_picked":["Beam Cell","Hologram"],"picked":"Streamline","floor":7.0},{"not_picked":["Compile Driver","Streamline"],"picked":"Glacier","floor":10.0},{"not_picked":["Leap","Ball Lightning"],"picked":"BootSequence","floor":11.0},{"not_picked":["Rebound","Cold Snap"],"picked":"Chill","floor":13.0},{"not_picked":["Darkness","Undo"],"picked":"Compile Driver","floor":14.0},{"not_picked":["Multi-Cast","Buffer"],"picked":"Electrodynamics","floor":16.0},{"not_picked":["Redo","Compile Driver"],"picked":"Hologram","floor":18.0},{"not_picked":["Sweeping Beam+1","Storm"],"picked":"Coolheaded+1","floor":19.0},{"not_picked":["Sweeping Beam","Recycle","Cold Snap"],"picked":"SKIP","floor":22},{"not_picked":["Stack","Creative AI"],"picked":"Steam+1","floor":24},{"not_picked":["Sweeping Beam","Redo"],"picked":"Fusion","floor":27},{"not_picked":["Heatsinks+1","Redo"],"picked":"Capacitor+1","floor":28}],"player_experience":621461,"relics_obtained":[{"floor":7.0,"key":"Dead Branch"},{"floor":9.0,"key":"Dodecahedron"},{"floor":14.0,"key":"Odd Mushroom"},{"floor":20.0,"key":"Incense Burner"},{"floor":20.0,"key":"Cables"},{"floor":26,"key":"Meat on the Bone"},{"floor":28,"key":"Peace Pipe"}],"event_choices":[{"damage_healed":0.0,"max_hp_gain":0.0,"max_hp_loss":0.0,"gold_gain":0.0,"event_name":"Match and Keep!","player_choice":"2 cards matched","floor":2.0,"gold_loss":0.0,"damage_taken":0.0,"cards_obtained":["Zap","Machine Learning"]},{"damage_healed":0.0,"max_hp_gain":0.0,"max_hp_loss":0.0,"gold_gain":0.0,"event_name":"Mushrooms","player_choice":"Fought Mushrooms","floor":14.0,"gold_loss":0.0,"damage_taken":0.0},{"damage_healed":0.0,"max_hp_gain":0.0,"max_hp_loss":0.0,"gold_gain":0.0,"event_name":"Colosseum","player_choice":"Fight","floor":20.0,"gold_loss":0.0,"damage_taken":0.0},{"damage_healed":0.0,"max_hp_gain":0.0,"max_hp_loss":0.0,"gold_gain":0.0,"event_name":"Colosseum","player_choice":"Fought Nobs","floor":20.0,"gold_loss":0.0,"damage_taken":0.0},{"damage_healed":0.0,"max_hp_gain":0.0,"max_hp_loss":38.0,"gold_gain":0.0,"event_name":"Ghosts","player_choice":"Became a Ghost","floor":21.0,"gold_loss":0.0,"damage_taken":0.0,"cards_obtained":["Ghostly","Ghostly","Ghostly","Ghostly","Ghostly"]},{"damage_healed":0,"gold_gain":0,"player_choice":"Paid Gold","damage_taken":0,"relics_obtained":["DataDisk"],"max_hp_gain":0,"max_hp_loss":0,"event_name":"WeMeetAgain","floor":29,"gold_loss":70}],"is_beta":true,"boss_relics":[{"not_picked":["Fusion Hammer","Runic Pyramid"],"picked":"White Beast Statue"}],"items_purged_floors":[],"is_endless":false,"potions_floor_spawned":[4,7,13,14,16,18,19,20,20,22,24,27,28],"killed_by":"Gremlin Leader","ascension_level":13}